2132 3067
268 869 297 885 cl.

218 897 280 915 Num.
291 898 325 918 2²1,
336 897 347 913 9

209 989 346 1010 estunam

294 1467 355 1490 (117)

381 172 439 200 οῖ’-’4
865 165 1018 192 PLACIDI
1042 162 1217 190 MONACHI
1242 159 1523 188 NONANTULANI

380 271 408 293 (τι
425 261 546 291 <unctis
564 264 664 300 pene³
689 262 772 287 retro
790 254 903 287 seculis
927 253 1081 290 inaudita,
1107 250 1196 282 bellis
1220 257 1251 281 et
1267 249 1479 281 seditionibus
1504 259 1546 279 ex
1562 247 1623 279 hoc
1639 249 1818 288 concitatis,
1842 247 2017 280 humanum

380 323 477 346 :nnus
514 310 703 350 gravissime
741 306 930 338 devastavit.
976 303 1171 334 Monasteria
1206 302 1302 333 etiam
1338 311 1418 342 pene
1453 299 1626 340 destructa,
1663 299 1860 331 aeeclesiaeb
1898 299 2018 332 multae

380 363 531 392 violatae¹
557 367 586 391 et
610 359 784 400 dissipatae
808 363 896 387 sunt:
928 355 1086 397 quaedam
1110 355 1242 394 insuper
1264 351 1438 383 aecclesiae
1468 351 1536 382 sine
1553 357 1683 393 pastore
1705 350 1812 382 multis
1834 351 1926 383 annis
1949 362 2026 393 per»

380 417 570 451 manserunt,
595 410 701 452 quodc
725 414 835 439 contra
859 417 996 438 canones
1021 416 1090 436 esse
1115 403 1434 435 manifestissimumd
1458 408 1514 434 est.
1566 402 1694 434 Nullam
1719 403 1804 434 enim
1827 401 2018 434 aecclesiam

378 465 455 494 sacri
481 468 636 493 canone-5²
661 461 732 502 plus
756 460 856 490 tribus
874 457 1036 489 mensibus
1060 458 1126 487 sine
1144 464 1271 498 pastore
1295 466 1365 486 esse
1383 455 1582 496 permittunt.
1628 453 1738 485 Multis
1762 454 1860 485 etiam
1882 454 1915 486 in
1939 454 2018 486 loeis

379 514 503 557 quidam
536 513 686 544 laicorum
716 511 764 542 vel
795 511 982 541 feminarum
1015 510 1046 539 in
1077 514 1199 539 tantum
1231 506 1395 538 aecclesiis
1424 505 1580 537 dominati
1612 512 1700 545 sunt,
1737 504 1883 537 dieentes
1914 516 1948 537 se
1977 505 2019 536 ab

379 564 624 607 imperatoribus
641 562 813 594 aecclesias
830 561 1019 602 suscepisse,
1044 565 1078 590 ut
1101 560 1239 597 omniae²
1265 557 1349 589 unde
1365 557 1514 588 monachi
1538 555 1589 587 vel
1605 555 1713 587 clerici
1728 557 1840 589 vivere
1855 556 2018 597 deberent,

378 617 521 648 tollentes
551 616 582 645 in
606 626 681 645 usus
711 624 784 644 suos
807 623 1003 654 suorumque
1026 611 1166 642 fidelium
1193 610 1387 651 delegarent.
1423 609 1463 640 Et
1487 607 1564 651 quid
1589 607 1713 639 multa?
1749 608 1910 640 Deficiet?
1931 609 2016 640 enim

378 669 467 699 nobis
497 667 579 698 dics.
611 667 637 697 si
664 671 781 696 cuncta
804 665 943 695 seriatim
976 662 1139 694 revolvere
1162 661 1358 692 voluerimus
1388 671 1470 703 quae
1499 659 1558 691 hac
1591 661 1761 692 occasione
1791 665 1917 702 patatra
1944 664 2020 692 sunt

377 719 468 750 mala.
515 718 603 749 Haec
634 718 731 758 igitur
759 722 822 747 tam
853 725 1013 757 perversa,
1044 720 1078 745 ut
1109 713 1262 752 diximus,
1291 713 1316 743 si
1349 713 1543 743 sanctissimi
1572 716 1679 754 patres
1709 711 1899 754 apostolicis
1928 722 2018 754 prae-

376 776 552 809 noscerent,
583 776 656 800 ante
683 774 815 798 mortem
846 767 1010 808 eligerent,
1040 775 1134 807 quam
1167 764 1241 795 huic
1269 765 1315 795 rei
1342 775 1510 795 assensum
1535 762 1736 806 praeberent.
1795 763 1881 803 Quid
1910 769 2017 795 autem

377 824 502 858 mirum,
532 822 558 851 si
583 820 727 850 moderni
752 826 859 860 patres
891 819 950 848 hoc
980 828 1043 848 non
1068 815 1306 858 praeviderunt,
1338 815 1512 858 quoniamh
1536 820 1568 846 et
1597 819 1728 846 sanctus
1752 814 1914 857 Moyses³,
1943 826 2017 847 cum

376 885 437 915 quo
463 874 550 903 Deus
574 872 655 902 faeie
679 871 718 902 ad
742 871 854 902 faciem
880 868 1080 911 loquebatur,
1104 874 1285 909 serpentem
1310 878 1456 906 aeneum,
1483 877 1578 909 quem
1602 867 1634 897 in
1658 866 1784 898 deserto
1807 866 2018 908 exaltaverat,

376 927 405 955 in
430 922 634 955 tabernaculo
659 922 796 964 reliquit,
821 932 915 963 quem
939 926 1051 962 postea
1074 919 1213 961 populus
1237 919 1375 950 adorans
1398 929 1458 961 pro
1483 918 1554 950 Deo
1578 918 1714 950 colebat.
1750 917 1855 958 Quem
1878 929 2016 951 errorem

375 976 539 1006 destruere
563 975 671 1005 volens
696 973 851 1005 Ezechias
882 983 939 1004 rex
963 983 1026 1002 non
1049 972 1181 1011 veritus,
1209 972 1285 1013 quia
1309 971 1438 1013 Moyses
1460 969 1600 1002 famulus
1622 970 1756 1002 Domini
1787 981 1859 1002 eum
1888 971 2018 1010 fecerat,

375 1027 429 1058 sed
454 1027 558 1068 potius
590 1032 752 1067 reputans,
784 1026 859 1067 quia
888 1029 1000 1055 contra
1028 1022 1226 1054 voluntatem
1251 1022 1313 1054 Dei
1340 1022 1480 1064 populus
1509 1033 1582 1054 eum
1606 1021 1830 1068 venerabatur,
1859 1022 2019 1064 confregit

375 1090 445 1109 eum
470 1085 501 1109 et
523 1077 653 1119 populo,
678 1082 713 1108 ut
730 1077 834 1107 Deum
858 1075 1014 1113 adoraret,
1039 1075 1113 1116 quia
1138 1085 1194 1105 sua
1218 1075 1335 1105 virtute
1351 1073 1499 1116 patribus
1523 1073 1660 1106 salutem
1675 1073 1818 1115 dederat,
1841 1075 2018 1117 praecepit.

375 1130 476 1160 simili
501 1131 608 1171 itaque
632 1128 726 1159 inodo
756 1128 806 1158 ini
841 1129 999 1169 praesenti
1031 1138 1064 1158 re
1094 1125 1254 1167 agendum
1286 1132 1343 1157 est.
1389 1126 1565 1168 Postquam
1595 1126 1681 1157 enim
1711 1131 1856 1168 pastores
1886 1131 2018 1158 sanetae

374 1180 546 1212 aecclesiae
570 1181 628 1211 hac
651 1180 817 1210 occasione
841 1185 928 1210 tanta
952 1177 1033 1209 mala
1050 1178 1227 1220 perpetrari
1253 1184 1462 1219 cognoscunt,
1486 1177 1641 1208 radicitus
1663 1176 1799 1209 evellere
1822 1176 1882 1209 hoc
1898 1177 2016 1209 malum

378 1244 432 1274 per
462 1233 567 1262 omnia
596 1231 722 1262 debent.
776 1230 950 1261 Eradicare
981 1236 1086 1261 autem
1116 1229 1202 1260 istud
1234 1230 1365 1260 minime
1389 1235 1534 1271 possunt,
1564 1229 1590 1260 si
1621 1229 1766 1261 investiri
1794 1227 1969 1261 aecclesias
1999 1240 2019 1262 a

376 1283 584 1322 secularibus,
623 1283 718 1314 etiam
752 1282 843 1313 valde
878 1281 1047 1322 religiosis,
1082 1282 1296 1324 permiserint.
1352 1281 1423 1312 Non
1458 1282 1648 1323 permittant
1682 1281 1790 1322 igitur,
1824 1280 1879 1313 sed
1913 1281 2018 1323 magis

375 1336 562 1366 aecclesiam
592 1334 654 1366 Dei
692 1334 797 1364 sensui
829 1333 1046 1375 apostolorum
1085 1339 1266 1364 sanctorum
1301 1338 1332 1364 et
1359 1333 1565 1375 antiquorum
1597 1338 1725 1375 patrum
1756 1332 1958 1364 conformare
1986 1338 2020 1364 et

375 1386 545 1416 adiuvante
568 1386 669 1427 gratia
694 1386 832 1426 Spiritus
857 1386 957 1416 sancti
982 1385 1147 1416 instituere
1171 1385 1340 1416 verissime
1364 1383 1522 1416 studeant.

377 1457 528 1489 CXVIII.
571 1457 850 1492 Exhortatio&
887 1464 927 1488 ut
959 1459 995 1487 in
1026 1457 1125 1489 bono
1166 1457 1271 1499 quod
1301 1462 1461 1498 ceptum
1493 1462 1555 1488 est
1591 1462 1904 1498 perseveretur,
1939 1467 2018 1488 ma-

377 1510 450 1539 lum
483 1520 579 1539 vero
611 1508 851 1539 omnimodis
883 1508 1142 1547 emendetur,
1172 1509 1226 1539 et¹
1253 1507 1297 1539 de
1321 1513 1480 1540 statere
1509 1509 1549 1538 in
1573 1519 1643 1539 ore
1672 1509 1804 1551 piscis
1834 1509 2017 1540 invento.

481 1569 603 1599 Summi
628 1576 658 1600 et
682 1570 874 1600 universales
898 1570 1066 1611 pontifices
1087 1570 1264 1611 Gregorius
1282 1568 1354 1603 VII,
1378 1575 1409 1600 et
1431 1568 1583 1600 Urbanus
1601 1569 1641 1600 ΙΙ.
1665 1565 1769 1612 atque¹
1784 1568 1958 1602 Pascalis¹²²
1974 1569 2018 1601 II.

376 1620 520 1650 videntes
550 1628 593 1651 tot
622 1628 652 1651 et
683 1627 769 1652 tanta
794 1620 889 1659 mala,
920 1632 1002 1663 quae
1032 1621 1172 1652 breviter
1201 1621 1470 1659 enumeravimus,
1500 1620 1540 1652 de
1570 1621 1761 1654 investitura
1789 1621 2017 1653 aecclesiarum

376 1671 492 1702 veludn
515 1683 554 1702 ex
579 1673 717 1702 toxicata
742 1672 847 1703 radice
870 1672 1040 1714 pullulare,
1073 1674 1115 1704 ita
1139 1679 1173 1704 ut
1196 1674 1258 1704 iam
1277 1683 1358 1715 pene
1385 1678 1487 1704 totum
1513 1683 1630 1715 corpus
1650 1672 1826 1705 aecclesiae
1848 1673 1938 1716 lepra
1960 1673 2019 1704 ini-

376 1724 506 1765 quitatis
531 1723 748 1764 perfunderet,
781 1724 952 1756 iustissime
977 1724 1205 1766 synodalibus⁰
1229 1724 1361 1766 synodis
1385 1723 1599 1756 decreverunt
1621 1725 1830 1757 investituras
1852 1723 2021 1757 aecclesia-

375 1786 442 1805 rum
468 1775 596 1805 minime
622 1775 699 1805 fieri.
745 1775 838 1814 Quod
869 1782 983 1817 agente
1007 1777 1110 1818 gratia
1134 1777 1194 1807 Dei
1226 1777 1257 1807 in
1282 1783 1392 1807 sancta
1422 1775 1581 1808 aecclesia
1612 1776 1769 1808 custodiri
1800 1781 1832 1808 et
1855 1777 2018 1819 opservari

376 1826 580 1856 devotissime
609 1832 766 1868 ceperatv.
813 1828 855 1858 At
878 1839 962 1859 nunc
987 1828 1116 1870 quidam
1154 1839 1242 1859 more
1266 1828 1350 1859 leziq
1382 1828 1430 1859 vel
1455 1829 1607 1870 Symonis
1630 1848 1669 1852 —
1693 1839 1829 1871 quorum
1853 1827 1933 1860 alter
1954 1827 2017 1860 Dei

375 1879 510 1916 cratian]
536 1879 669 1909 mercari
694 1877 803 1917 voluit,
835 1879 913 1910 alter
937 1881 968 1910 in
992 1881 1139 1922 proprios
1171 1891 1247 1910 usus
1271 1880 1397 1911 trahere
1423 1899 1457 1903 —
1485 1880 1570 1923 quod
1594 1880 1676 1913 bene
1699 1886 1824 1923 gestum
1855 1886 1904 1912 est
1927 1879 2017 1911 dissi-

375 1940 448 1970 pare
479 1929 619 1960 volentes
647 1929 807 1961 affirmant
839 1930 898 1961 hoc
928 1932 995 1963 iure
1026 1931 1155 1973 regibus
1187 1938 1385 1973 competere,
1417 1938 1451 1964 ut
1481 1931 1653 1964 aecclesias
1683 1932 1866 1973 investiant,
1895 1931 2019 1963 scilicet

376 1982 449 2022 quia
479 1992 568 2011 sacro
597 1979 664 2011 oleo
689 1982 775 2011 uncti
800 1987 904 2015 sunt-¹.
936 1994 998 2013 non
1023 1984 1274 2024 reminiscentes,
1305 1984 1381 2025 quia
1404 1990 1533 2015 sanctus
1559 1983 1666 2015 David
1695 1995 1785 2016 sacro
1811 1982 1880 2015 oleo
1903 1988 2019 2016 unctus

484 2066 508 2083 ιι)
532 2068 618 2092 poene
638 2060 663 2084 Ιι.
678 2060 694 2084 l.
716 2060 790 2084 132³.
884 2063 912 2087 bi
930 2066 955 2087 et
976 2063 1040 2087 eccl-
1062 2062 1120 2087 Ba.
1216 2063 1241 2088 εἰ
1263 2063 1333 2095 quod
1356 2076 1387 2081 —
1411 2067 1451 2088 est
1470 2063 1524 2088 des.
1545 2063 1607 2089 Bl.
1697 2063 1726 2090 d)
1747 2063 1918 2089 manifestum
1938 2060 2018 2088 Bab.

376 2114 398 2129 v»
423 2114 499 2129 omne
518 2106 575 2130 15¹2.
642 2106 663 2130 ft
685 2107 807 2131 deficient
830 2107 890 2132 ΒΞ.
958 2109 987 2140 ς)
1008 2113 1034 2133 et
1054 2113 1139 2141 apost.
1163 2109 1185 2133 B
1197 2110 1220 2134 2.
1288 2109 1313 2141 h)
1339 2110 1444 2142 quando
1467 2110 1490 2135 B
1504 2107 1543 2134 Ξῖ).
1610 2111 1631 2136 ii
1651 2110 1722 2136 decet
1742 2110 1768 2134 Β
1781 2110 1806 2134 2.
1874 2109 1902 2141 k)
1925 2109 2018 2135 titulun

375 2152 443 2175 ule-ce*
460 2151 482 2174 li
497 2153 517 2175 l.
575 2152 591 2176 li
616 2153 694 2176 ctiam
716 2157 811 2177 statere
828 2153 851 2177 Β
863 2151 902 2178 2¹³.
960 2154 997 2179 m]
1018 2155 1155 2179 Paschalis
1170 2155 1195 2179 B
1207 2155 1230 2180 ¹2.
1286 2162 1315 2180 nt
1331 2156 1401 2180 velut
1417 2156 1442 2181 Β
1454 2157 1477 2181 2.
1537 2157 1562 2189 o)
1585 2157 1635 2182 sin.
1651 2156 1676 2182 Β
1689 2158 1711 2181 1.
1768 2156 1796 2189 p)
1820 2158 1929 2190 ceperat
1941 2154 2017 2180 ΒΞ..

376 2207 390 2227 q
425 2198 481 2226 gezi
504 2197 574 2220 132⁵.

379 2263 496 2296 plurima
524 2264 659 2290 scandala
683 2270 780 2291 exorta
807 2286 812 2291 .
838 2287 843 2292 .
870 2277 892 2295 .:
917 2267 1061 2300 Gelesridi
1090 2269 1203 2296 vindoc.
1231 2268 1332 2303 Opnsc.
1350 2270 1402 2302 II',
1431 2273 1501 2305 Upp.
1526 2271 1568 2298 ed.
1592 2270 1735 2297 Sir-mend.
1752 2270 1816 2304 III,
1839 2270 1892 2297 col·
1917 2269 1977 2296 890
1993 2272 2019 2296 el

377 2314 470 2347 afr-a,-
497 2315 671 2341 Humlwrtum
698 2317 754 2349 ΙΙΙ,
780 2326 801 2344 e.
823 2318 867 2350 15»,
893 2318 910 2343 I.
928 2319 946 2345 1,
969 2328 998 2353 p.
1016 2320 1091 2345 2113:
1115 2319 1240 2346 Proinde
1266 2321 1417 2347 attendant
1442 2321 1520 2348 bella
1543 2325 1671 2355 externa,
1696 2321 1855 2348 seditiones
1877 2320 2016 2354 internas,

378 2370 490 2395 gentoni
509 2375 593 2399 super
614 2371 736 2399 gentoni„
761 2376 879 2402 regnum
904 2374 1003 2396 contra
1028 2379 1156 2405 regnum.
1181 2375 1274 2398 terrae
1299 2376 1392 2399 motus
1409 2382 1528 2409 magnos
1551 2382 1605 2408 per
1626 2373 1701 2407 loca,
1725 2377 1852 2400 terrores
1875 2371 1911 2399 de
1935 2371 2016 2399 caelo

379 2421 403 2439 vi
438 2421 630 2449 tempsanus.
662 2418 842 2452 pestiivntins
866 2424 893 2446 et
917 2421 1016 2450 fames,
1048 2431 1121 2457 quae
1153 2423 1214 2450 sinc
1244 2423 1457 2451 intermissione
1488 2424 1661 2452 christianos
1691 2423 1866 2452 conturbant
1892 2426 1942 2451 etc.
1983 2423 2016 2451 S.

385 2468 391 2491 1
428 2467 515 2491 ΙΝΜἙ
532 2469 608 2501 quat,
623 2471 658 2493 v1⁴1
674 2470 815 2502 llrtslanrm
828 2481 856 2504 [ι.
869 2473 942 2498 6⁴6:
955 2473 1093 2499 Videmus
1107 2483 1221 2509 quoque
1236 2475 1356 2501 miseros
1373 2476 1528 2510 episcopos
1545 2481 1573 2503 et
1591 2475 1714 2503 abbates
1729 2483 1784 2502 nec
1800 2474 1890 2502 ruinis
1906 2483 2017 2502 morum

379 2526 430 2542 nvn·
455 2526 596 2544 murorum
622 2519 784 2546 retici-*ndis
808 2522 882 2548 velle
906 2524 949 2549 vol
974 2533 1061 2558 posse
1084 2534 1197 2555 vacare,
1233 2527 1263 2553 S.
1357 2527 1386 2561 2)
1413 2527 1456 2560 Cf.
1484 2528 1566 2554 Conc.
1592 2528 1759 2555 Chalcedon.
1783 2536 1807 2554 c.
1825 2527 1884 2560 25‚·
1906 2525 2015 2560 Hesele,

380 2570 630 2602 ⁴('nn1-1'0'1'rnsyrsrl1j
652 2572 691 2601 ΙΙ,
714 2573 836 2606 1›‚55.‘⁴'»;
862 2584 884 2600 ν.
912 2576 1065 2601 lteusdrdit
1088 2577 1151 2603 Lib.
1176 2581 1271 2604 eontra
1295 2578 1386 2605 ini-as.
1411 2579 1435 2610 J,
1459 2581 1473 2611 ἓ
1493 2580 1538 2611 10,
1563 2589 1650 2614 supra
1669 2589 1701 2614 p.
1719 2578 1790 2606 309-
1818 2578 1849 2607 S.
1917 2577 1947 2613 3)
1971 2577 2016 2611 Cf-

378 2629 461 2652 ⁵¹‘Pr0
487 2630 509 2647 ''-
529 2621 575 2647 139,
643 2623 671 2646 ’Ἡ
697 2623 739 2654 tjr‘.
758 2626 886 2657 firmarii
906 2626 1098 2659 besem-*abnam
1120 2629 1301 2655 orthodoxam
1324 2639 1411 2664 supra
1424 2639 1454 2664 p.
1473 2631 1549 2656 538:
1571 2630 1644 2657 Nam
1667 2637 1752 2665 reges
1775 2632 1805 2657 et
1825 2629 2017 2664 imperatores

379 2675 496 2704 proptor
525 2680 632 2697 sacrani
664 2674 824 2699 unctionem
850 2675 946 2701 christi
979 2684 1182 2713 nuncupantur
1212 2683 1240 2705 et
1268 2680 1309 2706 sic
1339 2689 1455 2707 suorum
1487 2681 1647 2708 ministerio
1670 2681 1716 2708 vel
1747 2679 1844 2708 officio
1867 2679 1929 2707 sive
1949 2687 2015 2715 pre·

379 2721 485 2746 latione
518 2724 701 2749 sat-rauwutis
732 2725 871 2751 =·1···1‹·sin‹·
903 2732 967 2753 sunt
990 2729 1070 2756 uniti.
1101 2734 1131 2756 ut
1154 2730 1182 2756 in
1206 2730 1285 2758 nullo
1312 2731 1437 2758 debeant
1461 2733 1606 2767 separari3
1645 2733 1770 2759 Wt'donis
1792 2732 1825 2760 L.
1849 2732 1884 2759 de
1906 2735 2016 2759 contro-

379 2774 468 2797 vrrnin
496 2773 683 2800 liridi-bramis·
706 2780 727 2798 rr
755 2778 888 2804 lirim-ivi,
923 2780 1020 2805 ljhvlli
1045 2782 1066 2808 Ι.
1088 2792 1117 2815 p.
1136 2782 1214 2808 401:
1245 2783 1375 2817 quamvis
1405 2791 1454 2810 rex
1487 2792 1503 2809 a
1533 2791 1653 2810 numero
1684 2783 1823 2811 laicorum
1853 2782 1956 2810 merito
1985 2781 2015 2809 in

379 2823 538 2849 huiusmodi
569 2832 726 2859 separetur.
759 2837 819 2852 cuni
855 2830 918 2854 olm
951 2832 1176 2859 consecrationis
1206 2833 1338 2860 inunctus
1372 2834 1561 2861 sacerdotalis
1591 2835 1743 2862 ministerii
1771 2834 1920 2869 particeps
1949 2841 2015 2861 08⁵0

379 2881 570 2902 mugnus-citur.

2037 723 2066 742 1⁰

2038 980 2065 1000 15

2038 1237 2065 1258 20

2037 1521 2065 1540 25

2037 1787 2066 1808 ³0

2036 2327 2101 2347 (⁰¹
