2132 3067
77 730 105 750 1⁰

71 986 104 1007 1⁵

74 1243 102 1263 20

75 1548 103 1568 85

76 1809 105 1830 80

77 2065 113 2090 ³5,

78 2365 107 2392 40

579 168 601 194 Ι.
641 168 692 194 DE
716 167 1019 196 INCONTINENTIA
1044 170 1309 199 SACERDOTUM.
1732 174 1766 203 19

124 258 256 298 insuper
286 254 451 296 originalis
482 256 514 286 in
544 255 738 297 baptismate
769 258 892 298 peccati
923 257 1017 299 plena
1047 259 1202 299 remissio,
1226 260 1342 302 quod³,
1368 263 1442 303 quia
1466 273 1514 293 me
1539 264 1653 294 mutire
1679 265 1765 294 nefas

124 314 182 348 est,
204 308 236 338 in
261 306 376 337 scrobe
399 306 526 338 tamenb
551 306 697 347 infodis¹,
720 318 922 350 nequaquam
947 309 1014 340 sine
1038 308 1189 350 legitimis
1214 312 1332 352 nuptiis
1356 319 1446 343 exc-'²
1471 315 1554 344 omni
1579 312 1668 355 parte
1693 314 1767 355 legi-

123 360 201 391 tima
224 357 369 400 procedit
391 358 583 400 procreatio.
630 357 776 397 Qualiter
805 359 865 389 hoc
893 360 943 399 sit,
971 359 1020 391 fac
1049 360 1223 402 periclum-“¹
1256 362 1294 393 de
1326 369 1422 394 temet
1445 365 1524 405 ipso,
1554 366 1628 406 quia
1660 366 1766 396 huius-

124 411 209 442 mo'di
232 414 366 452 propter
389 420 476 440 meos
500 409 746 441 consacerdotes
771 409 1006 441 dissimulatum
1031 412 1069 442 iri
1093 412 1250 444 desidero.
1296 413 1379 445 Sed*
1408 422 1512 446 autem
1544 427 1583 446 ne
1611 422 1640 448 te
1663 417 1765 448 defru-

123 461 222 494 dare‘¹
250 460 362 492 videar
392 471 432 491 ex
455 465 532 501 toto,
563 471 649 501 cave,
677 472 717 493 ne
741 461 845 492 saltim
870 462 1007 503 capiaris
1032 463 1061 493 in
1086 474 1164 495 uno:
1197 465 1350 506 quicquid
1382 467 1463 496 enim
1496 469 1642 498 convenit
1673 470 1765 510 parti,

123 513 274 546 convenit
296 517 328 543 et
351 512 418 543 toti.

228 564 281 595 De
303 563 373 604 hoc,
398 562 484 605 quod
507 562 585 594 mihi
610 563 816 605 rescripsisti,
840 574 927 594 meas
950 563 1057 595 literas
1081 565 1162 596 male
1186 571 1327 597 tornatas
1351 578 1428 607 esse,
1454 569 1630 608 reticerem,
1655 571 1678 599 si
1704 560 1765 600 non

123 627 231 647 coram
255 616 335 646 meis
360 615 590 656 compatriotis,
614 614 724 645 nescio
749 625 811 656 qua
835 625 942 653 causa,
967 627 1017 646 me
1040 620 1104 646 tam
1129 617 1265 657 turpiter
1288 617 1489 650 dehonestari
1514 631 1587 660 egre
1612 620 1766 651 tulissem.

123 667 197 707 Qua
219 667 259 698 de
282 677 315 697 re
339 666 413 697 licet
437 666 540 707 magis
564 667 665 707 ipsius
690 677 801 696 sensus
824 666 1002 706 intentioni,
1032 677 1128 708 quam
1157 669 1360 709 pompaticae
1388 671 1554 711 positionis
1578 673 1765 713 proprietati

123 720 156 750 in
178 718 250 757 illis,
274 717 545 760 quemadmodum
569 717 601 748 in
625 718 704 757 istis,
728 717 895 757 inhiarem,
919 723 983 748 tam
1009 718 1033 748 si
1051 719 1273 750 universaliter
1295 721 1575 762 non'reprehense‚
1601 723 1655 754 sed
1672 724 1767 764 parti-

123 769 276 801 culariter
298 769 338 815 ad
363 780 450 800 meas
474 778 587 800 manus
610 769 752 801 redirent
774 774 893 810 puncto
918 770 1125 811 proscriptae,
1149 776 1203 801 aut
1226 782 1284 812 pro
1305 783 1399 813 posse
1417 773 1573 812 defensas,
1595 774 1645 804 vel
1662 785 1765 806 emen-

124 821 215 853 datas
248 820 308 852 tibi
340 821 550 851 remitterem:
584 821 633 851 sin
668 826 785 859 autem,
820 821 949 852 dextras
985 820 1090 851 dando
1125 826 1198 852 tuae
1232 822 1425 853 cavillationi
1459 835 1580 855 morem
1611 836 1764 866 gererem.

125 873 154 904 O
182 871 325 914 lepidum
357 872 491 914 caput!⁵
522 883 618 914 quam
650 871 813 913 eleganter
845 873 935 914 quasi
965 872 1137 914 providens
1166 884 1236 904 meo
1267 873 1389 913 honori,
1421 875 1446 904 si
1477 886 1564 906 meae
1588 882 1702 914 essent,
1726 876 1765 906 ad

123 923 362 967 cumulandum*
384 934 490 954 meum
519 923 659 955 dedecus
690 923 930 966 percunctando
961 923 1126 955 dubitasti.
1173 924 1235 954 Va!
1268 924 1417 955 callidum
1449 925 1636 956 consilium6
1669 932 1767 967 tuum,

123 976 264 1007 amicum
287 975 335 1006 sic
358 974 519 1006 retrahere
543 975 575 1005 in
599 976 816 1017 precipitium.
855 975 889 1006 Si
913 980 1019 1006 autem
1046 980 1074 1006 te
1097 981 1258 1018 ex‘aequo
1282 977 1511 1016 convenissem,
1536 985 1605 1008 tuas
1631 977 1768 1009 carbone

125 1028 248 1059 notari⁷
271 1026 397 1068 dignas,
421 1032 451 1058 te
475 1026 506 1056 in
529 1026 561 1058 id
584 1027 662 1057 mihi
686 1027 868 1058 consentire
891 1038 932 1058 ex
956 1038 1073 1068 magna
1096 1033 1185 1068 parte
1209 1026 1443 1069 compellerem,
1468 1029 1492 1058 si
1522 1039 1630 1060 earum
1654 1029 1768 1069 thesin,

123 1078 372 1118 distinctionem,
403 1077 718 1119 subdistinctionem,
750 1078 896 1109 mediave
927 1078 976 1109 vel
1007 1078 1168 1120 periodos,
1197 1078 1276 1119 cola,
1306 1084 1336 1110 et
1367 1085 1534 1119 commate,
1566 1080 1651 1122 quod
1675 1079 1767 1112 absit.

123 1141 231 1162 carere
254 1130 490 1172 perspicerem;
514 1130 576 1160 nisi
599 1130 630 1160 in
655 1135 778 1161 tantum
803 1130 1013 1172 opprobrium
1044 1129 1147 1160 malae
1171 1131 1360 1161 tornationis
1392 1142 1507 1172 rugosa
1535 1131 1637 1163 fronte
1662 1131 1766 1162 obstu-

121 1192 299 1224 pescerem.
345 1181 378 1212 Si
402 1181 566 1212 enimvero
590 1181 623 1212 in
647 1181 710 1212 tuis
735 1181 834 1212 literis
859 1181 1085 1223 macrologiam
1111 1192 1206 1223 quam
1230 1193 1306 1223 sepe
1331 1182 1509 1213 solesceree
1533 1194 1676 1223 caveres,
1704 1194 1766 1213 non

123 1244 173 1265 me
195 1233 288 1276 quasi
311 1232 526 1264 silicernium⁸
549 1233 688 1264 temeref
713 1233 744 1263 in
769 1233 883 1264 faciem
908 1233 1049 1264 cederes.
1093 1232 1197 1264 Habe.

791 1325 1024 1368 [EPISTOLA
1049 1325 1100 1369 V.]

124 1377 371 1420 Superioris
394 1376 633 1419 aepistolae
657 1383 916 1408 retractatus
941 1384 979 1407 et
1002 1388 1098 1418 sepe
1122 1377 1214 1408 triti
1239 1376 1418 1418 capituli
1442 1375 1766 1417 inrefragabilis

756 1428 1142 1460 anathematismus.

228 1490 359 1522 Domno
383 1489 523 1521 Alboino
555 1490 586 1520 in
615 1488 893 1531 templo'Domini
925 1501 986 1519 non
1018 1489 1131 1520 idonee
1162 1499 1273 1519 nemus
1298 1488 1455 1530 plantanti
1480 1487 1680 1531 Mei-ualdus]
1705 1498 1767 1518 non
1800 1499 1805 1514 ι

121 1540 268 1572 fabulosa
290 1541 461 1573 verborum
484 1541 592 1580 folia⁹,
617 1541 672 1572 sed
697 1541 871 1572 sententias
896 1540 1100 1571 indubitabili
1124 1541 1259 1572 veritate
1283 1540 1447 1571 subnixas.

228 1588 379 1634 Acceptis
401 1591 501 1624 literis
524 1604 542 1623 a
565 1597 621 1623 tua
664 1592 864 1624 fraternitate
888 1593 964 1623 mihi
990 1592 1195 1632 transmissis,
1219 1591 1339 1634 aliquid
1364 1592 1395 1622 iu
1421 1592 1466 1622 eis
1490 1591 1629 1632 reperire
1647 1590 1767 1621 deside-

122 1644 203 1683 ravi,
226 1643 313 1686 quod
336 1649 367 1675 et
389 1645 532 1675 animum
557 1655 664 1676 meum
690 1644 731 1675 ob
747 1644 897 1675 iniuriam
914 1644 1008 1674 tuaes
1032 1645 1147 1685 prioris
1170 1643 1326 1686 epistolae
1348 1643 1461 1674 merito
1479 1648 1671 1673 commotum
1689 1642 1768 1671 miti-

123 1700 224 1737 garet,
247 1700 343 1737 teque
359 1695 464 1727 saltim
476 1702 489 1723 ἕ
504 1695 611 1738 aliquo
629 1695 822 1726 defensionis
840 1695 944 1726 colore
968 1695 1007 1726 de
1030 1702 1093 1726 tam
1111 1696 1292 1737 perniciosa
1316 1694 1513 1736 blasphemia
1530 1704 1658 1735 quoquo
1675 1692 1767 1723 modo

124 1752 330 1789 expurgaret.
377 1746 440 1778 Sed
469 1747 566 1778 eheu!
598 1747 676 1778 nihil
708 1747 888 1778 huiusmodi
920 1747 950 1777 in
981 1747 1100 1777 eisdem
1126 1747 1224 1779 literis
1248 1747 1390 1777 invenire
1414 1746 1512 1787 potui,
1543 1745 1661 1786 quippe
1686 1754 1768 1784 quae

123 1799 165 1831 ad
188 1797 350 1830 cumulum
374 1799 490 1840 prioris
514 1799 650 1830 iniuriae
674 1810 760 1830 meas
783 1799 890 1830 literas
914 1798 1000 1829 nulla
1016 1799 1138 1829 ratione
1154 1797 1299 1828 adhibita
1316 1797 1426 1827 dicunt
1449 1796 1628 1835 maledicas,
1653 1805 1768 1835 meque

126 1850 265 1893 priorem
289 1850 415 1881 iniuriis
439 1850 626 1889 con'citasse,
651 1855 749 1892 teque
773 1849 816 1881 nil
840 1849 1105 1880 contumeliosum
1138 1848 1215 1879 mihi
1246 1848 1365 1879 dixisse
1396 1853 1517 1879 tantum
1544 1847 1766 1888 pronunciant.

124 1913 186 1933 non
209 1902 319 1944 aliqua
341 1901 470 1933 saltimg
498 1901 679 1933 ratiuncula
708 1901 856 1943 probant.
902 1902 1066 1940 Quantum
1098 1905 1204 1931 autem
1235 1900 1312 1930 baec
1338 1910 1444 1930 earum
1471 1899 1692 1940 pronunciatio
1717 1897 1767 1927 de-

125 1954 225 1985 vieta
241 1964 327 1993 vero,
349 1953 427 1984 nulli
451 1954 547 1984 etiam
573 1953 671 1984 idiote
694 1952 814 1991 latebit,
840 1954 893 1995 qui
918 1953 1084 1994 utriusque
1107 1958 1250 1983 nostrum
1281 1949 1430 1992 epistolas
1454 1949 1621 1989 diligenter
1640 1959 1766 1990 perspe-

125 2006 218 2037 xerit.
261 2005 371 2037 Prima
400 2005 484 2036 enim
514 2004 661 2046 epistola,
692 2015 787 2046 quam
819 2005 876 2036 tibi
908 2004 947 2035 de
977 2005 1035 2034 hac
1063 2009 1172 2034 nostra
1201 2003 1367 2044 questione
1397 2002 1566 2039 transmisi,
1590 2006 1620 2030 te
1643 2005 1764 2030 tantum

125 2067 182 2098 per
203 2057 386 2088 testimonia
408 2062 593 2088 sanctorum
619 2062 743 2098 patrum
769 2057 854 2086 tamf
878 2055 1014 2087 fideliter
1037 2060 1066 2086 et
1090 2054 1191 2095 amice
1216 2054 1398 2095 premonuit
1419 2052 1458 2083 de
1481 2051 1622 2082 cavendo
1639 2050 1766 2081 anathe-

125 2112 220 2148 mate,
251 2114 285 2140 ut
316 2119 375 2139 nec
406 2112 440 2139 tu
462 2109 531 2150 ipse
553 2107 675 2150 aliquid
707 2108 739 2138 in
763 2118 800 2138 ea
822 2108 1006 2148 reperisses,
1039 2105 1123 2147 quod
1154 2110 1227 2136 tuae
1256 2104 1345 2136 litere
1375 2104 1478 2135 saltim
1507 2103 1641 2133 alicuius
1672 2102 1766 2133 offen-

125 2160 214 2191 sione
236 2159 369 2202 dignum
392 2159 471 2190 mihi
496 2164 630 2201 possent
653 2160 800 2201 probare.
842 2160 929 2197 Quot
952 2162 1058 2188 autem
1084 2156 1311 2198 blasphemias,
1336 2167 1430 2197 quam
1455 2154 1647 2193 inhonestas,
1672 2164 1766 2194 quam

125 2212 322 2253 perniciosas
350 2222 409 2252 pro
438 2211 497 2241 hac
528 2210 750 2242 benevolentia
775 2210 850 2243 mihi
875 2210 1094 2251 rescripsisses
1124 2208 1243 2239 referre
1271 2207 1380 2248 pudet,
1412 2218 1484 2237 cum
1516 2206 1595 2237 adeo
1620 2205 1766 2236 faeteant.

125 2268 160 2294 ut
189 2263 239 2294 vel
267 2263 398 2294 inimico
429 2261 508 2294 tales
539 2262 655 2293 inferre
685 2273 747 2292 non
783 2261 904 2294 deceat.
950 2259 1100 2292 Secunda
1130 2270 1206 2290 vero
1236 2269 1307 2290 mea
1338 2258 1473 2300 epistola
1501 2262 1609 2287 contra
1639 2255 1771 2295 casdem·

235 2369 261 2399 a)
285 2368 406 2400 quodque
427 2376 469 2392 me
489 2367 520 2393 G.
597 2367 624 2398 b)
646 2370 701 2392 tum
721 2367 822 2392 infodio
845 2366 876 2391 G.
953 2368 979 2393 c)
1001 2373 1054 2390 non
1075 2373 1106 2389 ex
1127 2373 1151 2389 o.
1172 2373 1197 2396 p.
1220 2365 1244 2389 3.
1315 2363 1341 2393 d)
1363 2362 1481 2386 defraud.
1504 2363 1551 2387 (1'.:
1571 2363 1604 2392 ρι’.
1622 2370 1650 2392 p.
1665 2361 1687 2390 7,
1710 2369 1734 2383 n.
1750 2359 1766 2383 f.

127 2413 152 2445 e)
165 2408 288 2446 sortituri
307 2413 446 2446 leyendum
464 2414 588 2438 silescere
609 2421 717 2437 caveres
738 2413 792 2437 scil⁴
814 2420 927 2437 curares.
1003 2411 1024 2439 f)
1046 2411 1116 2435 deese
1137 2411 1168 2434 G.
1240 2410 1265 2440 g]
1290 2418 1356 2433 corr.
1378 2397 1471 2432 saltein
1494 2408 1605 2439 niyrlore
1627 2411 1719 2430 atram.
1742 2406 1765 2427 3.

234 2511 261 2545 1)
279 2511 323 2544 Cf.
337 2511 412 2539 Pers.
431 2512 492 2538 Sat.
511 2512 534 2544 I,
548 2511 616 2538 119.
635 2511 701 2538 1‘20.
770 2511 797 2544 Ξῖ)
814 2504 870 2541 'Qui
886 2510 1005 2537 codicem
1020 2508 1277 2535 Sclllettstadensem
1295 2506 1416 2540 scripsit,
1434 2505 1523 2531 nescio
1540 2514 1574 2529 (ιη
1594 2512 1680 2529 rocem
1697 2502 1766 2527 ‘non'

128 2571 162 2589 ea
176 2566 263 2588 mente
279 2563 430 2595 addiderit,
447 2563 522 2596 quod
532 2563 754 2596 presbyterorum
766 2562 843 2595 filios
860 2561 995 2595 lesyz'cz'mos
1011 2569 1068 2585 esse
1091 2558 1218 2590 credidit,
1243 2557 1378 2591 imprimis
1402 2566 1459 2582 cum
1478 2557 1557 2581 etiam
1576 2555 1707 2580 ,tlbm'mss
1724 2562 1766 2579 GUS

126 2622 181 2640 non
197 2623 230 2640 ex
251 2614 325 2640 omni
339 2614 448 2648 quidem
462 2617 555 2648 parte,
579 2616 700 2640 attamen
717 2613 917 2647 quodammodo
933 2611 1069 2645 leuitimos
1081 2614 1195 2644 putasse
1212 2609 1349 2635 videatur.
1409 2608 1437 2631 31
1458 2607 1518 2633 Ter.
1536 2606 1616 2631 l’lzor.
1633 2605 1661 2637 1',
1677 2606 1702 2635 S,
1717 2604 1765 2629 40.

79 2670 110 2690 4⁶
129 2664 159 2699 4)
181 2665 236 2691 His
258 2665 349 2692 verbis
371 2665 465 2691 dicere
488 2665 604 2697 videtur,
628 2665 653 2691 si
671 2665 830 2690 Rernaldus
852 2663 1011 2697 illegitimas
1030 2661 1130 2694 fucrit,
1154 2661 1250 2686 mullos
1274 2659 1355 2685 etiam
1380 2659 1450 2684 alios
1473 2657 1586 2683 clericos
1610 2656 1766 2689 illeqitz‘mos

123 2714 225 2751 fuisse,
241 2717 443 2750 quodpropter
458 2717 667 2743 consacerdotes
681 2725 745 2742 snos
760 2715 935 2741 dissimulari
951 2714 1063 2740 mar-ult.
1096 2712 1154 2742 Qua
1170 2712 1231 2737 inre
1247 2714 1335 2736 autem
1353 2710 1516 2735 ssscrmazm
1533 2708 1597 2733 inde
1613 2706 1765 2737 canifera-it,

128 2767 303 2794 Bernaldum
319 2767 375 2793 iam
391 2770 463 2800 tunc,
487 2777 534 2794 seu
551 2777 624 2793 anno
646 2767 733 2794 1076.
751 2767 844 2800 fuisse
860 2765 1030 2797 monachum,
1055 2773 1096 2789 me
1106 2762 1194 2797 suffit.
1259 2762 1287 2795 εἰ)
1315 2761 1374 2787 Ter.
1393 2761 1444 2786 Ad.
1468 2759 1496 2791 Γ,
1515 2760 1541 2785 9.
1560 2758 1586 2784 9.
1655 2756 1683 2791 6)
1704 2757 1764 2782 Τι’ν.

127 2817 198 2844 And.
215 2818 274 2852 Ill,
289 2818 316 2852 4,
332 2819 380 2845 10.
448 2818 476 2852 7)
493 2818 569 2845 Pers.
584 2818 645 2846 Sat.
663 2817 772 2850 V‚107.
837 2818 866 2850 8)
887 2817 948 2842 Ter.
963 2816 1015 2841 Ad.
1032 2815 1058 2847 1⁷,
1074 2816 1100 2847 ⁴2,
1116 2814 1166 2840 45.
1223 2814 1251 2847 9)
1269 2813 1313 2837 Iule
1326 2810 1472 2837 comoediis
1485 2808 1634 2841 (Terentii)
1647 2810 1764 2840 sumptu.

1503 2862 1535 2886 3*

1839 1498 1889 1518 ‚2²1.

1902 1498 1936 1518 83.
