2132 3067
612 155 729 182 LIBER
752 157 803 182 DE
826 157 983 184 HONORE
1005 158 1220 185 ECCLESIAE.
1679 156 1740 186 585

96 249 220 284 sanus²‚
251 243 437 284 omnisqueb
467 250 578 274 sancta
600 245 742 282 sinodus,
774 245 939 276 dixerunt:
975 247 1049 278 Non
1078 248 1149 278 licet
1172 248 1269 279 laicis
1293 259 1394 289 neque
1418 248 1495 280 ullis
1514 249 1740 289 principibus,

96 296 243 338 quamvis
271 293 447 336 religiosis,
475 297 642 326 statuendi
670 297 706 326 in
736 297 890 328 aecclesia
915 298 1030 328 habere
1054 299 1199 340 aliquam
1222 304 1420 340 potestatem,
1452 311 1550 342 neque
1575 300 1740 340 defacvl-

95 347 214 378 tatibus
237 346 487 377 aecclesiasticis
512 347 645 388 aliquid
664 348 865 388 disponendi
889 350 939 379 ius
964 349 1079 380 habere
1102 356 1249 390 possunt.
1286 351 1421 392 Ideoque
1438 351 1524 381 lianc
1541 353 1737 392 scripturam

93 398 217 429 nullius
246 399 395 428 momente⁴
425 409 490 428 esse
521 398 736 429 decernimus.
787 399 828 429 Et
859 402 1008 441 quamvis
1040 402 1172 442 quidam
1204 404 1351 442 episcopi
1383 404 1414 432 in
1448 414 1485 433 ea
1519 402 1739 442 interfuerint,

65 464 78 483 5
94 449 216 481 nullius
245 449 371 480 roboris
395 454 450 488 est,
478 450 558 490 quia
583 455 696 480 contra
720 461 832 480 sacros
855 463 996 482 canones
1020 463 1084 482 esst:
1109 453 1433 488 mun{festissimum⁶
1458 459 1511 484 est.
1557 454 1631 484 Ideo
1655 455 1739 484 enim

95 501 271 533 ordinatur
294 501 478 541 episcopuS,
509 505 543 530 nt
572 512 654 542 quae
684 501 860 532 aecclesiae
889 507 964 532 sunt
994 503 1050 532 svb
1082 515 1163 534 cura
1188 516 1249 534 sna
1274 505 1399 535 Imbuat.
1446 506 1610 536 Emere-(tri
1634 511 1737 536 autem

93 558 120 584 et
143 552 188 583 ad
209 552 343 583 irritum
359 551 478 582 deduci
501 552 587 582 lianc
610 553 821 592 scripturam,
845 554 943 584 etiam
967 555 996 584 si
1020 555 1134 595 aliqua
1158 557 1258 595 possit
1281 556 1453 586 subsistere
1474 559 1611 596 ¹ratione,
1636 558 1739 587 modis

94 604 239 636 omnibus
268 605 304 634 in
335 602 513 644 synodalz'd
545 609 701 634 conventu.
734 604 913 645 oportebat,
948 617 986 634 ne
1019 606 1053 635 in
1085 606 1263 646 caecmlslzrm
1297 613 1476 638 remaneret
1502 609 1739 648 praesumendi

93 655 300 698 quz'buslibete
317 655 413 686 laicis
434 656 583 695 quamvis
600 654 764 696 religiosis
789 656 834 686 vel
854 656 1042 696 potentibus
1068 657 1098 686 in
1119 669 1310 698 quacunque
1335 659 1464 688 civitate
1488 660 1625 700 quolibet
1650 660 1739 690 modo

48 720 73 739 ιο
93 707 221 750 aliquid
245 707 415 738 decernere
439 706 477 737 de
501 707 752 737 aecclesiasticis
765 707 1001 747 facultatibus,
1031 719 1170 749 quarum
1196 709 1273 740 solis
1298 710 1517 741 sace7·(l‹:›tz'l)us
1542 712 1739 752 disponendi

91 760 273 790 indiscusse
305 770 324 788 a
358 758 424 788 Deo
456 769 539 788 cura
570 759 740 788 commissa
773 759 915 789 [locetur.
969 758 1010 789 Et
1041 759 1301 801 subscripserunt
1333 761 1565 801 Symmacliuss
1595 774 1678 804 papa
1708 769 1738 793 et

91 810 348 851 archiepiscopis
370 815 434 840 tres
458 814 489 840 et
512 808 566 839 alii
590 810 733 850 episcopi
757 820 890 840 numero
916 809 1038 841 LXVh.

91 889 267 920 XXXVII.
303 888 413 920 Dei-'²²
437 900 499 930 eo,
530 889 623 930 quia.
652 888 699 919 ab
724 888 926 919 electione
956 889 1201 930 pontificum
1232 901 1304 920 non
1335 898 1602 932 segregantur
1632 894 1736 933 prin<

618 941 748 981 cipes,
779 941 846 970 sed
878 951 897 970 a
927 940 1208 975 dominatione,

46 1005 72 1025 ιο
193 991 286 1023 Nunc
314 992 378 1023 ista
399 992 634 1032 considerate&
662 992 846 1023 karissimi¹
872 991 997 1032 fratres,
1027 993 1080 1034 qui
1105 1004 1162 1023 nos
1187 992 1423 1034 reprehendere
1447 994 1554 1025 soletis
1579 995 1736 1026 dict-utos:
1757 1007 1796 1030 Ex
1818 1008 1929 1031 ratione.

88 1044 268 1084 ‘Quomodo
291 1054 355 1074 non
379 1054 490 1075 omnes
512 1042 690 1075 aecclesiae
715 1050 848 1085 propter
871 1049 1014 1075 terrenas
1038 1055 1088 1075 res
1106 1055 1184 1086 quas
1210 1044 1376 1085 possident
1398 1044 1439 1075 ad
1462 1045 1547 1076 illum
1567 1048 1735 1087 pertinent,

89 1097 140 1127 cui
163 1096 267 1127 omnis
297 1101 382 1127 terra
405 1094 551 1126 subiecta
574 1095 644 1126 est‘?
690 1095 743 1127 Si¹
769 1096 854 1126 enim
884 1095 1024 1137 populus
1053 1097 1084 1127 in
1115 1096 1270 1126 electione
1294 1097 1432 1137 pastoris
1461 1096 1573 1128 adesse
1605 1104 1634 1129 et
1664 1109 1736 1129 con-

86 1149 204 1179 sentire
228 1146 334 1187 debet,
359 1152 478 1190 quanto
503 1147 605 1189 magis
630 1148 804 1189 imperator
828 1147 880 1178 vel
901 1147 1095 1189 p1·incipes⁷‘?
1140 1148 1190 1178 De
1207 1147 1323 1189 quibus
1340 1148 1445 1178 verbis
1462 1148 1555 1180 valde
1572 1150 1735 1180 miramur.

85 1199 150 1231 Nos
167 1199 252 1231 enim
277 1199 317 1230 ab
334 1198 490 1230 electione
508 1199 698 1241 pontificum
716 1210 778 1229 non
796 1210 1005 1241 segregamus
1022 1200 1196 1241 principeS,
1221 1199 1276 1230 sed
1303 1200 1388 1231 hocm
1410 1200 1558 1235 dicimus,
1583 1202 1657 1242 quia
1674 1201 1734 1242 ipsi

41 1261 68 1281 ὀ
85 1262 142 1283 sua
164 1251 309 1293 potentia
332 1261 395 1281 non
418 1251 537 1282 debent
561 1256 708 1292 pastores
733 1252 765 1282 in
788 1250 966 1282 aeeclesian
989 1251 1124 1289 mittere,
1149 1262 1253 1292 neque
1277 1252 1477 1283 investiendo
1500 1263 1604 1294 neque
1627 1251 1734 1294 aliquo

85 1304 180 1335 modo
204 1303 412 1341 dominando,
442 1302 497 1333 sed
520 1303 624 1343 magis
654 1304 815 1333 communi
844 1302 1023 1334 electione⁰
1047 1302 1239 1333 clericorum
1269 1310 1300 1334 et
1327 1309 1508 1335 consensup
1533 1303 1734 1345 populorum,

86 1356 239 1386 maiorum
254 1354 376 1385 scilicet
392 1359 423 1385 et
439 1355 609 1392 minorum,
627 1355 709 1385 inter
726 1365 805 1396 quos
820 1354 972 1386 videlicet
987 1360 1074 1385 tama
1090 1365 1183 1395 reges
1201 1365 1295 1396 quam
1307 1360 1317 1374 f
1335 1356 1500 1397 principes
1517 1363 1735 1395 numerantur,

88 1426 123 1431 -
147 1408 179 1438 in
202 1407 248 1437 eis
271 1407 460 1437 dumtaxatS
478 1406 651 1445 aecclesiis,
676 1417 811 1448 quarum
829 1406 1002 1448 specialius
1018 1406 1074 1437 filii
1091 1405 1286 1447 deputantur
1304 1426 1340 1430 —-
1366 1407 1511 1448 pontifex
1535 1407 1609 1448 eligi
1632 1407 1736 1438 debet.

88 1457 150 1489 Ubi
173 1459 351 1500 imperator
371 1457 423 1488 vel
446 1458 514 1488 eius
538 1459 710 1500 princeps‘
734 1469 798 1489 non
824 1459 908 1490 sicut
930 1458 1079 1489 dominus
1102 1457 1216 1488 adesse
1241 1457 1346 1495 debet,
1370 1459 1425 1489 sed
1449 1459 1532 1489 sicut
1554 1458 1647 1490 filius.

41 1521 66 1540 25
464 1510 503 1540 A.
1322 1510 1358 1543 B.

128 1561 218 1601 Quae
242 1560 356 1592 electio
381 1560 457 1592 dum
482 1561 635 1592 canonice
662 1561 749 1593 facta
771 1562 878 1603 fuerit,
983 1561 1076 1600 Quae
1107 1560 1243 1592 electiou
1274 1561 1351 1592 dum
1382 1561 1489 1593 taliter
1516 1561 1602 1593 facta
1631 1562 1736 1599 fuerit,

84 1624 153 1645 eam
177 1615 352 1655 imperator
375 1613 502 1644 firmare
526 1614 557 1644 in
582 1618 706 1644 tantum
731 1613 836 1655 debet,
942 1614 1100 1643 canonica
1134 1618 1182 1644 est
1221 1619 1252 1645 et
1293 1613 1417 1654 gratiae
1455 1614 1555 1644 sancti
1596 1613 1735 1655 Spiritus

940 1669 1117 1706 reputatur.
1172 1664 1263 1703 Quae
1302 1676 1378 1695 vero
1417 1666 1559 1706 potentia
1598 1665 1736 1696 humana

940 1717 1122 1757 contigerit,
1153 1717 1277 1757 gratiae
1302 1715 1464 1757 spirituali
1496 1717 1654 1747 contraria
1678 1722 1734 1747 est.

40 1777 67 1797 so
940 1767 1139 1799 Canonicam
1168 1768 1277 1810 itaque
1302 1767 1486 1798 electionem
1512 1768 1680 1809 religiosus
1704 1774 1735 1798 et

938 1820 1012 1861 pius
1036 1821 1213 1862 imperator
1237 1819 1386 1850 firmarev
1418 1820 1448 1849 in
1479 1825 1602 1850 tantum
1628 1819 1733 1857 debet,

86 1875 130 1909 ut,
152 1871 178 1901 si
203 1871 275 1913 quis
299 1876 410 1902 eontra
433 1882 503 1902 eam
528 1869 650 1912 aliquid
674 1871 892 1912 temptaverit,
917 1872 1013 1902 etiam
1037 1871 1146 1913 gladio
1169 1871 1326 1902 materiali
1350 1871 1606 1912 persequendum
1633 1876 1733 1913 putet.

86 1921 179 1961 Quod
211 1922 331 1954 faciens
363 1922 505 1953 officium
531 1933 622 1953 suum
651 1923 710 1953 rite
737 1921 894 1964 implebit.
939 1922 1017 1954 Ideo
1049 1924 1133 1954 enim
1165 1924 1234 1954 eius
1263 1922 1390 1964 gladius
1420 1923 1451 1952 in
1479 1922 1635 1953 aecclesia
1666 1934 1734 1964 per-

86 1974 202 2004 missus
230 1979 278 2005 est
308 1985 392 2014 esse,
424 1978 460 2005 ut
490 1975 543 2016 qui
575 1974 719 2016 gladium
752 1973 950 2016 spiritualem
980 1986 1044 2006 non
1075 1975 1188 2006 timent
1218 1975 1331 2005 timore
1361 1973 1535 2005 materialis
1564 1973 1662 2014 gladii
1693 1975 1732 2005 ad

38 2035 65 2055 ⁵5
85 2025 243 2056 iusticiam
272 2031 473 2058 revocentur.
518 2026 596 2057 Ideo
626 2032 657 2057 et
681 2026 840 2057 Dominus
869 2025 1053 2067 apostolisw
1077 2026 1158 2057 duos
1188 2025 1312 2067 gladios
1342 2037 1374 2056 se
1404 2025 1524 2056 habere
1554 2025 1733 2057 dicentibus

84 2077 140 2108 ait:
165 2077 257 2109 Satis
280 2082 344 2118 est5
368 2077 400 2108 id
424 2082 473 2109 est
495 2078 613 2109 sufficit
635 2077 738 2118 vobis,
760 2089 904 2109 asserere
928 2079 1089 2109 iusticiam
1113 2078 1273 2119 spirituali
1297 2084 1326 2108 et
1349 2076 1506 2108 materiali
1530 2077 1648 2118 gladio.
1753 2090 1898 2114 Luc.22‚38.

307 2156 503 2188 XXXVIII.
539 2157 652 2196 Quae
683 2158 738 2188 sit
768 2158 969 2189 canonica
998 2159 1313 2199 episcoporumx
1344 2156 1506 2187 electio.

191 2208 281 2247 Quae
297 2213 404 2239 autem
429 2209 471 2239 sit
485 2210 641 2240 canoniea
663 2208 787 2250 electio,
811 2210 959 2252 quamvis
975 2209 1159 2251 plenissime
1183 2211 1245 2239 iam
1265 2208 1602 2246 demonstraverimus,
1626 2214 1733 2239 tamen
1753 2217 1793 2241 Ex
1814 2218 1943 2242 rationes.

86 2260 204 2292 etiamz
232 2264 387 2291 statutum
418 2260 522 2291 sancti
551 2260 664 2292 Niceni
695 2260 840 2301 concilii,
872 2261 957 2303 quod
990 2266 1142 2303 operante
1172 2260 1382 2292 Constantino
1415 2259 1607 2300 imperatore
1636 2264 1668 2290 et
1695 2270 1732 2291 eo

40 2355 68 2374 40
203 2339 229 2378 *)
257 2342 436 2376 Admonitio,
460 2346 493 2368 ut,
515 2342 591 2370 bene
615 2343 796 2379 intelligatur
820 2344 897 2378 quod
922 2343 1057 2377 dicimusg
1085 2352 1143 2369 non
1168 2343 1243 2369 enim
1268 2342 1303 2367 ab
1329 2341 1473 2368 electione
1497 2341 1665 2376 pontificum
1690 2350 1732 2368 se-

255 2402 409 2430 gregamus
432 2394 590 2429 principes,
614 2395 665 2421 sed
689 2404 706 2421 a
729 2395 928 2422 dominatione
952 2398 984 2423 A.

197 2463 224 2492 a)
245 2463 322 2488 sirac.
341 2461 374 2488 A.
469 2463 499 2495 b)
520 2465 605 2488 omnis
626 2465 706 2488 etiam
726 2464 758 2489 A.
853 2464 879 2495 c)
901 2464 1071 2488 manifestum
1093 2463 1152 2486 151.
1248 2462 1275 2494 d)
1295 2463 1345 2486 sin.
1366 2461 1398 2486 A.
1499 2467 1526 2493 e)
1548 2463 1681 2494 quaelibet
1701 2463 1732 2487 A.

87 2509 109 2541 f)
129 2510 215 2534 simm.
235 2508 272 2540 A;
293 2517 358 2541 sym.
380 2509 439 2534 ΒΞ,
505 2510 533 2541 g)
555 2513 588 2534 tr.
608 2510 678 2534 arch.
701 2510 733 2534 A.
799 2510 827 2539 h)
848 2510 924 2534 LXII
944 2509 975 2534 A.
1042 2509 1063 2536 ἰ)
1085 2508 1176 2532 titulus
1196 2508 1265 2532 deest
1286 2508 1311 2532 Β
1324 2510 1346 2533 1.
1423 2508 1453 2540 k)
1475 2509 1677 2533 considerantes
1697 2508 1734 2538 A;

87 2558 112 2579 te
127 2556 181 2580 loco
195 2564 256 2580 raso
271 2555 297 2580 Β
310 2556 332 2580 l.
389 2554 411 2587 l)
432 2555 462 2580 sr.
477 2556 533 2580 kar.
549 2556 574 2580 Β
587 2557 609 2580 1.
669 2556 706 2587 m)
721 2564 774 2580 nou
790 2556 853 2581 add.
869 2556 893 2580 Β
908 2558 929 2579 1.
987 2556 1014 2585 n)
1036 2555 1073 2579 sic
1087 2555 1179 2584 codd.‚·
1200 2554 1342 2579 ecelesiam
1357 2554 1381 2578 Β
1394 2551 1435 2579 2¹¹.
1494 2556 1521 2584 ο)
1542 2555 1686 2579 consilio
1700 2556 1733 2579 A.

41 2607 68 2627 45
87 2601 117 2633 p)
137 2601 206 2626 deest
226 2600 259 2627 A.
344 2600 372 2633 q)
393 2610 442 2626 om.
463 2601 489 2626 B
502 2599 544 2627 2¹³.
627 2602 652 2633 r)
673 2605 700 2627 et
720 2600 796 2627 1321).
891 2603 912 2632 s)
937 2601 1038 2626 scilicet
1058 2601 1090 2624 A.
1184 2600 1207 2631 t)
1227 2601 1359 2632 principes
1380 2600 1412 2625 A.
1506 2607 1535 2625 ui
1556 2601 1650 2631 electio
1671 2600 1697 2624 B
1710 2602 1732 2623 1.

87 2646 115 2679 v)
135 2647 268 2672 formare?
287 2647 364 2672 BQa.
439 2650 474 2678 w)
495 2648 567 2673 deest
586 2647 612 2672 B
626 2649 647 2672 1.
723 2649 750 2679 x)
773 2649 843 2673 deest
859 2648 897 2677 A,·
918 2648 950 2672 el.
972 2648 1052 2679 episc.
1073 2643 1150 2670 [5212.
1225 2648 1253 2678 y)
1273 2646 1312 2670 ita
1324 2645 1361 2674 A,·
1381 2647 1447 2671 ratio
1469 2645 1502 2671 B.
1579 2648 1602 2677 z)
1627 2650 1651 2670 et
1672 2645 1696 2670 Β
1709 2646 1732 2670 2.

196 2716 223 2751 1)
248 2716 294 2750 Cf.
313 2716 430 2745 orthod.
447 2717 504 2750 def.
527 2726 614 2752 supra
634 2727 666 2752 p.
684 2717 762 2744 538:
784 2717 860 2751 Ergo
885 2716 908 2742 si
931 2715 1048 2750 plebem
1072 2715 1117 2742 vel
1140 2715 1279 2750 populum
1303 2715 1331 2740 in
1352 2715 1483 2750 episcopi
1508 2719 1623 2749 oportet
1647 2715 1732 2741 inter-

89 2774 152 2793 esse
183 2767 377 2801 ordinatione,
408 2771 516 2802 quanto
545 2769 637 2804 magis
666 2772 756 2803 eaput
785 2767 881 2802 plebis
911 2767 940 2793 id
971 2771 1015 2793 est-
1042 2766 1204 2801 principem
1234 2775 1292 2793 non
1323 2766 1459 2793 convenit
1486 2766 1609 2793 abesse?
1653 2767 1732 2792 leon.

90 2817 202 2847 Carnot.
225 2819 304 2854 epist.
328 2819 367 2846 ad
389 2819 536 2854 Huqonem
559 2820 701 2855 Luydun„
724 2819 815 2853 infra.
849 2819 881 2846 S.

160 2873 255 2898 Libelli
276 2873 309 2898 de
328 2874 382 2900 lite.
415 2874 451 2899 H.
1467 2873 1499 2896 74
