2132 3067
319 144 381 175 250
751 145 800 170 DE
823 143 994 170 UNITATE
1017 142 1222 169 ECCLESIAE
1245 142 1539 169 CONSERVANDA.

316 235 514 267 divideretur
537 234 641 264 unitas
665 243 900 274 perversorum,
932 242 1005 262 cum
1036 241 1099 262 non
1131 236 1240 273 posset
1270 242 1328 273 per
1351 230 1554 272 disciplinam
1586 230 1631 261 rei
1660 229 1807 261 militaris
1830 229 1965 261 emolliri

317 287 433 318 duritia
458 288 623 316 Saxonum
649 284 699 315 vel
723 283 863 315 rescindi
886 284 1022 314 societas
1046 282 1296 324 Thuringorum.
1349 281 1440 313 Sicut
1463 283 1546 312 enim
1571 293 1641 313 esse
1665 282 1800 312 noxium
1824 280 1915 321 solet,
1939 282 1964 312 si

317 340 422 369 unitas
446 338 528 369 desit
552 336 654 376 bonis,
678 337 722 366 ita
745 335 960 377 perniciosum
985 340 1043 373 est,
1068 335 1095 364 si
1119 345 1181 365 non
1205 333 1289 365 desit
1308 333 1408 364 malis.
1448 333 1621 364 Perversos
1639 334 1761 376 quippe
1777 334 1884 364 unitas
1900 343 1966 364 cor-

315 390 454 423 roborat.
486 389 562 419 dum
588 386 772 426 concordat,
804 392 835 418 et
863 392 951 418 tanto
976 386 1079 427 magis
1104 384 1353 427 incorrigibiles,
1383 392 1503 427 quanto
1535 386 1704 416 unanimes
1735 385 1819 416 facit.
1871 384 1965 416 Unde

171 428 295 483 ῃζξῦῗοιῐὶ),
316 442 410 472 etiam
437 439 555 471 Paulus
587 440 790 480 conspiciens
819 438 1035 480 perniciosam
1069 437 1130 468 sibi
1163 448 1234 468 esse
1264 437 1417 468 unitatem
1450 437 1673 478 reproborum,
1703 436 1846 468 dividere
1877 441 1966 467 curat

315 493 443 524 turbam
464 491 695 522 saducaeorum
719 496 750 521 et
773 489 1024 532 pharisaeorum,
1049 494 1208 530 cumquea
1232 489 1263 519 in
1289 489 1369 519 duas
1393 495 1501 530 partes
1517 487 1777 519 tumultuantium
1795 487 1966 519 multitudo

316 544 479 582 dividitur,
503 543 531 574 ei
555 543 607 573 via
631 542 806 584 ereptionis
828 542 979 583 aperitur,
1004 541 1088 582 quia,
1112 551 1207 582 quem
1225 539 1320 572 turba
1337 540 1599 582 persequentium
1616 540 1705 570 unita
1721 540 1966 579 constrinxerat,

316 596 421 627 divisa
443 593 584 625 laxabat.
639 593 829 635 Eripiuntur
852 593 970 624 etenim
996 592 1080 631 iusti,
1111 591 1187 622 dum
1212 591 1401 623 dividuntur
1424 591 1545 631 iniusti,
1573 597 1604 622 et
1630 590 1805 622 electorum
1829 596 1905 622 vota
1927 590 1965 621 ad

317 647 498 689 perfectum
523 646 726 688 perveniunt,
757 644 833 675 dum
864 642 1074 685 reproborum
1107 645 1238 684 agmina
1267 655 1324 685 per
1347 643 1539 674 discordiam
1570 642 1820 674 confunduntur.
1865 642 1969 683 Igitur

317 700 401 730 facta
425 699 584 729 divisione
608 697 878 734 adversariorum,
910 695 964 737 qui
996 705 1054 736 per
1085 694 1201 725 multos
1233 696 1295 725 iam
1325 705 1426 726 annos
1451 700 1711 736 repugnaverant
1735 700 1847 725 contra
1870 692 1968 725 eccle-

318 751 397 781 siam
423 750 542 791 pariter
558 754 588 780 et
605 754 714 779 contra
731 759 796 779 rem
815 746 989 789 publicam,
1014 745 1058 776 illi
1076 756 1163 785 vero,
1189 747 1244 788 qui
1264 745 1505 778 declinaverant
1522 751 1594 787 post
1610 747 1847 788 imperatorem,
1871 756 1968 787 pepe-

317 807 428 834 rerunt
450 803 479 832 ci
504 802 704 832 incruentam
730 799 769 830 de
794 799 938 830 hostibus
963 799 1142 837 victoriam,
1168 799 1331 840 quoniam,
1356 809 1428 828 cum
1452 799 1601 830 timerent
1624 797 1698 828 hinc
1721 808 1739 827 a
1763 798 1967 838 comprovin-

319 853 454 885 cialibus
472 853 588 893 urgeri‚
612 851 698 882 illinc
713 851 754 883 ab
772 852 975 893 imperatore,
999 850 1053 892 qui
1070 851 1132 880 iam
1151 851 1238 880 circa
1254 849 1390 881 Kalend.
1409 849 1483 880 Iulii
1505 860 1575 880 cum
1601 850 1744 880 exercitu
1767 848 1889 889 aderat,
1913 849 1968 879 im-

222 901 298 955 ,ζοῗξζ
320 906 468 948 pugnari,
493 904 707 936 deditionem*
732 903 877 934 fecerunt
901 913 1011 932 omnes
1035 907 1066 934 et
1090 902 1236 933 Saxones
1259 908 1291 932 et
1313 901 1473 942 Thuringi
1498 908 1625 943 praeter
1649 901 1873 943 paucissimos,
1903 900 1970 942 qui,

318 958 429 988 audito
452 956 593 987 adventu
617 955 829 996 imperatoris,
854 954 1004 995 fugerant
1023 953 1106 984 ultra
1123 952 1241 984 flumen
1260 952 1386 984 Albiam
1411 964 1481 984 cum
1507 964 1565 984 suo
1590 964 1664 994 rege
1682 953 1891 992 Herimanno,
1915 952 1969 994 qui

320 1010 427 1047 etiam,
459 1014 569 1050 utpote
593 1018 665 1038 rcus
689 1007 867 1037 maiestatis
890 1012 986 1047 atque
1011 1005 1111 1036 hostis
1139 1004 1378 1037 ecclesiasticae
1408 1006 1508 1046 pacis,
1540 1004 1710 1035 damnatus
1733 1009 1781 1035 est
1805 1004 1834 1034 in
1860 1014 1971 1045 supra-

320 1061 407 1092 dieta
430 1059 688 1101 Moguntiacensi
720 1058 855 1099 synodo.
908 1056 1009 1088 Cuius
1039 1056 1133 1098 fugae
1158 1056 1206 1088 vel
1238 1062 1383 1088 auctores
1409 1056 1458 1087 vel
1482 1057 1614 1087 comites
1637 1062 1727 1087 crant
1749 1056 1895 1098 episcopi
1917 1055 1971 1086 ad-

319 1123 432 1143 versae
463 1112 573 1153 partis,
604 1110 742 1151 ideoque
774 1111 947 1151 imperator
976 1114 1065 1140 tanto
1096 1109 1212 1140 iustius
1242 1107 1386 1140 decrevit
1416 1108 1567 1139 substitui
1597 1107 1771 1139 catholicos
1800 1108 1972 1149 episcopos

320 1165 482 1196 destitutis
505 1162 658 1201 eeclesiis,
683 1166 802 1203 quanto
825 1161 1006 1193 evidentius
1022 1166 1195 1202 appareret
1216 1161 1304 1202 ipsos
1326 1159 1506 1191 desertores
1528 1159 1735 1190 ecclesiarum
1754 1158 1859 1190 locum
1877 1160 1971 1190 etiam

319 1222 428 1248 tenere
452 1215 757 1253 mercennariorum,
783 1214 837 1255 qui
863 1214 928 1243 veri
953 1213 1088 1243 fuissent
1112 1212 1243 1243 heretici
1268 1211 1431 1253 iidemque
1448 1211 1590 1253 magistri
1608 1210 1780 1242 multorum
1804 1211 1972 1242 scelerum.

321 1269 413 1299 Sicut
441 1268 526 1298 enim
558 1272 686 1297 sanctus
711 1265 908 1307 Gregorius¹
940 1265 1045 1303 docet,
1077 1264 1316 1295 mercennarius
1348 1269 1406 1302 est,
1435 1264 1492 1305 qui
1519 1268 1606 1294 stare
1631 1264 1666 1294 in
1690 1262 1840 1304 periculo
1864 1264 1972 1295 ovium

321 1332 385 1351 non
399 1324 512 1361 potest,
536 1320 594 1359 qui
612 1320 645 1349 ῐη
664 1329 710 1357 eo,
734 1318 818 1358 quod
835 1317 946 1347 ovibus
961 1321 1101 1357 praeest,
1125 1327 1189 1346 ‘non
1207 1327 1278 1346 oves
1295 1316 1415 1357 diligit,
1439 1315 1493 1346 secl
1509 1315 1636 1346 lucrum
1653 1319 1817 1345 terrenum
1833 1315 1972 1356 quaerit.

320 1372 426 1412 Igitur
447 1371 583 1412 fugitivo
607 1369 651 1400 illi
675 1374 706 1400 ct
728 1369 870 1399 heretico
895 1367 1077 1408 Hartvigob
1102 1368 1259 1397 successit
1289 1366 1466 1397 catholicus
1491 1366 1669 1407 Hartvigus
1693 1366 1724 1397 in
1749 1366 1972 1408 episcopatum

321 1422 635 1464 Magadaburgensis
660 1420 832 1459 ccclesiae3
863 1430 957 1461 quem
989 1424 1061 1460 post
1084 1417 1275 1449 electionem
1299 1417 1374 1449 cleri
1399 1424 1429 1449 et
1453 1417 1562 1459 populi
1587 1418 1689 1460 ipsius
1714 1417 1866 1449 ecclesiae
1889 1416 1972 1448 ordi-

322 1475 412 1506 navit
442 1474 662 1514 suffraganeus
693 1474 762 1503 eius
792 1470 898 1503 Diedo
930 1471 1124 1512 episcopus²
1155 1480 1239 1500 anno
1271 1469 1477 1500 MLXXXV.
1508 1469 1548 1501 ab
1579 1470 1797 1501 incarnatione
1829 1469 1972 1507 Domini,

322 1526 382 1558 ΙΙΙ.
407 1525 484 1557 Idus
508 1524 591 1556 Iulii.
644 1524 695 1555 Ad
727 1524 819 1555 cuius
849 1523 1084 1553 ordinationem
1115 1532 1267 1563 praesens
1291 1527 1359 1552 erat
1382 1521 1557 1562 imperator
1581 1520 1772 1560 Henrichus,
1804 1521 1914 1562 ibique
1943 1527 1974 1552 et

322 1588 477 1620 praesens
501 1582 570 1607 erat
590 1575 775 1607 XVezelinus
799 1574 1008 1615 Moguntinae
1032 1572 1184 1604 ecclesiae
1208 1573 1470 1615 archiepiscopus
1494 1579 1525 1603 et
1550 1572 1747 1614 Sigiwinusc
1771 1572 1973 1604 Coloniensis

321 1629 586 1670 archiepiscopus
616 1634 714 1670 atque
745 1626 798 1657 alii
831 1625 938 1668 plures
967 1625 1122 1666 episcopi,
1153 1635 1232 1666 quos
1262 1636 1450 1656 enumcrare
1474 1624 1605 1665 longum
1630 1624 1782 1655 duximus
1807 1624 1974 1656 studentes

324 1681 502 1712 b1·cvitati⁸.
549 1680 612 1710 vSed
638 1685 808 1720 postquam
834 1679 1008 1718 imperator
1032 1676 1154 1707 dimisit
1177 1677 1365 1716 exercitum,
1389 1676 1484 1718 paulo
1509 1682 1583 1717 post
1605 1676 1751 1707 Saxones
1775 1682 1874 1719 atque
1889 1675 1974 1707 Thu-

323 1733 406 1774 ringi
438 1732 478 1762 ad
511 1731 647 1763 solitae‘¹
679 1729 877 1761 infidelitatis
909 1729 1094 1760 redierunte
1125 1728 1300 1769 ingenium,
1331 1735 1428 1770 atque
1458 1734 1531 1770 post
1560 1727 1641 1758 duos
1664 1727 1730 1759 fere
1753 1739 1878 1760 menses
1902 1738 1973 1770 pro-

323 1785 439 1815 missae
456 1783 530 1814 fidei
547 1788 578 1814 ct
595 1783 684 1825 pacis
702 1793 759 1824 per
775 1781 1052 1822 interpositionem
1078 1781 1329 1811 iuramentorum
1341 1786 1353 1801 ⁴
1377 1779 1605 1811 immcmoress
1629 1779 1853 1821 compulerunt
1875 1780 1974 1822 impe-

241 1850 303 1873 ,ει-μ,
322 1842 459 1867 ratorcm
486 1847 542 1877 pcr
566 1835 629 1865 vim
655 1833 762 1865 bellici
786 1833 961 1865 tumultus⁵
986 1832 1153 1863 discedere
1174 1843 1214 1862 ex
1233 1832 1396 1863 Saxouia⁶
1420 1842 1492 1863 cum
1518 1831 1684 1863 catholicis
1708 1832 1878 1873 episcopis,
1900 1841 1973 1873 ape—

323 1889 440 1919 rientes
475 1887 590 1918 iterum
626 1886 775 1917 hereticis
809 1885 932 1916 aditum
968 1883 1150 1915 introeundi
1185 1883 1224 1914 ad
1261 1882 1343 1914 ovile
1377 1884 1497 1921 ovium,
1533 1889 1565 1914 ut
1600 1895 1657 1925 pro
1692 1884 1876 1926 pastoribus
1907 1882 1973 1925 lupi

241 1953 302 1972 mr..
323 1940 565 1971 dominarentur
588 1939 645 1969 cis.
691 1938 767 1968 Post
792 1937 869 1968 haec
893 1947 976 1966 anno
1000 1936 1110 1974 altero,
1135 1946 1207 1966 cum
1232 1936 1294 1966 iam
1313 1934 1409 1966 simili
1425 1935 1530 1975 modo,
1554 1936 1636 1966 sicut
1652 1935 1836 1977 frequenter
1852 1935 1972 1966 sactum

323 1999 381 2031 est,
413 1990 520 2022 elusus
549 1990 661 2021 fuisset
684 1990 859 2030 imperator
883 2000 939 2030 per
963 1987 1128 2019 Saxonum
1159 1992 1257 2029 atque
1280 1987 1519 2027 Thuringorum
1552 1987 1718 2029 perfidiam
1732 1993 1753 2028 ⁷,
1787 1987 1840 2029 qui
1871 1997 1973 2029 usque

323 2044 363 2074 ad
391 2043 503 2073 Rotam
534 2041 668 2072 fluvium
698 2052 769 2071 cum
801 2041 945 2072 exercitu
975 2051 1032 2070 suo
1055 2045 1133 2070 tunc
1157 2045 1389 2081 peragraverat
1412 2044 1621 2082 utrorumque
1651 2039 1860 2081 provinciam,
1891 2049 1975 2069 com-

325 2096 430 2137 posita
454 2105 532 2136 pace
556 2094 646 2125 iuxta
669 2092 880 2131 conditiones,
905 2103 984 2134 quas
1002 2091 1164 2133 principes
1181 2091 1343 2132 utrimque
1366 2101 1485 2132 aequas
1509 2096 1540 2122 et
1564 2090 1657 2122 utiles
1681 2089 1887 2131 iudicassent,
1911 2089 1974 2121 dis-

325 2148 419 2178 cessit
442 2146 516 2176 inde
540 2151 672 2187 propter
695 2146 866 2175 instantem
892 2143 1174 2185 quadragesimam
1187 2148 1208 2174 ⁸.
1247 2142 1311 2174 Sed
1329 2147 1489 2173 amatores
1507 2142 1720 2174 contentionis
1737 2153 1775 2173 ac
1792 2141 1975 2174 discordiae

326 2198 597 2240 pseudoepiscopi
627 2197 788 2227 Saxouiae
819 2195 1018 2237 quaerebant
1048 2194 1141 2226 solito
1173 2195 1262 2236 pacis
1293 2193 1493 2225 conditiones
1525 2195 1773 2236 interrumpere,
1807 2195 1976 2236 cupientes

327 2251 428 2291 magis
453 2249 587 2291 pertidia
610 2254 641 2279 et
663 2249 804 2290 periurio
830 2258 938 2278 secum
963 2258 1074 2278 omues
1103 2247 1215 2285 teneri,
1247 2257 1341 2287 quam
1373 2256 1486 2287 pacem
1519 2245 1604 2286 ficrig
1636 2245 1775 2287 ideoque
1805 2256 1869 2276 non
1900 2246 1975 2286 iam,

326 2304 408 2333 sicut
432 2308 536 2339 antea,
561 2300 712 2331 volebant
735 2306 885 2331 eventum
911 2298 984 2330 belli
1009 2304 1182 2340 expectare
1206 2298 1290 2329 intra
1313 2297 1497 2339 provincias
1522 2296 1571 2328 vel
1589 2297 1753 2328 saxoniae
1770 2296 1821 2328 vel
1837 2296 1974 2328 Thurin—

437 2408 463 2436 a)
487 2414 589 2438 cunque
615 2407 636 2437 l,
658 2409 680 2429 et
701 2405 821 2429 similiter
841 2413 856 2428 n
874 2413 925 2436 pro
947 2412 971 2428 m
993 2404 1107 2436 saepius.
1165 2403 1192 2435 b)
1214 2403 1366 2435 Hartuingo
1385 2405 1407 2427 1.
1466 2404 1490 2428 ci
1514 2402 1666 2434 Siuuiginus
1683 2403 1705 2426 1.
1763 2402 1790 2435 d)
1813 2403 1921 2428 molitae
1943 2404 1974 2434 13

328 2453 447 2478 Golden.
470 2451 626 2476 'mandor-ir.
703 2452 729 2481 ν)
750 2451 820 2475 deese
845 2452 866 2474 1.
943 2450 963 2480 f)
986 2450 1055 2474 deese
1078 2451 1106 2481 1;
1129 2449 1237 2474 Frclzer.
1258 2449 1373 2474 addidit.

436 2551 462 2581 1)
486 2550 519 2575 In
543 2559 641 2583 erana.
665 2550 683 2575 I.
710 2550 730 2576 l.
756 2549 826 2575 hom.
855 2549 902 2579 14,
926 2551 940 2579 ἓ
965 2549 991 2582 3,
1019 2547 1089 2582 Opp.
1113 2548 1137 2580 I,
1163 2548 1214 2575 col.
1235 2547 1324 2574 1486.
1427 2547 1456 2581 2)
1483 2546 1773 2581 Bratidenbnryeuois.
1875 2546 1905 2581 3)
1930 2546 1974 2580 Cf.

327 2602 397 2627 Anu.
423 2602 529 2628 Sua-rm.
559 2611 587 2634 p.
615 2601 682 2627 72ἰῖ.
709 2604 731 2624 rt
756 2602 827 2626 :lum
852 2600 996 2633 Maqdeb„
1026 2600 1074 2634 qui
1101 2600 1195 2625 cadem
1220 2600 1346 2625 tradunt.
1463 2599 1492 2627 4)
1518 2598 1561 2630 Cf.
1587 2600 1658 2625 Arm.
1682 2599 1798 2632 Anqust.
1822 2597 1891 2630 (SS.
1915 2597 1973 2631 HI,

324 2662 353 2687 Ρ,
382 2653 463 2686 131).
574 2652 602 2685 ι’»)
632 2652 714 2677 Hanc
743 2652 901 2676 aditionem
936 2652 1083 2683 liutbertum
1114 2651 1233 2676 marime
1262 2650 1378 2677 rnout’sse
1408 2651 1479 2677 Anu.
1505 2650 1638 2683 ,Νη-«1111541.
1667 2653 1691 2675 el
1715 2649 1809 2683 Siqeb.
1832 2648 1903 2683 (SS.
1927 2648 1975 2682 VI,

325 2715 354 2739 ρ,
380 2705 455 2737 3135)
485 2704 618 2736 erminum
649 2704 692 2728 lain
723 2703 807 2728 dicit:
839 2704 967 2728 Saxouws
997 2701 1099 2727 iterum
1130 2702 1273 2728 rebellant
1303 2701 1452 2728 incentore
1476 2710 1546 2736 prae
1572 2700 1682 2727 vunctis
1706 2700 1834 2735 Egberto
1859 2699 1973 2726 comite.

329 2757 358 2787 ti)
383 2756 426 2788 (J.
454 2756 589 2781 lim-nolzli
614 2755 677 2781 Chr.
702 2755 772 2788 (NS.
798 2754 824 2785 l',
846 2763 876 2787 p.
895 2753 979 2785 441).
1056 2753 1083 2781 T)
1106 2753 1228 2787 Slumpf,
1255 2754 1323 2787 Ii'ey.
1349 2753 1440 2779 2879.
1467 2753 1558 2780 2580.
1585 2753 1684 2786 ‘28935
1707 2753 1744 2785 rs.
1769 2752 1841 2786 quod
1863 2751 1974 2778 Walra-

329 2818 386 2834 mus
410 2808 469 2842 ipse
491 2807 524 2833 clv
549 2806 664 2840 l-berwi
684 2805 804 2840 perfidia
829 2806 866 2839 (e.
886 2804 938 2836 3323)
963 2805 1039 2832 dicit.
1129 2805 1157 2831 Si
1181 2804 1216 2832 A.
1238 2805 1326 2831 1086.
1351 2805 1566 2839 qttatlraycsi'mu
1591 2804 1693 2838 incepit
1717 2803 1800 2831 Febr.
1821 2803 1867 2830 lG.

1989 707 2016 727 10

1991 965 2018 984 15

1992 1223 2019 1242 20

1993 1483 2020 1503 25

1993 1741 2021 1760 80

1994 1999 2022 2018 35

1994 2257 2022 2276 40

1993 2605 2021 2624 «5
