2132 3067
620 144 735 171 LIBER
759 145 810 171 DE
833 144 990 171 HONORE
1013 143 1231 170 ECCLESIAE.
1692 139 1753 169 9δὸ

103 248 123 267 α
146 235 294 267 iustitiae
314 246 403 275 pane
428 235 542 265 ieiuni.
588 233 659 265 Hoc
684 235 716 264 in
740 233 812 264 loco
837 233 1107 264 considerandum
1132 238 1191 271 est,
1217 233 1303 274 quia,
1328 233 1354 262 si
1378 231 1491 263 beatus
1515 231 1654 262 Petrus³
1678 242 1753 273 apo·
1775 239 1813 262 Ex
1835 235 1966 262 rati-amb,

101 286 201 318 stolus
225 291 256 317 et
278 286 347 316 eius
364 284 554 327 discipulus,
578 291 708 316 sanctus
725 284 914 326 Gregorius,
939 289 1083 326 pastores
1100 284 1274 314 aecclesiae
1298 285 1329 314 in
1354 295 1411 314 sua
1436 287 1595 325 potestate
1619 294 1655 314 ea
1672 294 1754 324 quae

101 337 278 370 aecclesiae
302 342 376 368 sunt
399 336 519 367 habere
542 347 606 367 non
630 336 850 375 decernerent,
873 346 1076 378 nequaquam
1101 335 1306 376 pastoribusc
1330 335 1391 366 ista
1415 334 1648 377 praedicarent.
1684 334 1754 364 Hoc

101 395 207 421 autem
236 390 268 419 in
292 395 437 430 tempore
461 388 633 419 multarum
657 387 887 419 aecclesiarum
911 392 1057 429 pastores
1086 397 1168 428 quae
1192 387 1366 418 aecclesiae
1397 387 1488 418 iured
1513 391 1700 428 competunt
1723 386 1755 415 in

71 453 82 472 ε.
100 452 158 473 sua
179 445 340 483 potestate
363 451 427 471 non
451 438 581 479 habent,
610 450 668 481 pro
698 450 734 470 eo
761 437 891 478 scilicet,
923 439 998 480 quia
1022 439 1185 480 principes
1217 437 1311 469 huius
1335 438 1445 468 mundi
1471 448 1553 479 quae
1582 436 1755 468 aecclesiae

101 497 176 524 sunt
191 491 252 523 sibi
269 490 482 532 subiugantes
505 492 609 532 ipsam
627 490 817 522 aecclesiam
842 501 901 521 suo
924 490 985 521 iuri
1002 489 1179 521 vendicare
1196 500 1257 520 non
1283 491 1406 521 timent.

1452 489 1597 531 Ideoque
1612 490 1754 530 ipsarum

100 543 329 577 aecclesiarum
347 553 506 585 pauperes
523 542 632 574 multis
655 541 869 574 incommodis
887 541 988 583 pressi
1007 541 1217 582 omnipotenti
1236 541 1316 581 Deo,
1342 546 1376 572 ut
1393 541 1526 582 dignum
1551 546 1609 579 est,
1635 541 1755 571 servire

101 607 166 627 non
187 599 333 637 possunt.

483 679 521 709 A.

58 729 303 774 10[XXVIIII.]
336 729 523 761 Omnium
548 728 897 761 aecclesiastica-

101 793 186 814 rum
213 792 347 813 rerum
371 781 569 823 [curamd‘]
601 780 649 812 ad
674 781 898 823 episcopos

389 833 614 874 pertinere.

145 893 299 926 Omnium
315 898 423 925 autem
436 892 772 924 aecclesiasticarume
790 903 896 923 rerum

103 956 181 977 cura
203 950 235 977 et
257 944 456 986 dispensatio
484 944 525 976 ad
553 945 741 986 episcopum
766 945 898 986 proprie

56 1012 82 1031 15
102 997 265 1040 pertinere
289 997 388 1028 etiam
409 997 473 1039 ipsi
494 996 598 1028 sancti
618 995 755 1037 apostoli
780 997 812 1026 in
829 996 897 1026 suis

103 1047 283 1080 canonibus
306 1047 424 1079 docent
447 1047 629 1079 dieentes1:

104 1126 241 1170 [XXX]
280 1126 332 1158 Ut
367 1137 505 1158 curam
542 1126 898 1158 aecclesiastica-

151 1189 237 1210 rum
266 1189 401 1210 rerum
428 1179 657 1220 episcopus
689 1178 850 1209 habeat.

103 1261 144 1285 EX
171 1261 284 1285 coneilio
340 1240 491 1271 Omnium
508 1240 711 1282 neqotiorum
726 1239 897 1270 aecclesia-

57 1307 84 1326 ιο
103 1298 286 1330 apostolorum
309 1293 462 1323 sticorunz
476 1302 588 1322 curam
601 1292 772 1332 episcopus
785 1289 900 1320 babeat

132 1343 154 1360 ⁰·
174 1335 258 1360 XXX.
312 1348 341 1374 et
373 1354 411 1374 ea
443 1343 528 1374 velut
562 1343 630 1373 Deo
665 1341 901 1382 contemplante

104 1387 279 1429 dispenset.

105 1479 260 1524 [XXX‘.]
286 1477 402 1518 Quod
423 1477 650 1519 episcopus
675 1474 899 1506 aecclesia-

105 1531 308 1562 sticarum
329 1540 465 1561 rerum
482 1539 555 1570 pro
572 1527 899 1569 dispensatione

59 1595 86 1614 25
148 1592 376 1624 pauperum
410 1579 561 1612 habeat
592 1583 855 1622 potestatem.

122 1647 164 1671 Ex
180 1646 274 1671 eodem

104 1691 208 1709 canone
225 1691 289 1715 apo-

134 1721 262 1745 stolorum

349 1642 608 1683 Praecipimus2,
634 1644 666 1671 ut
691 1641 726 1670 in
745 1643 900 1680 potestate

310 1706 373 1725 sua
388 1694 564 1735 episcopus
581 1692 756 1723 aecclesiae
775 1702 825 1722 res
843 1691 899 1721 ha-

149 1765 172 1782 c.
191 1757 249 1781 XL.
309 1745 391 1777 beat.
425 1745 465 1776 Si
482 1745 567 1776 enim
583 1745 715 1775 animae
732 1743 901 1774 hominum

101 1802 269 1842 pretiosae
298 1797 350 1829 illi
380 1801 456 1828 sunt
482 1796 635 1834 creditae,
668 1795 765 1826 multo
794 1795 901 1836 magis

59 1865 86 1884 30
106 1856 227 1894 oportet
264 1861 335 1882 eum
372 1859 487 1880 curam
520 1847 744 1889 pecuniarum
781 1857 902 1888 9erere,

106 1904 154 1934 ita
177 1907 212 1934 ut
233 1903 269 1934 in
282 1905 440 1943 potestate
456 1900 527 1930 eius
546 1898 773 1939 indiqentibus
790 1898 902 1928 onmia

107 1955 340 1996 dispensentur
365 1963 429 1994 per
457 1951 654 1993 presbiteros
688 1955 716 1980 et
746 1949 902 1981 diacones

107 2011 136 2037 et
158 2017 230 2037 cum
253 2005 366 2036 timore
389 2003 538 2044 omnique
567 2001 787 2033 sollicitudine
804 2001 900 2032 mini-

107 2061 262 2090 strentur.
307 2056 361 2087 Ea:
384 2055 434 2086 his
465 2059 571 2085 autem
595 2065 679 2095 quae
706 2053 833 2094 indiqet
858 2052 903 2083 ad

61 2123 88 2143 ³5
107 2120 188 2141 suas
211 2108 417 2140 necessitates
443 2111 472 2137 et
495 2105 540 2136 acl
558 2106 811 2147 pereqrinorum
825 2103 902 2144 fra-

107 2165 192 2192 trum
216 2170 306 2199 usuS,
329 2163 357 2189 et
380 2159 450 2199 ipse
467 2157 647 2199 percipiat,
671 2161 706 2186 ut
730 2156 833 2187 nichil
856 2157 902 2186 eis

105 2212 212 2254 possit
228 2212 359 2242 omnino
376 2210 491 2240 deesse.
537 2208 605 2239 Lex
621 2209 707 2238 enim
724 2208 788 2238 Dei
801 2218 900 2248 prae-

109 2264 198 2306 cipit,
229 2267 264 2293 ut
293 2262 352 2303 qui
382 2260 485 2292 altari
515 2259 702 2290 deserviunt
731 2259 769 2290 cle
800 2259 903 2289 altari

106 2319 306 2357 pascantur,
329 2313 409 2354 quia
428 2322 486 2342 nec
502 2311 592 2342 miles
606 2311 758 2353 propriis
781 2312 902 2352 stipen-

63 2381 90 2400 ω
111 2367 177 2398 diis
200 2369 314 2397 contra
338 2364 443 2395 Izostes
467 2374 562 2393 arma
585 2361 734 2393 sustollit.

153 2417 227 2449 Der
250 2416 311 2448 hac
331 2426 366 2446 re
395 2415 491 2446 etiam
514 2413 569 2444 alii
593 2414 696 2444 sancti
720 2418 827 2455 patres
858 2413 903 2444 ita

111 2469 325 2511 praecipiunt.

223 2573 250 2605 a)
272 2581 315 2605 ap.
329 2573 360 2597 P.
376 2571 401 2596 B
414 2573 436 2596 l.
498 2572 527 2600 b)
548 2571 626 2595 Ratio
642 2570 681 2599 B;
702 2569 772 2594 deest
787 2569 818 2594 A.

878 2570 904 2601 c)
925 2570 963 2594 eis
984 2570 1035 2594 ista
1051 2569 1236 2601 praeciperent
1250 2567 1282 2592 A.

1342 676 1377 706 B.

961 727 1139 758 XXVIIII.
1186 727 1323 766 Quod&
1366 727 1662 769 predicatores
1709 738 1756 757 ex

1051 779 1271 820 euangelio
1301 779 1443 809 vivere
1473 778 1663 809 debeant.

1003 839 1125 871 Omnes
1144 839 1382 881 praedicatores
1401 850 1443 870 ex
1460 839 1630 880 euangelio
1646 839 1755 869 vivere
1777 845 1816 868 Ex
1838 843 1985 868 rationes&

961 890 1113 922 ordinans
1137 891 1297 922 Dominus
1324 890 1422 921 dixit:
1458 891 1593 932 Dignus
1617 895 1661 920 est
1686 901 1757 931 ope·
1776 888 1986 931 Euangehumh,

962 943 1074 973 rarius
1102 943 1243 974 mercede
1267 954 1338 974 sua.
1385 941 1478 973 Unde
1509 942 1556 973 eti
1591 941 1756 984 apostolus
1779 927 1942 949 l'T¹m'⁵'¹S'

961 995 1022 1025 ait:
1061 993 1127 1030 Qui
1155 993 1279 1024 altarik
1304 994 1502 1033 deserviunt,
1532 1005 1601 1024 cunt
1634 993 1757 1023 altarik
1777 994 1921 1025 Apostolus
1941 993 1975 1017 ad

959 1046 1224 1087 participantur.
1267 1045 1329 1084 Qui
1347 1045 1443 1076 etiam
1463 1045 1575 1076 beatus
1591 1043 1757 1085 apostolus
1780 1030 1955 1087 ιῖἶξίξῖῗζέ

961 1108 1024 1128 non
1060 1096 1162 1128 solum
1193 1097 1290 1137 digne
1320 1096 1563 1137 praedicatores
1593 1107 1633 1126 ex
1665 1106 1758 1126 euan-
1930 1084 1934 1088 ’

961 1149 1045 1190 gelio
1070 1149 1182 1179 vivere
1200 1147 1446 1187 demonstravit,
1470 1147 1527 1179 sed
1553 1148 1648 1179 etiam
1670 1157 1757 1178 secu-

962 1200 1041 1231 laria
1065 1201 1202 1242 negocia
1231 1201 1256 1230 si
1280 1200 1436 1231 haberent
1460 1199 1580 1237 fideles,
1610 1210 1672 1229 non
1697 1199 1757 1229 nisi

962 1252 1048 1294 apud
1087 1258 1215 1283 sanctos
1260 1251 1403 1283 iudicare
1448 1251 1596 1293 permisit
1633 1250 1758 1281 dicens:

963 1304 1070 1335 Audet
1102 1305 1225 1345 aliquis
1257 1309 1403 1342 vestrum,
1435 1303 1555 1333 habens
1587 1302 1756 1343 neyocium
1780 1301 1894 1350 LlC—ozffi

963 1355 1123 1386 adversus
1147 1355 1294 1395 alterum,
1325 1355 1479 1386 iudicare
1504 1354 1597 1394 apud
1629 1354 1759 1394 iniquos

962 1413 989 1438 et
1014 1419 1077 1438 non
1110 1407 1204 1448 apud
1227 1406 1380 1437 sanctos?
1425 1406 1479 1436 An
1511 1406 1653 1443 nescitis,
1684 1415 1758 1446 quo-

963 1459 1072 1490 nia7n¹
1119 1459 1225 1489 sancti
1275 1458 1313 1488 (Ie
1357 1458 1413 1488 hoc
1459 1457 1579 1488 ‘nzundo
1628 1455 1757 1486 iudica-

962 1510 1061 1541 bunt.2
1106 1509 1148 1540 Et
1186 1511 1216 1540 si
1255 1511 1289 1540 in
1328 1509 1415 1540 vobis
1455 1507 1660 1539 iudicabitur
1705 1507 1756 1537 hic

964 1561 1116 1601 mundus,
1150 1561 1286 1602 indigni
1323 1561 1409 1599 estis,
1447 1560 1505 1601 qui
1543 1559 1580 1589 cle
1616 1559 1758 1589 minimis

965 1612 1138 1644 iudicetis?
1177 1612 1318 1644 Nescitis
1343 1612 1528 1653 quoniamm
1554 1610 1687 1651 angelos
1712 1611 1759 1640 iu-

963 1665 1156 1704 dicabimus,
1187 1669 1309 1705 quanto
1332 1664 1441 1704 magis
1468 1661 1655 1693 secularia?
1702 1661 1757 1692 Se-

963 1716 1096 1747 cularia
1127 1717 1230 1757 igitur
1254 1715 1383 1746 iudicia
1410 1715 1440 1745 si
1466 1714 1657 1752 habueritis,
1687 1723 1759 1743 con-

962 1767 1165 1809 temptibiles,
1200 1768 1256 1809 qui
1293 1771 1369 1798 sunt
1408 1767 1442 1796 in
1483 1765 1650 1804 aecclesia,
1686 1763 1758 1795 illos

965 1821 1146 1852 constituite
1171 1819 1215 1850 ad
1241 1817 1468 1849 iudicandum.

964 1941 1075 1972 XXX.
1128 1939 1268 1979 Quod&
1312 1935 1631 1969 aecclesiastici
1676 1935 1757 1965 viri

997 1991 1158 2033 duplici
1189 1990 1337 2021 honore
1368 1988 1603 2020 honorandi
1633 1987 1725 2017 sint.

1007 2054 1144 2084 Sanctus
1175 2049 1339 2093 apostolus
1370 2048 1527 2091 spirituali
1563 2053 1593 2079 et
1622 2047 1759 2079 seculari

963 2105 1084 2136 honore
1123 2102 1380 2134 aecclesiasticos
1423 2099 1628 2131 honorandos
1673 2099 1759 2129 viros

963 2157 1109 2188 scribens
1141 2154 1181 2186 ad
1205 2153 1411 2185 Timotheum
1443 2151 1602 2194 praecipit
1631 2151 1759 2181 dicens:
1780 2145 1841 2169 Adn
1861 2146 1949 2170 Timo>

967 2207 1033 2244 Qui
1045 2209 1120 2239 bene
1128 2217 1252 2248 praesu
1260 2210 1293 2236 nt
1308 2205 1487 2247 presbiteri,
1501 2203 1629 2244 duplici
1642 2203 1760 2233 honore
1782 2221 1800 2238 1,
1811 2183 1945 2240 ὧξῐίυέῃᾎῑ

965 2261 1062 2301 cliyni
1084 2259 1278 2296 habeantur,
1305 2257 1443 2287 max-ime
1470 2256 1527 2297 qui
1549 2253 1701 2285 laborant
1724 2254 1760 2284 in

964 2311 1056 2342 verbo
1087 2316 1114 2341 et
1139 2310 1301 2340 doctrina.
1346 2307 1436 2339 Dicit
1470 2307 1555 2338 enim
1586 2305 1761 2347 scriptura:

964 2363 1040 2394 Non
1080 2361 1267 2402 infrenabis
1307 2371 1340 2390 os
1377 2359 1450 2390 bovi
1490 2357 1678 2396 trituranti,
1716 2361 1761 2387 et:

963 2414 1101 2455 Diynus
1124 2417 1169 2444 est
1193 2412 1365 2454 operarius
1388 2410 1530 2441 mercede
1553 2420 1627 2440 sua.

1781 2370 1810 2388 m.
1821 2370 1841 2392 5,
1853 2369 1885 2388 is.

1342 2567 1368 2597 d)
1391 2567 1446 2598 iure
1468 2566 1492 2590 B
1507 2567 1529 2589 1.
1588 2565 1630 2591 (Γ)
1645 2565 1715 2589 cleest
1729 2562 1761 2588 A.

1287 2613 1330 2645 ς’)
1347 2613 1426 2637 Ratio
1441 2612 1517 2636 codd.
1576 2611 1603 2641 h)
1620 2611 1690 2635 deest
1704 2609 1761 2634 Be.

430 2617 453 2649 f)
470 2618 511 2642 De
527 2630 559 2634 —
575 2624 664 2648 praec.
683 2616 763 2640 rubro
780 2616 827 2640 col.
843 2616 874 2640 A.
932 2615 961 2648 g)
982 2615 1074 2639 titulus
1088 2615 1159 2639 deest
1173 2614 1229 2638 Bi.

387 2663 416 2694 k)
440 2664 534 2688 altario
549 2662 609 2687 132.
667 2662 689 2693 1)
710 2666 760 2694 qno
776 2661 841 2692 1313
864 2666 914 2694 quo
928 2661 954 2686 B
965 2662 1010 2692 2³;
1031 2669 1082 2694 quo
1099 2661 1123 2685 Β
1134 2657 1178 2685 2¹³.

114 2619 142 2652 e)
156 2620 329 2645 ecelesiarum
343 2617 374 2644 Α..

66 2673 94 2694 45
112 2665 133 2698 i)
154 2664 246 2691 deest?
259 2665 330 2689 1322.
1475 2658 1505 2689 n)
1527 2658 1558 2683 A.
1570 2658 1600 2682 T.
1616 2657 1669 2681 (les.
1684 2656 1709 2680 B
1720 2653 1761 2679 2¹³.

0 2686 1 2708 l
1234 2660 1270 2691 m)
1290 2659 1417 2692 qfioBl.

222 2758 250 2786 1)
281 2757 387 2784 Canon.
411 2758 501 2791 apost.
526 2764 549 2781 c.
571 2755 620 2788 39,
650 2755 751 2782 ,nansi
768 2755 793 2788 I,
817 2754 868 2781 col.
894 2754 949 2787 53;
980 2753 1132 2780 Hinsclzius
1151 2762 1183 2788 p.
1201 2752 1250 2780 ⁴29.
1349 2752 1378 2785 2)
1402 2751 1476 2778 Ibid.
1500 2760 1524 2777 c.
1542 2750 1590 2781 41,
1615 2748 1715 2775 Mami
1737 2747 1760 2779 I,

115 2809 167 2836 col.
191 2809 249 2842 555
273 2807 426 2835 Hinschius
444 2816 478 2842 p.
495 2807 544 2839 30,
570 2806 599 2835 C.
618 2807 690 2840 XII,
714 2816 758 2841 qu.
777 2807 803 2839 1,
827 2815 850 2834 c.
869 2806 918 2832 24.
