2132 3067
626 148 813 176 LIBELLUS
837 149 888 175 DE
912 146 1154 175 SYMONlACIS.
1652 140 1712 172 557

67 240 103 271 In
127 249 190 280 quo
214 238 381 269 manifeste
403 237 580 268 ostenditur
604 237 663 268 hoc
687 239 718 268 in
743 237 791 268 his
815 242 958 268 tantuma
982 243 1012 268 et
1037 241 1121 267 nona
1145 237 1177 266 in
1199 235 1270 266 aliis
1291 236 1359 266 fieri
1375 234 1502 266 debere.
1548 234 1605 264 Isti
1629 234 1713 263 enim

67 301 128 322 non
160 289 338 320 secundum
370 289 548 320 aeclesiaeb
580 290 715 320 formam
748 288 1009 329 baptizabantur,
1040 287 1071 318 id
1104 293 1151 318 est
1180 288 1212 318 in
1241 288 1369 318 nomine
1394 287 1498 317 Patris
1527 291 1558 316 et
1580 284 1655 315 Filii
1684 288 1715 314 et

68 342 205 384 Spiritus
238 341 349 371 sancti.
395 340 489 371 Unde
521 341 616 381 etiam
647 339 687 371 ab
718 340 787 370 aliis
818 341 966 371 hereticis
998 339 1198 377 differebant,
1233 340 1286 380 qui
1320 338 1477 369 aeclesiae
1512 337 1648 367 formam
1683 336 1713 365 in

67 391 259 434 baptizando
283 391 446 423 tenebant.
493 392 528 422 Si
551 392 635 422 enim
661 391 835 422 secundum
861 391 942 421 hanc
965 391 1112 431 formam,
1143 402 1238 432 quam
1264 390 1358 420 modo
1383 389 1535 427 diximus,
1561 387 1715 429 baptizati

37 457 49 477 ⁵
67 449 181 482 essent,
204 455 267 474 non
291 445 402 484 utique
425 443 496 474 talis
520 443 574 474 lex
599 443 637 474 de
662 444 707 473 eis
731 441 913 483 specialiter
930 442 1133 483 promulgata
1157 447 1250 482 esset,
1273 442 1462 482 praesertim
1487 451 1558 471 cum
1583 439 1621 469 de
1645 437 1715 468 aliis

66 495 213 528 omnibus
231 495 380 525 hereticis
397 494 533 533 dicatur,
558 500 593 526 ut
608 494 649 525 ad
665 493 833 525 aeclesiam
853 495 1017 525 venientes
1040 504 1098 525 nec
1116 494 1355 534 rebaptizentur
1376 503 1435 523 nec
1457 491 1682 522 reordinentur
1693 496 1715 529 ⁰,

66 547 121 579 sed
143 546 211 578 sola
234 546 428 588 episcopalis
453 556 566 576 manus
589 546 796 586 impositione
819 544 976 575 aeclesiae
997 545 1252 575 reconcilientur.
1299 543 1394 582 Quod
1419 550 1525 575 autem
1550 542 1628 573 haec
1652 541 1714 572 duo

67 604 274 638 sacramenta,
299 597 330 628 id
356 603 404 628 est
427 597 608 639 baptismus
634 603 664 628 et
689 597 817 628 ordines
838 597 930 637 sacri,
954 597 1097 628 reiterari
1121 607 1184 626 non
1208 596 1356 633 debeant,
1381 600 1447 626 tota
1470 594 1609 625 aeclesia
1632 593 1715 624 idem

67 651 170 690 sentit,
194 649 345 690 nullaque
369 649 470 679 interd
494 654 622 680 sanctos
646 648 839 679 dissensio&
863 654 920 679 est.
959 647 1075 679 Undee
1100 654 1131 678 et
1155 648 1266 678 beatus
1284 647 1463 688 Agustinus
1486 646 1568 676 ait¹z
1592 646 1716 676 Manus

21 713 47 732 ιο
69 707 172 733 autem
205 702 369 742 impositio
399 703 483 732 sicut
513 706 542 732 et
571 701 754 741 baptismus
785 701 939 730 reiterari
971 711 1034 730 non
1067 699 1164 738 debet,
1200 699 1239 729 de
1274 698 1327 728 illa
1364 709 1476 728 manus
1512 697 1717 738 impositione

66 753 208 795 loquenS,
231 752 271 783 de
294 763 357 794 qua
381 753 421 783 ad
446 751 651 783 Timotheum
676 751 841 793 apostolus
865 751 959 781 dicit:
994 751 1133 782 Illanum
1157 752 1219 781 cito
1244 751 1366 781 ¹nemini
1391 750 1596 790 imposueris.
1634 747 1717 778 Nam

67 810 98 836 et
120 803 299 834 chrismatis
323 805 525 845 consignatio
549 809 580 834 et
603 803 802 844 penitentum
827 802 1053 842 reconciliatio,
1078 813 1191 832 manus
1216 802 1380 843 impositio
1397 801 1523 834 dicitur,
1569 800 1663 831 Unde
1687 804 1718 830 et

67 856 148 888 sacri
165 866 303 886 canones
320 855 491 897 prohibent
503 861 524 894 ²,
547 866 587 886 ne
612 856 693 886 inter
715 855 795 886 alios
815 855 997 895 penitentes
1014 865 1128 884 manus
1144 853 1185 884 ab
1203 853 1363 894 episcopis
1381 852 1504 883 clericis
1522 854 1715 893 imponatur.

174 916 221 948 12.
266 915 362 955 Quod
386 927 463 947 vero
487 915 644 958 quaedam
674 919 877 946 sacramenta
900 915 1047 946 reiterari
1070 913 1164 945 liceat
1175 914 1196 952 f,
1227 920 1258 944 et
1280 914 1433 955 frequens
1462 924 1537 943 usus
1561 912 1716 943 aeclesiae

20 979 46 998 15
67 973 97 1000 et
119 979 218 999 unum
235 967 320 999 beati
338 967 488 1008 Gregorii
511 967 696 1009 exemplum
713 967 915 1008 apertissime
933 966 1125 997 manifestat.
1172 965 1323 996 Cotidie&
1347 976 1486 1006 namque
1510 964 1716 995 aeclesiarum

67 1020 325 1051 consecrationes
349 1030 411 1050 non
435 1019 537 1050 solum
563 1030 621 1061 pro
639 1019 838 1058 necessitate,
863 1029 974 1049 verum
1001 1018 1097 1056 etiam
1122 1028 1180 1059 pro
1197 1018 1424 1058 episcoporum
1442 1016 1604 1046 voluntate
1630 1016 1718 1046 reite-

66 1072 128 1102 rari
151 1071 309 1102 videmus.
354 1071 448 1102 Unde
479 1077 511 1102 et
534 1070 665 1113 quidam
689 1081 829 1101 canones
859 1070 917 1100 deh
940 1069 1085 1100 aeclesiis
1109 1069 1332 1111 precipiunt³:
1362 1073 1396 1098 ut
1420 1069 1449 1098 si
1472 1067 1576 1098 altare
1599 1072 1717 1097 motum

57 1124 177 1165 fuerit,
205 1123 312 1154 denuo
343 1128 554 1154 consecretur.
606 1123 727 1154 Beatus
755 1133 882 1164 quoque
914 1121 1102 1162 G1·eg0rit1S‚
1134 1122 1217 1152 sicut
1246 1121 1316 1162 ipse
1348 1125 1491 1157 testatur,
1520 1118 1720 1149 consecravit

66 1175 166 1206 Rome
183 1173 346 1217 quandam
364 1173 534 1206 aeclesiam
551 1175 583 1205 in
602 1173 738 1213 Subura,
756 1174 907 1215 quoniam
925 1172 1021 1214 longo
1038 1178 1184 1214 tempore
1200 1171 1241 1203 ab
1256 1172 1402 1202 Arrianis
1419 1181 1569 1212 possessa
1586 1170 1718 1201 fuerat⁴.

21 1235 47 1255 20
67 1226 166 1258 Cuius
190 1227 388 1258 consecratio
418 1226 504 1257 sivei
530 1226 704 1266 reiteratio,
734 1230 889 1267 quantum
916 1224 986 1255 Deo
1017 1230 1151 1266 accepta
1174 1223 1303 1261 fueritk,
1334 1223 1471 1254 virtutes
1502 1228 1533 1253 et
1564 1221 1719 1252 miracula

67 1278 248 1317 ostendunt,
281 1289 362 1320 quae
385 1278 466 1319 ipsis
490 1277 615 1318 diebus,
648 1277 766 1320 quibus
791 1281 978 1308 consecrata
1006 1276 1120 1317 fuerat,
1149 1275 1269 1306 ibidem
1294 1275 1455 1306 Dominus
1487 1280 1637 1316 operatus
1661 1279 1718 1304 est.

68 1329 237 1369 Quomodo
274 1329 370 1370 ergo¹
409 1340 520 1360 verum
550 1335 607 1369 est,
644 1329 731 1371 quod
763 1328 842 1360 nulli
876 1334 1076 1359 sacramento
1121 1328 1237 1358 iniuria
1271 1326 1419 1357 facienda
1448 1325 1511 1356 sit‘?
1564 1324 1720 1356 Similiter

66 1386 183 1420 autem,
207 1381 294 1423 quod
318 1380 499 1412 chrismatis
523 1381 724 1422 consignatio
748 1381 779 1411 in
803 1380 953 1412 hereticis
978 1380 1122 1411 reiterari
1144 1379 1273 1417 debeat,
1298 1378 1508 1420 subsequenti
1533 1381 1718 1407 sanctorum

67 1433 257 1464 auctoritate
275 1432 476 1474 probabitur.
521 1432 572 1463 De
590 1443 654 1474 qua
671 1432 821 1463 videlicet
838 1432 1083 1472 consignatione
1101 1430 1263 1462 Eusebius
1280 1441 1366 1472 papa
1383 1432 1430 1460 sic
1446 1430 1528 1460 ait⁵:
1554 1429 1720 1459 Hereticos

21 1494 47 1515 8⁵
68 1495 174 1516 omnes
204 1485 389 1526 quicunque
413 1484 479 1515 Dei
507 1485 622 1526 qratia
652 1489 884 1515 convertuntur
915 1489 942 1515 et
970 1485 1004 1514 in
1036 1488 1170 1514 sanctae
1200 1483 1377 1514 Trinitatis
1404 1482 1534 1513 nomine
1558 1480 1721 1510 credentes

67 1536 226 1578 baptizati
238 1541 325 1576 sunt,
337 1536 510 1567 Romanae
527 1536 684 1567 aeclesiae
697 1536 846 1578 requiam
862 1540 1002 1567 tenentes
1016 1547 1077 1576 per
1089 1546 1209 1566 manus
1226 1534 1461 1575 impositionem
1476 1531 1719 1563 reconciliarim

65 1589 268 1630 precipimus
281 1592 312 1618 et
324 1598 410 1626 mox,
429 1587 468 1618 de
486 1598 549 1629 qua
565 1598 677 1618 manus
694 1588 899 1628 impositione
917 1587 1114 1629 loqueretur,
1131 1585 1294 1617 adiunxit:
1312 1586 1483 1616 Manum-⁶
1503 1584 1720 1625 impositionis

68 1644 307 1671 sacramentum
331 1650 455 1680 mayna
480 1641 688 1670 veneratione
710 1640 885 1670 tenendum
909 1644 963 1671 est.
1016 1638 1107 1674 Quae
1132 1638 1170 1668 ab
1196 1637 1274 1668 aliis
1296 1637 1412 1677 perfici
1435 1647 1501 1667 non
1517 1640 1630 1676 potest,
1653 1635 1721 1665 nisi

67 1703 87 1722 a
114 1692 249 1722 summis
279 1690 512 1723 sacerdotibus.
563 1690 631 1721 Nec
660 1696 799 1731 tempore
830 1691 1049 1732 apostolorum
1082 1690 1121 1720 ab
1153 1689 1229 1720 aliis
1253 1700 1351 1730 quam
1381 1688 1419 1719 ab
1448 1688 1531 1728 ipsis
1561 1686 1721 1727 apostolis

21 1751 49 1771 ³0
67 1743 188 1784 leqitur
210 1747 268 1773 aut
291 1744 396 1774 scitur
416 1746 575 1783 peracta⁰
599 1753 673 1773 esse.
719 1742 830 1784 Neque
854 1742 893 1772 ab
919 1741 1007 1780 aliis,
1037 1743 1122 1772 sicut
1146 1742 1212 1772 iam
1238 1740 1360 1771 dicium
1384 1744 1438 1779 est,
1470 1750 1566 1780 quam
1591 1738 1630 1768 ab
1656 1737 1720 1768 illis

69 1795 126 1836 qui
148 1805 259 1825 eorum
286 1794 390 1825 locum
421 1799 526 1825 tenent
549 1799 717 1835 unquamp
742 1794 860 1835 perfici
887 1798 986 1835 potest
1017 1798 1075 1824 aut
1098 1793 1179 1832 fieri
1202 1792 1298 1823 debet.
1343 1791 1430 1821 Nam
1461 1792 1490 1821 si
1519 1789 1616 1820 aliter
1643 1800 1718 1829 pre-

69 1850 230 1886 sumptum
243 1845 363 1886 fuerit,
390 1846 522 1876 irritum
545 1845 706 1876 habeatur
730 1851 756 1876 et
780 1857 931 1885 vacuum,
961 1856 1018 1876 nec
1045 1846 1149 1875 iuteo-⁵¹
1173 1843 1396 1875 aeclesiastica
1420 1853 1565 1882 unquam
1590 1845 1719 1882 reputa-

70 1897 158 1928 bitur
179 1901 397 1928 sacramenta.
443 1896 624 1928 Audiamus
647 1897 754 1939 etiam,
779 1897 855 1938 quid
880 1903 1026 1938 tempore
1050 1897 1135 1928 beati
1152 1895 1321 1926 Silvestrir
1340 1894 1459 1924 Romae
1483 1893 1522 1923 de
1547 1892 1606 1922 hac
1630 1903 1663 1922 re
1687 1891 1719 1921 in

70 1947 206 1980 coneilio
230 1953 405 1979 statutumS
429 1954 512 1979 esta:
542 1949 673 1989 Eodem,
704 1949 838 1990 inquit⁷,
866 1954 1006 1990 tempore
1034 1949 1133 1979 teo-cio
1163 1948 1283 1978 decimo
1311 1946 1530 1976 kalendarum
1555 1944 1719 1974 Iuliarum

23 2009 50 2029 ⁸5
71 2000 132 2040 die,
156 2000 289 2041 quando
313 2005 522 2031 memoratum
546 2012 702 2042 matyrium
727 2001 901 2032 concilium
932 2001 968 2031 in
993 2000 1098 2031 Nicea
1122 2003 1356 2040 conyreyatum
1379 2002 1434 2036 est,
1464 1996 1627 2026 canonica
1652 1995 1719 2024 iam

61 2051 161 2092 fatus
188 2063 285 2094 papa
316 2052 482 2083 vocatione
510 2053 546 2083 in
579 2052 708 2083 ‘urbem‘
734 2052 882 2091 Romam,
913 2057 941 2082 et
971 2053 1041 2093 ipse
1071 2062 1143 2081 cum
1167 2049 1324 2081 60713ῐίἰου
1351 2048 1561 2079 Constantini
1585 2046 1720 2087 augrus&

71 2104 283 2145 conyreyavit
306 2103 481 2134 ducentosv
505 2105 718 2145 septuaginta
742 2109 857 2145 septem
883 2105 1091 2145 episcoposw,
1118 2107 1146 2132 et
1169 2101 1363 2142 dampnavit
1388 2101 1503 2130 iterum
1526 2103 1591 2128 tam
1611 2097 1720 2129 Calice-

70 2159 136 2186 tum
163 2166 261 2196 quam
285 2154 423 2186 Arrium
454 2160 549 2196 atque
573 2155 764 2195 Sabellium,
795 2160 822 2186 et
852 2157 1030 2196 constituit,
1061 2159 1119 2184 utx
1146 2153 1369 2194 presbyterum
1394 2151 1580 2181 Afro-tanum
1604 2150 1719 2189 resipi-

181 2250 209 2281 a)
229 2250 301 2275 deest
322 2251 346 2275 2.
450 2250 478 2279 b)
500 2251 641 2283 ecclesiam
663 2251 688 2275 2.
794 2252 818 2283 c)
841 2251 998 2276 ordinentur
1017 2252 1109 2275 eadem
1129 2258 1211 2274 manu
1231 2257 1297 2273 corr.
1319 2247 1405 2272 reord.
1429 2248 1451 2270 1.
1548 2246 1575 2275 (l)
1596 2245 1719 2276 nullaque

25 2299 51 2319 40
73 2296 202 2321 dissensio
222 2297 291 2320 inter
310 2299 417 2320 sanctos
439 2296 462 2322 2.
541 2296 580 2328 (Γ)
605 2297 751 2322 disscensio
775 2299 798 2322 1.
875 2300 901 2324 e>
922 2297 1002 2321 verba
1022 2297 1101 2321 Unde
1121 2310 1155 2314 —
1176 2295 1310 2327 impositio
1333 2294 1428 2317 dicitur
1448 2301 1496 2317 om.
1518 2294 1542 2315 2.
1624 2292 1642 2321 f)
1666 2299 1719 2315 non

71 2342 151 2367 liceat
171 2342 195 2367 2.
295 2342 326 2374 g)
347 2343 455 2366 cottidie
477 2343 501 2367 2.
605 2343 634 2371 h)
657 2344 688 2368 de
710 2343 775 2368 eccl.
796 2343 825 2368 in
846 2352 927 2376 mary.
950 2343 1036 2374 suppl.
1059 2343 1082 2366 2.
1178 2342 1198 2365 i)
1220 2340 1261 2364 vel
1281 2340 1386 2363 iteratio
1408 2339 1432 2363 2.
1538 2338 1568 2368 k)
1588 2338 1674 2362 fuerat
1695 2338 1718 2361 2.

72 2388 90 2420 l)
113 2396 175 2420 ergo
195 2396 245 2412 om.
266 2389 291 2413 2.
367 2390 402 2419 m)
425 2396 530 2412 reconc.
551 2403 587 2406 -—
606 2390 777 2421 impositione
797 2398 846 2414 om.
871 2391 892 2413 l.
970 2389 998 2414 nl
1020 2392 1108 2412 autem
1130 2387 1192 2411 add.
1218 2388 1245 2416 13
1267 2386 1337 2410 deest
1358 2385 1382 2409 2.
1403 2384 1469 2409 Eas.
1534 2384 1563 2415 o)
1582 2386 1718 2416 peractum

72 2433 156 2462 ΖΕΒ-ί
175 2442 233 2459 esse
253 2437 362 2466 peracta
384 2434 408 2458 2.
476 2435 505 2466 p)
526 2443 575 2459 om.
599 2436 621 2459 1.
689 2434 717 2467 q)
738 2436 808 2460 intra
829 2437 853 2459 ’2.
921 2439 944 2461 rt
965 2435 1023 2459 silu.
1046 2435 1070 2457 2.
1135 2435 1157 2464 s)
1181 2433 1354 2457 constitutum
1376 2432 1400 2455 ΕΞ.
1463 2432 1482 2461 t)
1505 2431 1569 2454 urbe
1589 2430 1674 2454 Roma
1695 2430 1718 2453 2.

72 2479 99 2512 n)
121 2480 248 2505 conscilio
266 2482 288 2505 l.
345 2489 371 2509 v)
392 2480 542 2505 CCLXVII
557 2481 582 2504 2.
640 2482 673 2512 w)
694 2482 776 2513 episc.
793 2495 825 2499 —
841 2481 985 2505 Sabellinm
1001 2489 1048 2505 om.
1065 2481 1090 2504 2.
1148 2479 1177 2509 x)
1199 2482 1230 2510 ep
1245 2478 1320 2506 add„
1340 2477 1386 2502 sed
1400 2476 1471 2501 linea
1485 2476 1615 2500 subducta
1629 2476 1678 2500 del.
1697 2476 1719 2499 1.

27 2559 55 2580 ⁴5
182 2555 208 2589 1)
240 2556 283 2582 De
311 2556 447 2590 baptismo
476 2559 573 2582 contra
598 2556 766 2582 Donatislas
788 2556 807 2583 l.
824 2556 883 2587 III,
909 2565 931 2582 c.
952 2555 998 2588 16,
1023 2555 1042 2584 l.
1059 2556 1077 2581 ἰ.
1102 2555 1154 2581 col.
1176 2555 1249 2587 117,·
1284 2554 1365 2580 Grat.
1391 2554 1504 2581 Decret¹
1532 2552 1562 2578 C.
1580 2551 1604 2583 I,
1629 2560 1673 2584 qu.
1695 2552 1718 2583 l,

75 2615 99 2635 c.
117 2606 164 2636 74.
253 2607 282 2641 2)
307 2606 351 2639 Cf.
377 2607 482 2634 Concil·
508 2607 642 2641 Cartlzay.
667 2607 696 2640 V,
720 2617 742 2634 c.
764 2608 810 2640 11,
834 2607 934 2633 Mansz·
956 2607 1015 2640 III,
1038 2607 1089 2633 col.
1108 2606 1184 2640 970;
1207 2605 1360 2632 Hinsclzius
1379 2614 1409 2639 p.
1429 2605 1507 2638 307‚·
1535 2604 1617 2630 Grae.
1643 2602 1718 2628 bist.

74 2658 108 2690 L,
132 2667 155 2684 c.
174 2658 221 2685 65.
316 2659 346 2691 3)
371 2658 452 2685 Grat.
476 2659 523 2685 De
546 2659 752 2685 consecratione
776 2659 852 2685 Dist.
870 2659 893 2691 I,
918 2667 941 2685 c.
962 2658 1014 2684 19:
1037 2657 1170 2692 Hyginus
1193 2665 1278 2692 papa.
1375 2657 1404 2690 4)
1430 2656 1475 2690 Cf.
1498 2655 1654 2682 Deusdedit
1678 2654 1717 2685 II,

74 2710 89 2740 ἓ
113 2708 140 2742 9,
162 2709 181 2735 l.
198 2710 216 2737 l.
239 2719 267 2744 p.
286 2710 356 2736 326.
444 2710 473 2743 5)
497 2711 589 2744 Epist.
606 2710 664 2743 III,
688 2712 702 2741 ξ
727 2710 775 2743 21,
800 2710 952 2736 Ilinsclzius
971 2719 1003 2744 p.
1023 2709 1099 2742 24⁴.)‚·
1122 2709 1160 2742 cf.
1184 2709 1334 2735 Humberti
1358 2708 1474 2735 C'ardin.
1498 2708 1558 2734 Lib.
1584 2707 1718 2732 adem-sas

75 2759 172 2787 simon.
189 2761 212 2793 I,
237 2770 259 2787 e.
280 2761 325 2794 10,
350 2761 454 2787 Libelli
477 2761 501 2794 I,
523 2771 551 2796 p.
573 2761 641 2788 116.
730 2761 759 2795 6)
782 2761 933 2795 Sequentia
957 2761 987 2787 z'n
1010 2760 1130 2787 editione
1152 2760 1301 2787 Humberti
1323 2760 1388 2787 huic
1410 2760 1520 2786 auctori
1534 2758 1616 2791 salso
1639 2757 1716 2783 attri-

29 2815 56 2836 60
75 2810 209 2844 hminem,-
231 2812 314 2838 z'mmo
336 2812 436 2839 litteris
458 2813 568 2839 Italicis
592 2813 694 2839 excudi
716 2813 881 2840 debuissent.
970 2813 998 2845 7)
1022 2813 1109 2839 Gesta
1131 2812 1263 2839 Silvestri
1285 2814 1299 2842 ξ
1326 2813 1351 2844 1,
1375 2810 1528 2837 Hinsclzius
1548 2819 1577 2844 p.
1595 2809 1665 2835 449.

1738 758 1886 781 1.Tim.5‚22.
