2101 3072
48 716 75 735 1⁰

48 975 75 994 15

48 1238 74 1257 20

47 1496 74 1516 25

48 1754 75 1773 80

49 2015 76 2034 35

47 2274 75 2292 40

47 2581 76 2600 45

432 152 617 179 GOFFRIDI
642 153 807 180 ABBATIS
830 153 1128 180 VINDOCINENSIS
1151 154 1338 181 LIBELLUS
1362 155 1399 181 11.
1682 151 1743 182 685

95 241 153 272 sub
183 240 311 271 nomine
343 241 515 282 pontificis,
546 240 737 272 aecclesiam
770 241 820 272 vel
852 248 1042 283 potestatem
1072 242 1342 274 aecclesiasticam
1373 243 1435 274 sibi
1460 243 1624 274 vindicare
1656 254 1744 285 prae—

96 293 207 331 sumit,
231 291 283 322 hic
307 293 370 322 iam
395 304 457 323 non
482 304 540 334 per
564 293 701 323 hostium
728 294 839 334 intrat,
867 293 921 323 sed
945 293 1074 324 aliunde
1098 294 1259 334 ascendit,
1290 302 1326 325 ut
1348 296 1462 326 merito
1487 306 1548 325 non
1574 295 1656 325 inter
1679 295 1745 336 epi-

96 354 211 385 scopos
235 349 448 385 computetur,
479 344 535 374 sed
567 345 651 375 inter
674 344 760 375 fures
791 351 822 376 et
843 344 983 375 latrones
1009 352 1264 376 connumeretur.
1311 346 1554 385 Investituram,
1586 358 1680 388 quam
1705 347 1744 376 de

95 406 191 427 manu
220 394 291 426 laici
315 396 485 437 accepistis
518 407 575 437 per
598 397 792 438 pastoralem
817 398 956 436 virgam,
987 396 1079 427 silere
1104 407 1166 426 non
1192 397 1309 436 debeo,
1341 409 1399 428 nec
1422 397 1509 440 loqui
1535 399 1601 429 sine
1625 398 1744 428 dolore.

96 445 189 486 Quod
215 445 255 476 ad
279 447 433 477 maiorem
458 453 610 478 sanctaea
634 448 788 487 ecclesiae
812 448 961 478 iniuriam
986 448 1017 477 in
1043 448 1167 478 occulto
1192 449 1309 479 factum
1335 460 1396 479 non
1421 450 1496 487 fuit,
1522 450 1578 480 scd
1603 449 1743 490 publice.

95 498 177 538 Qui¹
202 504 310 528 autern
333 509 530 539 cognoscere
554 498 704 537 voluerit,
735 499 812 541 quid
844 498 1000 529 catholica
1032 504 1062 529 et
1092 499 1272 540 apostolica
1299 500 1456 531 aecclesia
1486 501 1524 531 de
1555 502 1745 532 investitura

95 550 244 587 senserit,
272 549 349 591 quid
374 550 533 591 docuerit,
565 551 642 592 quid
667 551 860 582 iudicaverit
883 557 914 581 et
937 551 1154 589 constituerit,
1188 551 1273 592 legat
1303 552 1333 581 in
1360 553 1463 592 primo
1489 552 1630 593 capitulo
1660 552 1744 583 illius

95 601 233 641 concilii,
263 601 350 643 quod
376 607 519 643 tempore
544 602 694 643 Gregorii
727 603 859 643 septimi
885 613 987 643 papae
1011 602 1129 632 factum
1155 609 1215 633 est.
1247 608 1278 634 et
1305 602 1348 632 ibi
1374 614 1484 635 omnes
1508 604 1658 642 clericos,
1690 605 1745 645 qui

95 653 134 684 de
159 664 254 684 manu
278 652 350 684 laici
375 654 601 684 investituram
627 655 806 695 suscipiunt
829 653 987 684 hereticos
1012 661 1143 684 vocatos
1175 662 1205 685 et
1229 654 1299 685 ideo
1324 654 1516 696 dampnatos
1540 667 1610 686 esse
1638 662 1668 686 et
1691 666 1745 686 ex-

94 706 349 736 communicatos
373 706 588 737 inveneritb-2.
623 705 715 736 Licet
731 706 814 736 enim
831 705 893 736 alia
910 705 1030 736 heresis
1047 705 1085 736 de
1102 707 1292 736 investitura
1309 706 1443 745 dicatur,
1467 706 1527 737 alia
1546 707 1745 747 symoniaca:

93 758 154 788 ista
176 762 294 796 tamen,
320 767 402 798 quae
426 756 465 787 de
489 757 679 788 investitura
696 757 823 796 dicitur,
849 762 958 788 contra
982 763 1124 787 sanctam
1143 756 1328 788 aecclesiam
1355 758 1467 789 fortius
1493 758 1657 789 iaculatur.
1696 757 1744 787 Ibi

94 810 178 841 enim
200 809 349 850 inprimis
374 809 477 838 omnis
497 808 755 840 aecclesiasticus
772 809 850 839 ordo
869 809 1085 849 confunditur,
1110 809 1238 850 quando
1257 809 1315 839 hoc
1339 810 1422 851 quod
1441 810 1613 851 unicuique
1637 820 1656 839 a
1677 809 1744 839 solo

94 872 151 892 suo
174 866 398 892 consecratore
422 861 453 890 in
478 861 639 891 aecclesia
663 871 735 891 cum
753 861 963 901 orationibus,
989 871 1070 902 qnae
1094 860 1138 890 ibi
1156 862 1361 899 conveniunt,
1386 862 1455 892 dari
1472 861 1577 898 debet,
1600 872 1618 890 a
1636 872 1745 891 saecu-

94 913 151 944 lari
182 917 342 954 potestate
372 913 459 954 prius
489 913 658 954 accipitur,
705 912 799 951 Quod
826 913 927 943 sancti
960 911 1097 953 apostoli
1128 923 1191 942 non
1223 911 1325 942 solum
1356 913 1601 953 interdixerunt,
1632 923 1744 943 verum

94 965 191 996 etiam
217 975 326 995 omnes
356 963 445 1004 illos,
476 965 530 1006 qui
554 975 611 1005 per
634 963 831 995 saecularem
858 970 1048 1005 potestatem
1073 963 1261 994 aecclesiam
1288 965 1448 1005 optinent,
1480 976 1499 994 a
1523 964 1651 994 Christo
1684 964 1745 994 sibi

94 1016 213 1048 tradita
236 1021 393 1058 potestate
418 1016 687 1057 dampnaverunt.
722 1016 765 1047 Et
789 1017 901 1046 merito
925 1015 1062 1057 apostoli
1088 1015 1201 1046 iuditio
1220 1015 1360 1057 Spiritus
1383 1017 1484 1046 sancti
1510 1016 1591 1046 hauc
1608 1015 1743 1046 heresim

94 1069 127 1099 in
149 1069 221 1110 ipso
244 1067 419 1099 aecclesiae
443 1068 603 1109 principio
627 1067 804 1109 dampnare
828 1068 1070 1106 decreverunt-⁶³,
1094 1078 1188 1109 quam
1214 1066 1309 1108 longo
1327 1075 1399 1109 post
1422 1073 1566 1109 tempore
1590 1078 1629 1098 ex
1655 1072 1745 1108 patre

95 1119 224 1151 diabolo
248 1120 442 1151 nascituram
474 1131 545 1150 esse
570 1119 810 1160 praeviderunt.
856 1119 939 1151 Cum
962 1121 1062 1161 igitur
1086 1118 1166 1149 laico
1191 1126 1222 1150 et
1245 1120 1434 1150 investitura
1466 1126 1497 1150 et
1521 1120 1623 1149 omnis
1648 1120 1744 1150 etiam

95 1171 366 1214 disponendarum
391 1171 703 1202 aecclesiasticarum
727 1182 833 1202 rerum
857 1171 992 1202 facultas
1009 1182 1027 1201 a
1044 1171 1166 1212 Spiritu
1184 1176 1303 1210 sancto,
1329 1171 1383 1212 qui
1407 1172 1438 1201 in
1462 1170 1616 1212 apostolis
1639 1170 1746 1212 loque-

96 1224 200 1265 batur,
224 1229 342 1265 negata
366 1224 408 1255 sit
424 1225 552 1266 penitus
575 1228 607 1254 et
630 1223 815 1254 interdicta:
839 1223 893 1265 qui
917 1223 1139 1253 investituram
1165 1234 1183 1253 a
1207 1222 1288 1253 laico
1305 1224 1450 1264 suscipit,
1474 1234 1537 1253 non
1554 1223 1616 1252 iam
1635 1228 1747 1252 contra

94 1275 259 1318 apostolos
282 1280 417 1315 tantum,
441 1277 539 1306 immo
564 1281 675 1306 contra
691 1275 855 1306 dominum
875 1274 1093 1316 apostolorum
1112 1274 1198 1316 quod
1215 1280 1360 1305 sanctum
1385 1279 1433 1305 est
1450 1274 1585 1304 canibus
1602 1275 1745 1315 exponit.

94 1327 291 1358 Investitura
313 1328 409 1363 enim,
434 1327 474 1358 de
498 1339 561 1370 qua
585 1327 756 1369 loquimur,
781 1332 1016 1357 sacramentum
1042 1332 1103 1365 est,
1128 1326 1159 1356 id
1184 1332 1231 1357 est
1255 1337 1383 1356 sacrum
1409 1328 1546 1367 signum,
1576 1337 1638 1368 quo
1664 1326 1747 1366 prin-

96 1390 173 1421 ceps
207 1379 399 1420 aecclesiae,
437 1380 611 1421 episcopus
645 1378 784 1418 scilicet,
822 1390 840 1409 a
875 1379 1010 1410 caeteris
1046 1377 1229 1408 hominibus
1270 1379 1446 1408 secernitur
1492 1379 1611 1418 pariter
1651 1384 1747 1419 atque

95 1431 288 1462 dinoscitur:
313 1438 343 1462 et
367 1442 429 1473 quo
454 1442 552 1473 super
568 1431 777 1461 christianum
802 1442 933 1472 gregem
959 1442 1035 1461 cura
1056 1429 1225 1471 pastoralis
1250 1430 1277 1460 ei
1302 1429 1461 1460 tribuitur.
1502 1429 1594 1460 Hanc
1619 1429 1745 1460 investi-

95 1488 199 1514 turam
224 1483 264 1514 ab
294 1482 346 1514 illo
377 1483 445 1514 solo
470 1484 634 1524 suscipere
659 1482 769 1521 debet,
800 1494 819 1513 a
849 1493 912 1524 quo
944 1488 975 1513 et
1005 1482 1282 1512 consecrationem
1316 1481 1420 1512 habet.
1466 1480 1557 1511 Illum
1589 1481 1747 1522 siquidem

95 1536 184 1577 prius
223 1541 350 1577 oportet
389 1537 586 1573 consecrari,
622 1534 738 1565 deinde
773 1545 848 1564 vero
883 1539 1036 1575 tanquam
1071 1532 1184 1563 ducem
1221 1532 1396 1563 aecclesiae
1431 1533 1531 1564 sacris
1566 1532 1747 1573 insignibus

95 1586 253 1619 decorari.
300 1588 334 1618 Si
359 1588 430 1629 quis
453 1593 558 1619 autem
584 1586 718 1618 cuilibet
741 1586 898 1617 saeculari
922 1585 1073 1627 potestati
1099 1585 1159 1615 ista
1182 1585 1279 1616 licere
1303 1590 1404 1626 putat,
1429 1590 1545 1616 errat0.
1581 1584 1675 1623 Quod
1700 1584 1748 1614 sid

95 1638 267 1670 defendere
290 1640 412 1677 nititur,
436 1639 654 1680 apostolorum
677 1638 857 1669 doctrinam
881 1643 912 1668 et
936 1638 1036 1668 sancti
1055 1636 1195 1678 Spiritus
1219 1647 1346 1667 sensum
1371 1635 1557 1667 adnullaree
1575 1635 1748 1672 desiderat,

95 1690 179 1722 unde
195 1690 358 1731 hereticus
383 1702 454 1721 esse
477 1690 661 1721 nullatenus
685 1690 862 1721 dubitatur.
910 1689 998 1720 Haec
1016 1695 1181 1730 praeterea
1198 1688 1319 1724 heresis
1344 1688 1382 1718 de
1407 1688 1596 1718 investitura
1620 1687 1749 1717 sirecte

97 1744 320 1785 perspiciatur,
349 1743 444 1773 etiam
474 1742 595 1783 heresis
624 1743 813 1784 symoniaca
841 1753 912 1771 esse
944 1741 1018 1771 viva
1049 1746 1080 1771 et
1103 1751 1179 1771 vera
1203 1741 1326 1770 ratione
1351 1740 1514 1780 probatur.
1561 1739 1641 1770 Nam
1666 1750 1748 1780 quae

97 1795 269 1826 saecularis
294 1800 436 1835 potestas
467 1793 528 1826 sibi
552 1794 719 1824 vindicare
751 1794 865 1823 nititur
889 1793 1129 1833 investituram,
1159 1792 1222 1822 nisi
1246 1797 1281 1822 ut
1305 1802 1361 1832 per
1389 1791 1448 1821 hoc
1479 1796 1534 1821 aut
1558 1791 1746 1831 peccuniam

97 1852 288 1888 extorqueat
311 1852 375 1885 aut,
398 1846 485 1888 quod
509 1851 557 1877 est
580 1847 722 1887 gravius,
748 1846 810 1876 sibi
833 1843 1015 1875 inordinate
1036 1844 1212 1874 subiectam
1239 1843 1360 1874 efficiat
1376 1842 1538 1884 pontificis
1557 1841 1749 1883 personam?

97 1897 211 1930 Nullus
235 1903 282 1930 est
304 1898 416 1939 utique
439 1897 609 1936 laicorum,
641 1897 767 1928 etiamsi
791 1898 818 1927 ei
843 1896 966 1934 liceret,
998 1896 1052 1937 qui
1084 1901 1173 1926 tanta
1197 1895 1373 1926 intentione
1397 1894 1525 1925 anulum
1551 1893 1601 1924 vel
1625 1895 1746 1934 virgam

97 1950 173 1982 dare
196 1949 373 1990 desideret,
397 1950 459 1980 nisi
483 1960 541 1990 per
564 1950 643 1980 haec
666 1960 748 1991 quae
772 1953 847 1979 sunt
870 1954 1072 1978 sacramenta
1095 1946 1269 1978 aecclesiae
1294 1946 1525 1988 temporalibus
1549 1946 1646 1976 lucris
1669 1944 1747 1975 inhi-

94 2007 172 2034 aret.
218 2001 323 2032 Laicis
357 2001 486 2043 quidem
512 2008 712 2032 sacramenta
735 2001 776 2031 ab
800 1999 958 2031 aecclesia
990 1999 1153 2040 suscipere
1185 1998 1268 2038 licet,
1300 2009 1363 2028 non
1387 1997 1562 2028 aecclesiae
1588 1996 1749 2039 quaelibet

95 2059 296 2086 sacramenta
319 2052 406 2084 dare.
453 2052 578 2083 Anulus
601 2058 709 2084 autem
734 2058 765 2083 et
781 2053 883 2093 virga,
908 2051 1036 2093 quando
1060 2050 1100 2080 ab
1126 2050 1186 2080 illis
1211 2049 1338 2089 dantur,
1361 2060 1379 2079 a
1397 2050 1515 2091 quibus
1532 2049 1600 2080 dari
1618 2048 1747 2087 debent,

95 2112 128 2138 et
151 2105 281 2148 quando
306 2111 336 2136 et
360 2104 415 2136 ubi
437 2111 468 2136 et
492 2105 655 2147 quomodo
684 2104 813 2144 debent,
841 2109 1042 2134 sacramenta
1066 2101 1242 2133 aecclesiae
1266 2107 1350 2139 sunt,
1382 2103 1465 2132 sicut
1488 2101 1533 2131 sal
1557 2106 1587 2131 et
1610 2111 1695 2142 aqua
1718 2105 1749 2130 et

96 2157 255 2200 quaedam
279 2157 357 2195 alia,
387 2158 455 2188 sine
480 2156 597 2198 quibus
621 2156 787 2187 hominum
819 2161 850 2186 et
873 2154 1102 2186 aecclesiarum
1128 2154 1388 2184 consecrationes
1418 2154 1486 2183 fieri
1516 2164 1578 2182 non
1602 2158 1747 2193 possunt.

97 2210 234 2252 Semper
261 2209 361 2239 laicus
392 2209 432 2240 de
456 2209 664 2248 investitura,
697 2215 730 2238 ut
753 2207 911 2247 diximus,
943 2212 998 2237 aut
1022 2206 1209 2247 peccuniam
1235 2204 1297 2236 sibi
1322 2204 1467 2235 vindicat
1490 2210 1558 2244 aut,
1590 2204 1675 2246 quod
1700 2210 1748 2234 est

96 2260 247 2304 amplius,
271 2261 413 2302 episcopi
438 2260 487 2291 vel
511 2259 662 2291 abbatiss
686 2270 868 2301 personam.
914 2259 984 2289 Hac
1009 2259 1117 2299 itaque
1141 2268 1203 2288 non
1227 2262 1291 2288 tam
1317 2257 1457 2287 humana
1473 2268 1569 2298 quam
1587 2255 1749 2286 diabolica

95 2312 296 2354 malignitate
319 2312 473 2343 aecclesia
489 2311 679 2342 catholicam
705 2310 812 2350 fidem,
835 2309 1017 2341 libertatem
1042 2316 1073 2340 et
1097 2310 1276 2340 castitatem
1293 2309 1420 2348 amittit,
1444 2309 1512 2338 sine
1529 2307 1646 2350 quibus
1662 2306 1749 2338 nulla

96 2365 221 2396 ratione
244 2365 399 2396 subsistit.
446 2363 535 2394 Haec
559 2364 676 2394 etenim
702 2364 763 2393 tria
787 2373 914 2404 semper
930 2362 1088 2392 aecclesia
1104 2360 1223 2391 habere
1247 2359 1352 2399 debet,
1378 2371 1512 2401 quorum
1530 2359 1579 2390 vel
1605 2360 1631 2390 si
1648 2370 1744 2389 unum

97 2417 248 2455 defuerit,
279 2415 368 2446 velut
391 2414 559 2457 paralitica
583 2416 667 2446 iacet
695 2426 754 2445 nec
777 2413 897 2454 ligandi
922 2424 980 2444 nec
1004 2412 1148 2443 solvendi
1173 2417 1365 2454 potestatem
1390 2411 1496 2443 habet.
1534 2411 1627 2442 Hanc
1650 2412 1748 2452 igitur

98 2470 294 2511 quicumque
325 2469 384 2499 sub
417 2468 525 2509 specie
557 2467 696 2509 pastoris
727 2467 892 2507 suscipere
924 2465 1116 2506 praesumit,
1147 2464 1182 2494 fit
1213 2463 1397 2506 paraliticus
1427 2470 1458 2495 et
1488 2463 1629 2494 heretica
1659 2463 1748 2504 lepra

209 2574 237 2605 a)
256 2574 335 2599 iniur.
356 2582 377 2598 s.
398 2574 464 2598 eccl.
485 2574 510 2598 ⁶2.
531 2574 556 2598 3.
634 2572 662 2603 b)
682 2573 803 2597 inveniet
824 2573 848 2596 3.
926 2571 950 2602 c)
973 2578 1104 2602 super-scr.
1128 2570 1151 2593 l.
1228 2569 1255 2601 d)
1278 2569 1294 2594 d
1315 2570 1337 2594 si
1357 2577 1487 2601 superscr.
1511 2571 1534 2594 1.
1611 2568 1637 2600 e)
1654 2571 1747 2600 postea

98 2619 163 2646 add.
185 2620 213 2650 1;
234 2619 369 2650 anullare;
390 2620 407 2644 d
427 2628 495 2644 eras.
516 2620 541 2644 3.
616 2619 639 2650 f)
659 2618 819 2650 sequebatur
839 2620 892 2646 aut,
913 2617 959 2641 scd
979 2625 1048 2641 eras.
1070 2616 1095 2640 2.

209 2719 236 2754 1)
258 2718 366 2744 Abhinc
383 2719 477 2744 eadem
493 2718 522 2743 in
540 2717 647 2743 Libello
665 2717 723 2743 III.
740 2725 826 2750 usque
851 2724 914 2741 csse
939 2717 1065 2741 meretur
1085 2723 1116 2748 p.
1132 2714 1200 2747 (390,
1217 2714 1237 2741 l.
1251 2714 1265 2739 7
1283 2723 1341 2749 sqq.
1358 2714 1498 2748 leqwntur.
1566 2713 1595 2747 2)
1617 2712 1747 2746 synodus

99 2770 229 2796 Romana
257 2778 285 2795 α.
305 2769 393 2801 1078,
419 2769 492 2796 Νου.
513 2770 560 2795 19.
583 2769 691 2802 habita,
720 2768 815 2801 Jaffe',
846 2768 923 2794 Bibl.
940 2767 981 2799 II,
1003 2776 1033 2800 p.
1053 2766 1130 2800 333;
1163 2762 1214 2792 sed
1241 2766 1374 2792 hereticos
1403 2766 1518 2791 clericos
1546 2765 1608 2790 illos
1638 2764 1747 2789 minime

99 2821 225 2854 υκαι-ἐι,-
248 2830 274 2849 υ.
291 2820 394 2848 Saltum
418 2821 437 2848 l.
455 2821 473 2847 l.
562 2822 591 2855 3)
617 2820 743 2847 Canones
767 2820 885 2854 apostol.
910 2828 934 2845 c.
952 2819 1001 2851 30,
1025 2818 1127 2844 Mansa·
1149 2817 1174 2851 I,
1199 2818 1249 2844 col.
1268 2818 1325 2849 53;
1350 2817 1503 2843 Hinschius
1521 2826 1552 2852 p.
1571 2816 1620 2843 ⁴29.
