<?xml version="1.0" encoding="UTF-8"?>
<!DOCTYPE html PUBLIC "-//W3C//DTD XHTML 1.0 Transitional//EN"
    "http://www.w3.org/TR/xhtml1/DTD/xhtml1-transitional.dtd">
<html xmlns="http://www.w3.org/1999/xhtml" xml:lang="en" lang="en">
 <head>
  <title>
</title>
<meta http-equiv="Content-Type" content="text/html;charset=utf-8" />
  <meta name='ocr-system' content='tesseract 3.04.00' />
  <meta name='ocr-capabilities' content='ocr_page ocr_carea ocr_par ocr_line ocrx_word'/>
</head>
<body>
  <div class='ocr_page' id='page_1' title='image "./monumenta02geseuoft_0018.png"; bbox 0 0 2132 3067; ppageno 0'>
   <div class='ocr_carea' id='block_1_1' title="bbox 333 173 1577 210">
    <p class='ocr_par' dir='ltr' id='par_1_1' title="bbox 333 173 1577 210">
     <span class='ocr_line' id='line_1_1' title="bbox 333 173 1577 210; baseline -0.009 0"><span class='ocrx_word' id='word_1_1' title='bbox 333 180 353 210; x_wconf 88' lang='grc'><strong>4</strong></span> <span class='ocrx_word' id='word_1_2' title='bbox 734 178 887 205; x_wconf 84' lang='lat' dir='ltr'>LIBELLI</span> <span class='ocrx_word' id='word_1_3' title='bbox 912 177 1107 203; x_wconf 87' lang='lat' dir='ltr'><em>BERNALDI</em></span> <span class='ocrx_word' id='word_1_4' title='bbox 1131 174 1368 203; x_wconf 85' lang='lat' dir='ltr'><strong>PRESBYTERI</strong></span> <span class='ocrx_word' id='word_1_5' title='bbox 1391 173 1577 202; x_wconf 84' lang='lat' dir='ltr'><em>MONACHI.</em></span> 
     </span>
    </p>
   </div>
   <div class='ocr_carea' id='block_1_2' title="bbox 333 264 2066 1794">
    <p class='ocr_par' dir='ltr' id='par_1_2' title="bbox 440 264 1427 309">
     <span class='ocr_line' id='line_1_2' title="bbox 440 264 1427 309; baseline -0.008 -8"><span class='ocrx_word' id='word_1_6' title='bbox 440 272 477 309; x_wconf 83' lang='lat'><em>4)</em></span> <span class='ocrx_word' id='word_1_7' title='bbox 504 270 577 301; x_wconf 82' lang='lat' dir='ltr'><em>Cod.</em></span> <span class='ocrx_word' id='word_1_8' title='bbox 602 269 786 300; x_wconf 83' lang='lat' dir='ltr'><em>Admunt.</em></span> <span class='ocrx_word' id='word_1_9' title='bbox 812 278 861 297; x_wconf 86' lang='lat' dir='ltr'><em>nr.</em></span> <span class='ocrx_word' id='word_1_10' title='bbox 887 266 956 304; x_wconf 75' lang='lat'><em>162,</em></span> <span class='ocrx_word' id='word_1_11' title='bbox 984 276 1067 296; x_wconf 86' lang='lat' dir='ltr'><em>saec.</em></span> <span class='ocrx_word' id='word_1_12' title='bbox 1091 264 1166 303; x_wconf 87' lang='lat' dir='ltr'><em>XII,</em></span> <span class='ocrx_word' id='word_1_13' title='bbox 1190 265 1246 305; x_wconf 81' lang='lat' dir='ltr'><em>qui</em></span> <span class='ocrx_word' id='word_1_14' title='bbox 1268 264 1427 295; x_wconf 85' lang='lat' dir='ltr'><em>continet:</em></span> 
     </span>
    </p>

    <p class='ocr_par' dir='ltr' id='par_1_3' title="bbox 455 313 1975 411">
     <span class='ocr_line' id='line_1_3' title="bbox 455 313 1975 356; baseline -0.005 -4"><span class='ocrx_word' id='word_1_15' title='bbox 455 322 478 352; x_wconf 95' lang='lat' dir='ltr'><em>I.</em></span> <span class='ocrx_word' id='word_1_16' title='bbox 506 320 726 352; x_wconf 86' lang='lat' dir='ltr'><em>Collectionem</em></span> <span class='ocrx_word' id='word_1_17' title='bbox 758 328 920 348; x_wconf 87' lang='lat' dir='ltr'><em>canonum</em></span> <span class='ocrx_word' id='word_1_18' title='bbox 957 317 1067 347; x_wconf 86' lang='lat' dir='ltr'><em>Trium</em></span> <span class='ocrx_word' id='word_1_19' title='bbox 1094 316 1263 356; x_wconf 83' lang='lat' dir='ltr'><em>partium,</em></span> <span class='ocrx_word' id='word_1_20' title='bbox 1295 324 1436 346; x_wconf 84' lang='lat' dir='ltr'><em>canones</em></span> <span class='ocrx_word' id='word_1_21' title='bbox 1466 313 1504 344; x_wconf 85' lang='lat' dir='ltr'><em>de</em></span> <span class='ocrx_word' id='word_1_22' title='bbox 1536 314 1743 345; x_wconf 81' lang='lat' dir='ltr'><em>matrimonio</em></span> <span class='ocrx_word' id='word_1_23' title='bbox 1771 319 1800 344; x_wconf 90' lang='lat' dir='ltr'><em>et</em></span> <span class='ocrx_word' id='word_1_24' title='bbox 1829 314 1975 346; x_wconf 79' lang='lat' dir='ltr'><strong><em>arborem</em></strong></span> 
     </span>
     <span class='ocr_line' id='line_1_4' title="bbox 501 370 814 411; baseline -0.01 -9"><span class='ocrx_word' id='word_1_25' title='bbox 501 370 814 411; x_wconf 62' lang='lat' dir='ltr'><em>consanguinitatis.</em></span> 
     </span>
    </p>

    <p class='ocr_par' dir='ltr' id='par_1_4' title="bbox 434 420 2066 455">
     <span class='ocr_line' id='line_1_5' title="bbox 434 420 2066 455; baseline -0.007 -2"><span class='ocrx_word' id='word_1_26' title='bbox 434 423 477 453; x_wconf 89' lang='lat' dir='ltr'><em>II.</em></span> <span class='ocrx_word' id='word_1_27' title='bbox 502 421 653 453; x_wconf 73' lang='lat' dir='ltr'><em>Libellum</em></span> <span class='ocrx_word' id='word_1_28' title='bbox 679 420 736 451; x_wconf 92' lang='lat' dir='ltr'><em>IV.</em></span> <span class='ocrx_word' id='word_1_29' title='bbox 2063 453 2066 455; x_wconf 21' lang='grc' dir='ltr'><strong>Δ</strong></span> 
     </span>
    </p>

    <p class='ocr_par' dir='ltr' id='par_1_5' title="bbox 394 466 2026 922">
     <span class='ocr_line' id='line_1_6' title="bbox 415 466 2009 514; baseline -0.003 -9"><span class='ocrx_word' id='word_1_30' title='bbox 415 473 476 504; x_wconf 89' lang='lat' dir='ltr'><em>III.</em></span> <span class='ocrx_word' id='word_1_31' title='bbox 501 473 745 514; x_wconf 74' lang='lat' dir='ltr'><em>Apoloyeticunz</em></span> <span class='ocrx_word' id='word_1_32' title='bbox 777 481 876 512; x_wconf 78' lang='lat' dir='ltr'><em>super</em></span> <span class='ocrx_word' id='word_1_33' title='bbox 905 469 1265 500; x_wconf 67' lang='lat' dir='ltr'><em>eoecommunicationem</em></span> <span class='ocrx_word' id='word_1_34' title='bbox 1296 466 1450 509; x_wconf 64' lang='lat' dir='ltr'><em>Gregorii</em></span> <span class='ocrx_word' id='word_1_35' title='bbox 1481 467 1548 498; x_wconf 89' lang='lat' dir='ltr'><em>VII.</em></span> <span class='ocrx_word' id='word_1_36' title='bbox 1586 479 1606 498; x_wconf 90' lang='lat' dir='ltr'><em>a</em></span> <span class='ocrx_word' id='word_1_37' title='bbox 1639 467 1665 499; x_wconf 91' lang='lat' dir='ltr'><em>I.</em></span> <span class='ocrx_word' id='word_1_38' title='bbox 1693 467 1854 506; x_wconf 80' lang='lat' dir='ltr'><em>Gretsero,</em></span> <span class='ocrx_word' id='word_1_39' title='bbox 1890 467 2009 510; x_wconf 77' lang='lat' dir='ltr'><em>Opp.⁵</em></span> 
     </span>
     <span class='ocr_line' id='line_1_7' title="bbox 503 519 1554 564; baseline -0.004 -9"><span class='ocrx_word' id='word_1_40' title='bbox 503 524 536 556; x_wconf 90' lang='lat' dir='ltr'><em>S.</em></span> <span class='ocrx_word' id='word_1_41' title='bbox 568 523 616 562; x_wconf 80' lang='lat'><em>1⁷1,</em></span> <span class='ocrx_word' id='word_1_42' title='bbox 635 534 671 564; x_wconf 83' lang='lat' dir='ltr'><em>p.</em></span> <span class='ocrx_word' id='word_1_43' title='bbox 695 522 830 560; x_wconf 76' lang='lat'><strong>29-34,</strong></span> <span class='ocrx_word' id='word_1_44' title='bbox 854 520 1023 552; x_wconf 81' lang='lat' dir='ltr'><em>Ratisbon.</em></span> <span class='ocrx_word' id='word_1_45' title='bbox 1048 519 1139 558; x_wconf 79' lang='lat'>1735,</span> <span class='ocrx_word' id='word_1_46' title='bbox 1162 519 1331 550; x_wconf 85' lang='lat' dir='ltr'><em>Bernaldo</em></span> <span class='ocrx_word' id='word_1_47' title='bbox 1355 519 1554 551; x_wconf 82' lang='lat' dir='ltr'><em>attributum.</em></span> 
     </span>
     <span class='ocr_line' id='line_1_8' title="bbox 419 573 743 606; baseline -0.009 0"><span class='ocrx_word' id='word_1_48' title='bbox 419 575 475 606; x_wconf 85' lang='lat' dir='ltr'><em>IV.</em></span> <span class='ocrx_word' id='word_1_49' title='bbox 502 574 654 605; x_wconf 75' lang='lat' dir='ltr'><em>Libellum</em></span> <span class='ocrx_word' id='word_1_50' title='bbox 680 573 743 604; x_wconf 89' lang='lat' dir='ltr'><em>III.</em></span> 
     </span>
     <span class='ocr_line' id='line_1_9' title="bbox 447 621 1977 666; baseline -0.001 -11"><span class='ocrx_word' id='word_1_51' title='bbox 447 627 476 659; x_wconf 75' lang='lat' dir='ltr'><em>V,</em></span> <span class='ocrx_word' id='word_1_52' title='bbox 503 626 666 666; x_wconf 71' lang='lat' dir='ltr'><em>Ercerpta</em></span> <span class='ocrx_word' id='word_1_53' title='bbox 699 635 738 655; x_wconf 73' lang='lat' dir='ltr'><em>ea:</em></span> <span class='ocrx_word' id='word_1_54' title='bbox 760 623 954 665; x_wconf 73' lang='lat' dir='ltr'><em>Maneyoldi</em></span> <span class='ocrx_word' id='word_1_55' title='bbox 983 622 1064 653; x_wconf 82' lang='lat' dir='ltr'><em>libro</em></span> <span class='ocrx_word' id='word_1_56' title='bbox 1097 623 1142 653; x_wconf 84' lang='lat' dir='ltr'><em>ad</em></span> <span class='ocrx_word' id='word_1_57' title='bbox 1166 621 1404 662; x_wconf 74' lang='lat' dir='ltr'><em>Gebehardurn,</em></span> <span class='ocrx_word' id='word_1_58' title='bbox 1432 632 1515 664; x_wconf 87' lang='lat' dir='ltr'><em>quae</em></span> <span class='ocrx_word' id='word_1_59' title='bbox 1545 622 1710 662; x_wconf 79' lang='lat' dir='ltr'><em>inscripta</em></span> <span class='ocrx_word' id='word_1_60' title='bbox 1737 626 1833 653; x_wconf 82' lang='lat' dir='ltr'><em>sunt:</em></span> <span class='ocrx_word' id='word_1_61' title='bbox 1867 621 1977 653; x_wconf 82' lang='lat' dir='ltr'><em>‘XXV.</em></span> 
     </span>
     <span class='ocr_line' id='line_1_10' title="bbox 504 673 1979 717; baseline -0.002 -10"><span class='ocrx_word' id='word_1_62' title='bbox 504 677 590 716; x_wconf 83' lang='lat' dir='ltr'><em>(scil.</em></span> <span class='ocrx_word' id='word_1_63' title='bbox 614 687 686 717; x_wconf 81' lang='lat' dir='ltr'><em>cap.</em></span> <span class='ocrx_word' id='word_1_64' title='bbox 710 675 764 706; x_wconf 86' lang='lat' dir='ltr'><em>lib.</em></span> <span class='ocrx_word' id='word_1_65' title='bbox 789 675 869 713; x_wconf 86' lang='lat' dir='ltr'><em>III.)</em></span> <span class='ocrx_word' id='word_1_66' title='bbox 893 674 1003 714; x_wconf 79' lang='lat' dir='ltr'><em>Ratio,</em></span> <span class='ocrx_word' id='word_1_67' title='bbox 1026 685 1086 704; x_wconf 89' lang='lat' dir='ltr'><em>cur</em></span> <span class='ocrx_word' id='word_1_68' title='bbox 1108 674 1382 704; x_wconf 83' lang='lat' dir='ltr'><em>incontinentium</em></span> <span class='ocrx_word' id='word_1_69' title='bbox 1406 673 1610 704; x_wconf 86' lang='lat' dir='ltr'><em>sacerdotum</em></span> <span class='ocrx_word' id='word_1_70' title='bbox 1633 673 1746 715; x_wconf 84' lang='lat' dir='ltr'><em>officia</em></span> <span class='ocrx_word' id='word_1_71' title='bbox 1766 673 1890 716; x_wconf 81' lang='lat' dir='ltr'><em>populo</em></span> <span class='ocrx_word' id='word_1_72' title='bbox 1911 674 1979 705; x_wconf 81' lang='lat' dir='ltr'><em>sint</em></span> 
     </span>
     <span class='ocr_line' id='line_1_11' title="bbox 500 727 2026 768; baseline -0.001 -11"><span class='ocrx_word' id='word_1_73' title='bbox 500 727 686 768; x_wconf 74' lang='lat' dir='ltr'><em>prohibita&#39;.</em></span> <span class='ocrx_word' id='word_1_74' title='bbox 1998 735 2026 755; x_wconf 75' lang='grc' dir='ltr'><em>ιο</em></span> 
     </span>
     <span class='ocr_line' id='line_1_12' title="bbox 427 775 1887 820; baseline -0.003 -10"><span class='ocrx_word' id='word_1_75' title='bbox 427 779 475 810; x_wconf 90' lang='lat' dir='ltr'><em>VI.</em></span> <span class='ocrx_word' id='word_1_76' title='bbox 499 779 632 820; x_wconf 76' lang='lat' dir='ltr'><em>Aliquot</em></span> <span class='ocrx_word' id='word_1_77' title='bbox 655 788 807 816; x_wconf 86' lang='lat' dir='ltr'><em>canones,</em></span> <span class='ocrx_word' id='word_1_78' title='bbox 831 777 948 818; x_wconf 82' lang='lat' dir='ltr'><em>quibus</em></span> <span class='ocrx_word' id='word_1_79' title='bbox 973 775 1121 817; x_wconf 76' lang='lat' dir='ltr'><em>eaeempla</em></span> <span class='ocrx_word' id='word_1_80' title='bbox 1144 787 1255 818; x_wconf 66' lang='lat' dir='ltr'><em>reglum</em></span> <span class='ocrx_word' id='word_1_81' title='bbox 1280 777 1636 807; x_wconf 68' lang='lat' dir='ltr'><em>excommunicatorum</em></span> <span class='ocrx_word' id='word_1_82' title='bbox 1660 776 1778 807; x_wconf 88' lang='lat' dir='ltr'><em>addita</em></span> <span class='ocrx_word' id='word_1_83' title='bbox 1801 781 1887 807; x_wconf 83' lang='lat' dir='ltr'><em>sunt.</em></span> 
     </span>
     <span class='ocr_line' id='line_1_13' title="bbox 410 827 1358 871; baseline -0.002 -11"><span class='ocrx_word' id='word_1_84' title='bbox 410 831 476 861; x_wconf 90' lang='lat' dir='ltr'><em>VII.</em></span> <span class='ocrx_word' id='word_1_85' title='bbox 499 830 670 871; x_wconf 72' lang='lat' dir='ltr'><em>Aqobardi</em></span> <span class='ocrx_word' id='word_1_86' title='bbox 693 828 811 859; x_wconf 83' lang='lat' dir='ltr'><em>librum</em></span> <span class='ocrx_word' id='word_1_87' title='bbox 836 829 874 859; x_wconf 83' lang='lat' dir='ltr'><em>de</em></span> <span class='ocrx_word' id='word_1_88' title='bbox 898 828 1094 859; x_wconf 74' lang='lat' dir='ltr'><em>correctione</em></span> <span class='ocrx_word' id='word_1_89' title='bbox 1118 827 1358 869; x_wconf 72' lang='lat' dir='ltr'><em>antiphonarii.</em></span> 
     </span>
     <span class='ocr_line' id='line_1_14' title="bbox 394 878 1669 922; baseline -0.002 -9"><span class='ocrx_word' id='word_1_90' title='bbox 394 882 477 913; x_wconf 84' lang='lat' dir='ltr'><em>VIII.</em></span> <span class='ocrx_word' id='word_1_91' title='bbox 503 880 682 922; x_wconf 64' lang='lat' dir='ltr'><em>Epistolam</em></span> <span class='ocrx_word' id='word_1_92' title='bbox 708 880 796 910; x_wconf 87' lang='lat' dir='ltr'><em>Petri</em></span> <span class='ocrx_word' id='word_1_93' title='bbox 818 879 984 910; x_wconf 85' lang='lat' dir='ltr'><em>Damiani</em></span> <span class='ocrx_word' id='word_1_94' title='bbox 1008 879 1052 910; x_wconf 87' lang='lat' dir='ltr'><em>ad</em></span> <span class='ocrx_word' id='word_1_95' title='bbox 1075 878 1303 910; x_wconf 65' lang='lat' dir='ltr'><em>Alea-andrum</em></span> <span class='ocrx_word' id='word_1_96' title='bbox 1327 878 1370 910; x_wconf 92' lang='lat' dir='ltr'><em>II.</em></span> <span class='ocrx_word' id='word_1_97' title='bbox 1395 890 1520 920; x_wconf 81' lang='lat' dir='ltr'><em>papam</em></span> <span class='ocrx_word' id='word_1_98' title='bbox 1545 879 1669 910; x_wconf 87' lang='lat' dir='ltr'><em>datam.</em></span> 
     </span>
    </p>

    <p class='ocr_par' dir='ltr' id='par_1_6' title="bbox 424 931 1216 972">
     <span class='ocr_line' id='line_1_15' title="bbox 424 931 1216 972; baseline -0.005 -8"><span class='ocrx_word' id='word_1_99' title='bbox 424 933 477 964; x_wconf 86' lang='lat' dir='ltr'><em>IX.</em></span> <span class='ocrx_word' id='word_1_100' title='bbox 503 933 642 963; x_wconf 78' lang='lat' dir='ltr'><em>Diversa</em></span> <span class='ocrx_word' id='word_1_101' title='bbox 669 932 713 961; x_wconf 80' lang='lat' dir='ltr'><em>ad</em></span> <span class='ocrx_word' id='word_1_102' title='bbox 735 942 852 962; x_wconf 86' lang='lat' dir='ltr'><em>sacras</em></span> <span class='ocrx_word' id='word_1_103' title='bbox 873 931 999 961; x_wconf 85' lang='lat' dir='ltr'><em>litteras</em></span> <span class='ocrx_word' id='word_1_104' title='bbox 1023 931 1216 972; x_wconf 74' lang='lat' dir='ltr'><em>spectantia.</em></span> 
     </span>
    </p>

    <p class='ocr_par' dir='ltr' id='par_1_7' title="bbox 439 980 2028 1023">
     <span class='ocr_line' id='line_1_16' title="bbox 439 980 2028 1023; baseline -0.002 -7.989"><span class='ocrx_word' id='word_1_105' title='bbox 439 985 476 1016; x_wconf 92' lang='lat' dir='ltr'><em>X.</em></span> <span class='ocrx_word' id='word_1_106' title='bbox 501 983 651 1015; x_wconf 77' lang='lat' dir='ltr'><em>Libellum</em></span> <span class='ocrx_word' id='word_1_107' title='bbox 670 982 816 1014; x_wconf 74' lang='lat' dir='ltr'><em>Anselmi</em></span> <span class='ocrx_word' id='word_1_108' title='bbox 834 982 988 1013; x_wconf 78' lang='lat' dir='ltr'><em>Lucensis</em></span> <span class='ocrx_word' id='word_1_109' title='bbox 1011 982 1160 1023; x_wconf 76' lang='lat' dir='ltr'><em>episcopi</em></span> <span class='ocrx_word' id='word_1_110' title='bbox 1183 987 1299 1013; x_wconf 83' lang='lat' dir='ltr'><em>contra</em></span> <span class='ocrx_word' id='word_1_111' title='bbox 1319 981 1509 1013; x_wconf 74' lang='lat' dir='ltr'><em>Wicbertum</em></span> <span class='ocrx_word' id='word_1_112' title='bbox 1533 987 1560 1012; x_wconf 87' lang='lat' dir='ltr'><em>et</em></span> <span class='ocrx_word' id='word_1_113' title='bbox 1583 993 1736 1023; x_wconf 73' lang='lat' dir='ltr'><em>sequaces</em></span> <span class='ocrx_word' id='word_1_114' title='bbox 1752 982 1833 1013; x_wconf 82' lang='lat' dir='ltr'><em>eius.</em></span> <span class='ocrx_word' id='word_1_115' title='bbox 1862 980 1980 1013; x_wconf 83' lang='lat' dir='ltr'><em>Libelli</em></span> <span class='ocrx_word' id='word_1_116' title='bbox 1999 992 2028 1012; x_wconf 82' lang='lat'><em>15</em></span> 
     </span>
    </p>

    <p class='ocr_par' dir='ltr' id='par_1_8' title="bbox 503 1033 897 1075">
     <span class='ocr_line' id='line_1_17' title="bbox 503 1033 897 1075; baseline -0.005 -9"><span class='ocrx_word' id='word_1_117' title='bbox 503 1036 540 1066; x_wconf 88' lang='lat' dir='ltr'><em>de</em></span> <span class='ocrx_word' id='word_1_118' title='bbox 563 1035 616 1066; x_wconf 75' lang='lat' dir='ltr'><em>lue</em></span> <span class='ocrx_word' id='word_1_119' title='bbox 642 1035 722 1075; x_wconf 67' lang='grc'><strong><em>1,]7.</em></strong></span> <span class='ocrx_word' id='word_1_120' title='bbox 745 1033 807 1065; x_wconf 75' lang='lat'><em>517</em></span> <span class='ocrx_word' id='word_1_121' title='bbox 831 1045 897 1075; x_wconf 84' lang='lat' dir='ltr'><em>sqq.</em></span> 
     </span>
    </p>

    <p class='ocr_par' dir='ltr' id='par_1_9' title="bbox 439 1084 1174 1127">
     <span class='ocr_line' id='line_1_18' title="bbox 439 1084 1174 1127; baseline -0.005 -8"><span class='ocrx_word' id='word_1_122' title='bbox 439 1089 476 1127; x_wconf 83' lang='lat'><em>5)</em></span> <span class='ocrx_word' id='word_1_123' title='bbox 503 1087 575 1118; x_wconf 82' lang='lat' dir='ltr'><em>(od.</em></span> <span class='ocrx_word' id='word_1_124' title='bbox 600 1087 658 1117; x_wconf 67' lang='lat' dir='ltr'><em>llo</em></span> <span class='ocrx_word' id='word_1_125' title='bbox 671 1097 755 1117; x_wconf 87' lang='lat' dir='ltr'><em>nac</em></span> <span class='ocrx_word' id='word_1_126' title='bbox 780 1097 828 1115; x_wconf 88' lang='lat' dir='ltr'><em>nr.</em></span> <span class='ocrx_word' id='word_1_127' title='bbox 855 1084 968 1122; x_wconf 78' lang='lat'><strong>12603,</strong></span> <span class='ocrx_word' id='word_1_128' title='bbox 992 1095 1075 1116; x_wconf 87' lang='lat' dir='ltr'><em>saec.</em></span> <span class='ocrx_word' id='word_1_129' title='bbox 1098 1084 1174 1116; x_wconf 83' lang='lat' dir='ltr'><em>XII.</em></span> 
     </span>
    </p>

    <p class='ocr_par' dir='ltr' id='par_1_10' title="bbox 503 1135 1809 1178">
     <span class='ocr_line' id='line_1_19' title="bbox 503 1135 1809 1178; baseline -0.002 -9"><span class='ocrx_word' id='word_1_130' title='bbox 503 1139 554 1169; x_wconf 75' lang='lat' dir='ltr'><em>Ec</em></span> <span class='ocrx_word' id='word_1_131' title='bbox 579 1138 646 1169; x_wconf 85' lang='lat' dir='ltr'><em>cod.</em></span> <span class='ocrx_word' id='word_1_132' title='bbox 666 1137 822 1169; x_wconf 71' lang='lat' dir='ltr'><em>4dm11nt.</em></span> <span class='ocrx_word' id='word_1_133' title='bbox 848 1136 902 1175; x_wconf 82' lang='lat'><em>(4)</em></span> <span class='ocrx_word' id='word_1_134' title='bbox 925 1137 1166 1177; x_wconf 83' lang='lat' dir='ltr'><em>transscriptus</em></span> <span class='ocrx_word' id='word_1_135' title='bbox 1189 1137 1313 1167; x_wconf 80' lang='lat' dir='ltr'><em>eosdem</em></span> <span class='ocrx_word' id='word_1_136' title='bbox 1336 1136 1502 1167; x_wconf 82' lang='lat' dir='ltr'><em>Bernaldi</em></span> <span class='ocrx_word' id='word_1_137' title='bbox 1524 1136 1644 1168; x_wconf 84' lang='lat' dir='ltr'><em>libellos</em></span> <span class='ocrx_word' id='word_1_138' title='bbox 1662 1135 1809 1178; x_wconf 82' lang='lat' dir='ltr'><em>praebet.</em></span> 
     </span>
    </p>

    <p class='ocr_par' dir='ltr' id='par_1_11' title="bbox 333 1185 2027 1334">
     <span class='ocr_line' id='line_1_20' title="bbox 439 1185 1980 1229; baseline -0.003 -7"><span class='ocrx_word' id='word_1_139' title='bbox 439 1191 474 1229; x_wconf 85' lang='lat'><em>6)</em></span> <span class='ocrx_word' id='word_1_140' title='bbox 501 1189 576 1221; x_wconf 70' lang='lat' dir='ltr'><em>Coa.</em></span> <span class='ocrx_word' id='word_1_141' title='bbox 609 1189 764 1220; x_wconf 86' lang='lat' dir='ltr'><em>Monac.</em></span> <span class='ocrx_word' id='word_1_142' title='bbox 796 1199 845 1218; x_wconf 86' lang='lat' dir='ltr'><em>nr.</em></span> <span class='ocrx_word' id='word_1_143' title='bbox 873 1187 984 1227; x_wconf 71' lang='lat'>12612,</span> <span class='ocrx_word' id='word_1_144' title='bbox 1014 1198 1097 1219; x_wconf 79' lang='lat' dir='ltr'><em>saec.</em></span> <span class='ocrx_word' id='word_1_145' title='bbox 1122 1187 1197 1228; x_wconf 82' lang='lat' dir='ltr'><em>XII,</em></span> <span class='ocrx_word' id='word_1_146' title='bbox 1226 1187 1352 1218; x_wconf 70' lang='lat' dir='ltr'><em>eoehibet</em></span> <span class='ocrx_word' id='word_1_147' title='bbox 1379 1192 1513 1229; x_wconf 84' lang='lat' dir='ltr'><em>praeter</em></span> <span class='ocrx_word' id='word_1_148' title='bbox 1540 1188 1609 1219; x_wconf 84' lang='lat' dir='ltr'><em>alia</em></span> <span class='ocrx_word' id='word_1_149' title='bbox 1635 1192 1765 1229; x_wconf 81' lang='lat' dir='ltr'><em>partem</em></span> <span class='ocrx_word' id='word_1_150' title='bbox 1794 1186 1895 1219; x_wconf 80' lang='lat' dir='ltr'><em>libelli</em></span> <span class='ocrx_word' id='word_1_151' title='bbox 1922 1185 1980 1227; x_wconf 63' lang='lat' dir='ltr'><em>LX,</em></span> 
     </span>
     <span class='ocr_line' id='line_1_21' title="bbox 334 1237 2027 1284; baseline -0.003 -11"><span class='ocrx_word' id='word_1_152' title='bbox 334 1242 452 1284; x_wconf 73' lang='lat' dir='ltr'><em>synodi</em></span> <span class='ocrx_word' id='word_1_153' title='bbox 476 1240 776 1282; x_wconf 64' lang='lat' dir='ltr'><em>quadr-aglesirnalz&#39;s</em></span> <span class='ocrx_word' id='word_1_154' title='bbox 800 1251 830 1269; x_wconf 91' lang='lat' dir='ltr'><em>a.</em></span> <span class='ocrx_word' id='word_1_155' title='bbox 846 1238 937 1270; x_wconf 74' lang='lat'><em>1078.</em></span> <span class='ocrx_word' id='word_1_156' title='bbox 960 1239 1093 1269; x_wconf 85' lang='lat' dir='ltr'><em>initium</em></span> <span class='ocrx_word' id='word_1_157' title='bbox 1116 1244 1145 1270; x_wconf 87' lang='lat' dir='ltr'><em>et</em></span> <span class='ocrx_word' id='word_1_158' title='bbox 1159 1239 1273 1278; x_wconf 83' lang='lat' dir='ltr'><em>finem,</em></span> <span class='ocrx_word' id='word_1_159' title='bbox 1303 1239 1431 1270; x_wconf 72' lang='lat' dir='ltr'><em>Urbani</em></span> <span class='ocrx_word' id='word_1_160' title='bbox 1454 1239 1498 1270; x_wconf 91' lang='lat' dir='ltr'><em>II.</em></span> <span class='ocrx_word' id='word_1_161' title='bbox 1523 1239 1678 1280; x_wconf 79' lang='lat' dir='ltr'><em>epistolas</em></span> <span class='ocrx_word' id='word_1_162' title='bbox 1700 1238 1789 1280; x_wconf 82' lang='lat' dir='ltr'><em>Jaffe&#39;</em></span> <span class='ocrx_word' id='word_1_163' title='bbox 1811 1250 1861 1270; x_wconf 84' lang='lat' dir='ltr'><em>nr.</em></span> <span class='ocrx_word' id='word_1_164' title='bbox 1885 1237 1979 1271; x_wconf 76' lang='lat'><em>5394.</em></span> <span class='ocrx_word' id='word_1_165' title='bbox 1999 1248 2027 1268; x_wconf 78' lang='lat'><em>20</em></span> 
     </span>
     <span class='ocr_line' id='line_1_22' title="bbox 333 1289 1199 1334; baseline -0.005 -9"><span class='ocrx_word' id='word_1_166' title='bbox 333 1293 426 1334; x_wconf 78' lang='lat'>5393,</span> <span class='ocrx_word' id='word_1_167' title='bbox 447 1298 577 1334; x_wconf 78' lang='lat' dir='ltr'><em>partem</em></span> <span class='ocrx_word' id='word_1_168' title='bbox 601 1291 700 1322; x_wconf 82' lang='lat' dir='ltr'><em>libelli</em></span> <span class='ocrx_word' id='word_1_169' title='bbox 723 1290 762 1320; x_wconf 82' lang='lat' dir='ltr'><em>X.</em></span> <span class='ocrx_word' id='word_1_170' title='bbox 785 1294 813 1321; x_wconf 85' lang='lat' dir='ltr'><em>et</em></span> <span class='ocrx_word' id='word_1_171' title='bbox 836 1289 958 1321; x_wconf 84' lang='lat' dir='ltr'><em>libellos</em></span> <span class='ocrx_word' id='word_1_172' title='bbox 983 1289 1032 1320; x_wconf 88' lang='lat' dir='ltr'><em>VI.</em></span> <span class='ocrx_word' id='word_1_173' title='bbox 1060 1295 1087 1321; x_wconf 91' lang='lat' dir='ltr'><em>et</em></span> <span class='ocrx_word' id='word_1_174' title='bbox 1111 1290 1199 1322; x_wconf 81' lang='lat' dir='ltr'><em>XVI.</em></span> 
     </span>
    </p>

    <p class='ocr_par' dir='ltr' id='par_1_12' title="bbox 336 1340 1981 1484">
     <span class='ocr_line' id='line_1_23' title="bbox 440 1340 1979 1384; baseline -0.001 -10"><span class='ocrx_word' id='word_1_175' title='bbox 440 1344 476 1383; x_wconf 75' lang='lat'><em>7)</em></span> <span class='ocrx_word' id='word_1_176' title='bbox 509 1344 585 1376; x_wconf 78' lang='lat' dir='ltr'><em>Cod.</em></span> <span class='ocrx_word' id='word_1_177' title='bbox 617 1341 786 1373; x_wconf 80' lang='lat' dir='ltr'><em>Vindob.</em></span> <span class='ocrx_word' id='word_1_178' title='bbox 819 1353 870 1372; x_wconf 85' lang='lat' dir='ltr'><em>nr.</em></span> <span class='ocrx_word' id='word_1_179' title='bbox 894 1341 955 1373; x_wconf 74' lang='lat'><em>862</em></span> <span class='ocrx_word' id='word_1_180' title='bbox 975 1341 1102 1381; x_wconf 78' lang='lat' dir='ltr'><em>(Theol.</em></span> <span class='ocrx_word' id='word_1_181' title='bbox 1126 1341 1216 1381; x_wconf 78' lang='lat'><em>738),</em></span> <span class='ocrx_word' id='word_1_182' title='bbox 1244 1354 1326 1373; x_wconf 69' lang='lat' dir='ltr'><em>saec.</em></span> <span class='ocrx_word' id='word_1_183' title='bbox 1350 1342 1425 1373; x_wconf 85' lang='lat' dir='ltr'><em>XII.</em></span> <span class='ocrx_word' id='word_1_184' title='bbox 1456 1342 1537 1372; x_wconf 82' lang='lat' dir='ltr'><em>idem</em></span> <span class='ocrx_word' id='word_1_185' title='bbox 1569 1347 1624 1380; x_wconf 86' lang='lat' dir='ltr'><em>est,</em></span> <span class='ocrx_word' id='word_1_186' title='bbox 1654 1352 1694 1373; x_wconf 67' lang='lat' dir='ltr'><em>esc</em></span> <span class='ocrx_word' id='word_1_187' title='bbox 1724 1352 1787 1384; x_wconf 82' lang='lat' dir='ltr'><em>quo</em></span> <span class='ocrx_word' id='word_1_188' title='bbox 1818 1340 1854 1373; x_wconf 93' lang='lat' dir='ltr'><em>S.</em></span> <span class='ocrx_word' id='word_1_189' title='bbox 1879 1341 1979 1383; x_wconf 76' lang='lat' dir='ltr'><em>Tenq-</em></span> 
     </span>
     <span class='ocr_line' id='line_1_24' title="bbox 336 1392 1981 1438; baseline -0.002 -11"><span class='ocrx_word' id='word_1_190' title='bbox 336 1395 443 1438; x_wconf 75' lang='lat' dir='ltr'><em>naqel,</em></span> <span class='ocrx_word' id='word_1_191' title='bbox 465 1395 573 1426; x_wconf 86' lang='lat' dir='ltr'><em>Vetera</em></span> <span class='ocrx_word' id='word_1_192' title='bbox 589 1395 801 1426; x_wconf 80' lang='lat' dir='ltr'><em>Monumenta</em></span> <span class='ocrx_word' id='word_1_193' title='bbox 827 1397 940 1424; x_wconf 87' lang='lat' dir='ltr'><em>contra</em></span> <span class='ocrx_word' id='word_1_194' title='bbox 955 1392 1179 1424; x_wconf 71' lang='lat' dir='ltr'><em>schismaticos</em></span> <span class='ocrx_word' id='word_1_195' title='bbox 1201 1405 1234 1434; x_wconf 80' lang='lat' dir='ltr'><em>p.</em></span> <span class='ocrx_word' id='word_1_196' title='bbox 1252 1393 1430 1434; x_wconf 77' lang='grc'>238-287,</span> <span class='ocrx_word' id='word_1_197' title='bbox 1452 1393 1593 1425; x_wconf 86' lang='lat' dir='ltr'><em>libellum</em></span> <span class='ocrx_word' id='word_1_198' title='bbox 1608 1393 1647 1424; x_wconf 86' lang='lat' dir='ltr'><em>X.</em></span> <span class='ocrx_word' id='word_1_199' title='bbox 1671 1393 1784 1432; x_wconf 83' lang='lat' dir='ltr'><em>edidit,</em></span> <span class='ocrx_word' id='word_1_200' title='bbox 1807 1392 1850 1434; x_wconf 91' lang='lat' dir='ltr'><em>cf.</em></span> <span class='ocrx_word' id='word_1_201' title='bbox 1867 1392 1981 1433; x_wconf 78' lang='lat' dir='ltr'><em>Denis,</em></span> 
     </span>
     <span class='ocr_line' id='line_1_25' title="bbox 337 1443 1046 1484; baseline -0.008 -4"><span class='ocrx_word' id='word_1_202' title='bbox 337 1448 435 1481; x_wconf 78' lang='lat' dir='ltr'><em>Godd.</em></span> <span class='ocrx_word' id='word_1_203' title='bbox 455 1459 545 1478; x_wconf 77' lang='lat' dir='ltr'><em>mser.</em></span> <span class='ocrx_word' id='word_1_204' title='bbox 570 1446 642 1477; x_wconf 80' lang='lat' dir='ltr'><em>bibl.</em></span> <span class='ocrx_word' id='word_1_205' title='bbox 667 1445 798 1476; x_wconf 79' lang='lat' dir='ltr'><em>Vindob.</em></span> <span class='ocrx_word' id='word_1_206' title='bbox 823 1444 850 1484; x_wconf 90' lang='lat' dir='ltr'><em>I,</em></span> <span class='ocrx_word' id='word_1_207' title='bbox 873 1444 928 1475; x_wconf 85' lang='lat' dir='ltr'><em>col.</em></span> <span class='ocrx_word' id='word_1_208' title='bbox 953 1443 1046 1475; x_wconf 75' lang='lat'><em>3203.</em></span> 
     </span>
    </p>

    <p class='ocr_par' dir='ltr' id='par_1_13' title="bbox 337 1494 2028 1743">
     <span class='ocr_line' id='line_1_26' title="bbox 440 1494 2028 1538; baseline -0.003 -8"><span class='ocrx_word' id='word_1_209' title='bbox 440 1499 477 1538; x_wconf 86' lang='lat'><em>8)</em></span> <span class='ocrx_word' id='word_1_210' title='bbox 504 1498 578 1529; x_wconf 68' lang='lat' dir='ltr'><em>s&#39;od.</em></span> <span class='ocrx_word' id='word_1_211' title='bbox 601 1497 640 1528; x_wconf 88' lang='lat' dir='ltr'><em>Vi</em></span> <span class='ocrx_word' id='word_1_212' title='bbox 652 1497 763 1528; x_wconf 83' lang='lat' dir='ltr'><em>ndob.</em></span> <span class='ocrx_word' id='word_1_213' title='bbox 790 1495 935 1530; x_wconf 80' lang='lat' dir='ltr'><em>nr.1705</em></span> <span class='ocrx_word' id='word_1_214' title='bbox 956 1496 1049 1536; x_wconf 78' lang='lat' dir='ltr'><em>(Rec.</em></span> <span class='ocrx_word' id='word_1_215' title='bbox 1066 1495 1178 1535; x_wconf 70' lang='lat'><em>3282),</em></span> <span class='ocrx_word' id='word_1_216' title='bbox 1202 1507 1285 1527; x_wconf 85' lang='lat' dir='ltr'><em>saec.</em></span> <span class='ocrx_word' id='word_1_217' title='bbox 1302 1496 1378 1535; x_wconf 76' lang='lat' dir='ltr'><em>XII,</em></span> <span class='ocrx_word' id='word_1_218' title='bbox 1402 1497 1470 1527; x_wconf 84' lang='lat' dir='ltr'><em>nisi</em></span> <span class='ocrx_word' id='word_1_219' title='bbox 1493 1497 1588 1535; x_wconf 80' lang='lat' dir='ltr'><em>idem,</em></span> <span class='ocrx_word' id='word_1_220' title='bbox 1613 1501 1717 1526; x_wconf 85' lang='lat' dir='ltr'><em>tamen</em></span> <span class='ocrx_word' id='word_1_221' title='bbox 1735 1494 1921 1527; x_wconf 77' lang='lat' dir='ltr'><em>simillimus</em></span> <span class='ocrx_word' id='word_1_222' title='bbox 1937 1499 1982 1526; x_wconf 83' lang='lat' dir='ltr'><em>est</em></span> <span class='ocrx_word' id='word_1_223' title='bbox 2001 1504 2028 1524; x_wconf 77' lang='lat'><em>25</em></span> 
     </span>
     <span class='ocr_line' id='line_1_27' title="bbox 337 1546 1980 1590; baseline -0.002 -9"><span class='ocrx_word' id='word_1_224' title='bbox 337 1551 385 1582; x_wconf 81' lang='lat' dir='ltr'><em>illi</em></span> <span class='ocrx_word' id='word_1_225' title='bbox 401 1551 504 1582; x_wconf 84' lang='lat' dir='ltr'><em>codici</em></span> <span class='ocrx_word' id='word_1_226' title='bbox 519 1549 770 1590; x_wconf 71' lang='lat' dir='ltr'><em>IVeinyartensi,</em></span> <span class='ocrx_word' id='word_1_227' title='bbox 791 1559 854 1590; x_wconf 83' lang='lat' dir='ltr'><em>quo</em></span> <span class='ocrx_word' id='word_1_228' title='bbox 874 1548 1071 1579; x_wconf 79' lang='lat' dir='ltr'><em>I&#39;sscrmann</em></span> <span class='ocrx_word' id='word_1_229' title='bbox 1094 1549 1128 1578; x_wconf 93' lang='lat' dir='ltr'><em>in</em></span> <span class='ocrx_word' id='word_1_230' title='bbox 1143 1548 1266 1579; x_wconf 88' lang='lat' dir='ltr'><em>edendo</em></span> <span class='ocrx_word' id='word_1_231' title='bbox 1283 1547 1438 1589; x_wconf 84' lang='lat' dir='ltr'><em>opusculo</em></span> <span class='ocrx_word' id='word_1_232' title='bbox 1457 1548 1487 1579; x_wconf 86' lang='lat' dir='ltr'><em>V.</em></span> <span class='ocrx_word' id='word_1_233' title='bbox 1506 1547 1626 1588; x_wconf 86' lang='lat' dir='ltr'><em>(libello</em></span> <span class='ocrx_word' id='word_1_234' title='bbox 1639 1547 1678 1578; x_wconf 85' lang='lat' dir='ltr'><em>X.</em></span> <span class='ocrx_word' id='word_1_235' title='bbox 1695 1547 1794 1578; x_wconf 77' lang='lat' dir='ltr'><em>huius</em></span> <span class='ocrx_word' id='word_1_236' title='bbox 1806 1546 1980 1586; x_wconf 80' lang='lat' dir='ltr'><em>editionis)</em></span> 
     </span>
     <span class='ocr_line' id='line_1_28' title="bbox 337 1599 1979 1642; baseline -0.002 -9"><span class='ocrx_word' id='word_1_237' title='bbox 337 1613 415 1634; x_wconf 85' lang='lat' dir='ltr'><em>usus</em></span> <span class='ocrx_word' id='word_1_238' title='bbox 438 1606 501 1640; x_wconf 90' lang='lat' dir='ltr'><em>est;</em></span> <span class='ocrx_word' id='word_1_239' title='bbox 527 1612 600 1632; x_wconf 76' lang='lat' dir='ltr'><em>uam</em></span> <span class='ocrx_word' id='word_1_240' title='bbox 629 1601 763 1631; x_wconf 85' lang='lat' dir='ltr'><em>nonnisi</em></span> <span class='ocrx_word' id='word_1_241' title='bbox 786 1599 911 1630; x_wconf 82' lang='lat' dir='ltr'><em>easdem</em></span> <span class='ocrx_word' id='word_1_242' title='bbox 933 1605 1048 1640; x_wconf 78' lang='lat' dir='ltr'><em>partes</em></span> <span class='ocrx_word' id='word_1_243' title='bbox 1071 1611 1188 1641; x_wconf 84' lang='lat' dir='ltr'><em>easque</em></span> <span class='ocrx_word' id='word_1_244' title='bbox 1212 1611 1312 1642; x_wconf 85' lang='lat' dir='ltr'><em>neque</em></span> <span class='ocrx_word' id='word_1_245' title='bbox 1336 1610 1485 1640; x_wconf 76' lang='lat' dir='ltr'><em>perverse</em></span> <span class='ocrx_word' id='word_1_246' title='bbox 1504 1600 1633 1642; x_wconf 81' lang='lat' dir='ltr'><em>positas</em></span> <span class='ocrx_word' id='word_1_247' title='bbox 1656 1599 1792 1638; x_wconf 72' lang='lat' dir='ltr'><em>exhibet,</em></span> <span class='ocrx_word' id='word_1_248' title='bbox 1823 1609 1905 1640; x_wconf 77' lang='lat' dir='ltr'><em>quas</em></span> <span class='ocrx_word' id='word_1_249' title='bbox 1927 1607 1979 1629; x_wconf 76' lang='lat' dir='ltr'><em>ex-</em></span> 
     </span>
     <span class='ocr_line' id='line_1_29' title="bbox 337 1650 1981 1696; baseline -0.003 -11"><span class='ocrx_word' id='word_1_250' title='bbox 337 1655 415 1696; x_wconf 66' lang='lat' dir='ltr'><em>c1&#39;J1it</em></span> <span class='ocrx_word' id='word_1_251' title='bbox 449 1652 641 1694; x_wconf 83' lang='lat' dir='ltr'><em>opusculum</em></span> <span class='ocrx_word' id='word_1_252' title='bbox 678 1651 715 1681; x_wconf 79' lang='lat' dir='ltr'><em>de</em></span> <span class='ocrx_word' id='word_1_253' title='bbox 751 1651 965 1682; x_wconf 82' lang='lat' dir='ltr'><em>damnatione</em></span> <span class='ocrx_word' id='word_1_254' title='bbox 998 1650 1202 1693; x_wconf 55' lang='lat' dir='ltr'><em>Ber-erigar&amp;</em></span> <span class='ocrx_word' id='word_1_255' title='bbox 1231 1651 1354 1691; x_wconf 86' lang='lat' dir='ltr'><em>(XVII.</em></span> <span class='ocrx_word' id='word_1_256' title='bbox 1387 1651 1462 1684; x_wconf 83' lang='lat' dir='ltr'><em>edit.</em></span> <span class='ocrx_word' id='word_1_257' title='bbox 1491 1651 1650 1690; x_wconf 87' lang='lat' dir='ltr'><em>Usserm.)</em></span> <span class='ocrx_word' id='word_1_258' title='bbox 1680 1650 1853 1692; x_wconf 69' lang='lat' dir='ltr'><em>integrius,</em></span> <span class='ocrx_word' id='word_1_259' title='bbox 1883 1659 1981 1691; x_wconf 84' lang='lat' dir='ltr'><em>quam</em></span> 
     </span>
     <span class='ocr_line' id='line_1_30' title="bbox 337 1702 1084 1743; baseline -0.004 -7"><span class='ocrx_word' id='word_1_260' title='bbox 337 1706 455 1736; x_wconf 83' lang='lat' dir='ltr'><em>editum</em></span> <span class='ocrx_word' id='word_1_261' title='bbox 481 1709 543 1743; x_wconf 83' lang='lat' dir='ltr'><em>est;</em></span> <span class='ocrx_word' id='word_1_262' title='bbox 568 1703 609 1743; x_wconf 72' lang='lat' dir='ltr'><em>cs.</em></span> <span class='ocrx_word' id='word_1_263' title='bbox 635 1703 738 1733; x_wconf 83' lang='lat' dir='ltr'><em>Denis</em></span> <span class='ocrx_word' id='word_1_264' title='bbox 760 1703 779 1734; x_wconf 93' lang='lat' dir='ltr'><em>l.</em></span> <span class='ocrx_word' id='word_1_265' title='bbox 797 1702 817 1734; x_wconf 89' lang='lat' dir='ltr'><em>l.</em></span> <span class='ocrx_word' id='word_1_266' title='bbox 842 1702 886 1742; x_wconf 84' lang='lat' dir='ltr'><em>II,</em></span> <span class='ocrx_word' id='word_1_267' title='bbox 910 1702 968 1734; x_wconf 88' lang='lat' dir='ltr'><em>col.</em></span> <span class='ocrx_word' id='word_1_268' title='bbox 992 1702 1084 1733; x_wconf 79' lang='lat'><em>2019.</em></span> 
     </span>
    </p>

    <p class='ocr_par' dir='ltr' id='par_1_14' title="bbox 441 1752 2030 1794">
     <span class='ocr_line' id='line_1_31' title="bbox 441 1752 2030 1794; baseline -0.003 -8"><span class='ocrx_word' id='word_1_269' title='bbox 441 1756 478 1794; x_wconf 74' lang='lat'><em>9)</em></span> <span class='ocrx_word' id='word_1_270' title='bbox 504 1755 581 1787; x_wconf 80' lang='lat' dir='ltr'><em>Cod.</em></span> <span class='ocrx_word' id='word_1_271' title='bbox 606 1754 860 1785; x_wconf 82' lang='lat' dir='ltr'><em>monasterii</em></span> <span class='ocrx_word' id='word_1_272' title='bbox 884 1754 917 1784; x_wconf 87' lang='lat' dir='ltr'><em>S.</em></span> <span class='ocrx_word' id='word_1_273' title='bbox 940 1753 1064 1784; x_wconf 85' lang='lat' dir='ltr'><em>Pauli</em></span> <span class='ocrx_word' id='word_1_274' title='bbox 1089 1755 1127 1786; x_wconf 87' lang='lat' dir='ltr'><em>in</em></span> <span class='ocrx_word' id='word_1_275' title='bbox 1143 1754 1317 1786; x_wconf 73' lang='lat' dir='ltr'><em>Corinthia</em></span> <span class='ocrx_word' id='word_1_276' title='bbox 1339 1755 1431 1794; x_wconf 84' lang='lat' dir='ltr'><em>(olim</em></span> <span class='ocrx_word' id='word_1_277' title='bbox 1457 1754 1491 1786; x_wconf 89' lang='lat' dir='ltr'><em>S.</em></span> <span class='ocrx_word' id='word_1_278' title='bbox 1504 1754 1633 1793; x_wconf 80' lang='lat' dir='ltr'><em>Blasii)</em></span> <span class='ocrx_word' id='word_1_279' title='bbox 1653 1754 1739 1785; x_wconf 83' lang='lat' dir='ltr'><em>idem</em></span> <span class='ocrx_word' id='word_1_280' title='bbox 1757 1757 1802 1784; x_wconf 85' lang='lat' dir='ltr'><em>est</em></span> <span class='ocrx_word' id='word_1_281' title='bbox 1816 1752 1907 1793; x_wconf 80' lang='lat' dir='ltr'><em>liber,</em></span> <span class='ocrx_word' id='word_1_282' title='bbox 1931 1752 1981 1783; x_wconf 80' lang='lat' dir='ltr'><em>in·</em></span> <span class='ocrx_word' id='word_1_283' title='bbox 2001 1761 2030 1782; x_wconf 77' lang='lat' dir='ltr'><em>so</em></span> 
     </span>
    </p>
   </div>
   <div class='ocr_carea' id='block_1_3' title="bbox 337 1802 1982 1890">
    <p class='ocr_par' dir='ltr' id='par_1_15' title="bbox 337 1802 1982 1890">
     <span class='ocr_line' id='line_1_32' title="bbox 337 1802 1982 1849; baseline -0.002 -12"><span class='ocrx_word' id='word_1_284' title='bbox 337 1813 425 1849; x_wconf 78' lang='lat' dir='ltr'><em>teyro</em></span> <span class='ocrx_word' id='word_1_285' title='bbox 442 1807 654 1849; x_wconf 81' lang='lat' dir='ltr'><em>quaternione</em></span> <span class='ocrx_word' id='word_1_286' title='bbox 670 1811 738 1836; x_wconf 88' lang='lat' dir='ltr'><em>octo</em></span> <span class='ocrx_word' id='word_1_287' title='bbox 751 1805 914 1846; x_wconf 77' lang='lat' dir='ltr'><em>folimum</em></span> <span class='ocrx_word' id='word_1_288' title='bbox 938 1811 1122 1846; x_wconf 82' lang='lat' dir='ltr'><em>truncatus,</em></span> <span class='ocrx_word' id='word_1_289' title='bbox 1148 1817 1237 1847; x_wconf 80' lang='lat' dir='ltr'><em>quenz</em></span> <span class='ocrx_word' id='word_1_290' title='bbox 1259 1806 1303 1837; x_wconf 83' lang='lat' dir='ltr'><em>ad</em></span> <span class='ocrx_word' id='word_1_291' title='bbox 1325 1806 1451 1837; x_wconf 80' lang='lat' dir='ltr'><em>edenda</em></span> <span class='ocrx_word' id='word_1_292' title='bbox 1472 1805 1632 1848; x_wconf 84' lang='lat' dir='ltr'><em>opuscula</em></span> <span class='ocrx_word' id='word_1_293' title='bbox 1657 1803 1847 1836; x_wconf 80' lang='lat' dir='ltr'><em>VI—XVII.</em></span> <span class='ocrx_word' id='word_1_294' title='bbox 1874 1802 1982 1835; x_wconf 79' lang='lat' dir='ltr'><em>Usser—</em></span> 
     </span>
     <span class='ocr_line' id='line_1_33' title="bbox 338 1859 611 1890; baseline -0.004 -1"><span class='ocrx_word' id='word_1_295' title='bbox 338 1871 437 1890; x_wconf 78' lang='lat' dir='ltr'><em>⁷nann</em></span> <span class='ocrx_word' id='word_1_296' title='bbox 462 1859 611 1890; x_wconf 73' lang='lat' dir='ltr'><em>eaecnssit.</em></span> 
     </span>
    </p>
   </div>
   <div class='ocr_carea' id='block_1_4' title="bbox 337 1905 2029 2054">
    <p class='ocr_par' dir='ltr' id='par_1_16' title="bbox 337 1905 2029 2054">
     <span class='ocr_line' id='line_1_34' title="bbox 446 1905 1980 1951; baseline -0.003 -11"><span class='ocrx_word' id='word_1_297' title='bbox 446 1911 500 1949; x_wconf 89' lang='lat'><em>10)</em></span> <span class='ocrx_word' id='word_1_298' title='bbox 529 1909 706 1940; x_wconf 74' lang='lat' dir='ltr'><em>Edztionem</em></span> <span class='ocrx_word' id='word_1_299' title='bbox 739 1908 762 1938; x_wconf 87' lang='lat' dir='ltr'><em>I.</em></span> <span class='ocrx_word' id='word_1_300' title='bbox 792 1907 935 1939; x_wconf 32' lang='lat' dir='ltr'><em>Gtwetseti</em></span> <span class='ocrx_word' id='word_1_301' title='bbox 965 1908 1145 1939; x_wconf 68' lang='lat' dir='ltr'><em>libellorum</em></span> <span class='ocrx_word' id='word_1_302' title='bbox 1177 1908 1295 1948; x_wconf 87' lang='lat' dir='ltr'><em>1—1V‚</em></span> <span class='ocrx_word' id='word_1_303' title='bbox 1323 1920 1406 1951; x_wconf 80' lang='lat' dir='ltr'><em>quae</em></span> <span class='ocrx_word' id='word_1_304' title='bbox 1437 1920 1476 1940; x_wconf 77' lang='lat' dir='ltr'><em>eae</em></span> <span class='ocrx_word' id='word_1_305' title='bbox 1506 1909 1616 1940; x_wconf 87' lang='lat' dir='ltr'><em>codice</em></span> <span class='ocrx_word' id='word_1_306' title='bbox 1646 1907 1846 1939; x_wconf 77' lang='lat' dir='ltr'><em>cathedralis</em></span> <span class='ocrx_word' id='word_1_307' title='bbox 1869 1905 1980 1937; x_wconf 69' lang='lat' dir='ltr'><em>Ratis-</em></span> 
     </span>
     <span class='ocr_line' id='line_1_35' title="bbox 337 1959 1375 2002; baseline -0.001 -9"><span class='ocrx_word' id='word_1_308' title='bbox 337 1963 487 1994; x_wconf 82' lang='lat' dir='ltr'><em>bonensis</em></span> <span class='ocrx_word' id='word_1_309' title='bbox 513 1962 578 1992; x_wconf 84' lang='lat' dir='ltr'><em>iam</em></span> <span class='ocrx_word' id='word_1_310' title='bbox 601 1960 769 2001; x_wconf 81' lang='lat' dir='ltr'><em>deperdito</em></span> <span class='ocrx_word' id='word_1_311' title='bbox 796 1960 945 1990; x_wconf 84' lang='lat' dir='ltr'><em>instituta</em></span> <span class='ocrx_word' id='word_1_312' title='bbox 969 1965 1024 2000; x_wconf 83' lang='lat' dir='ltr'><em>est,</em></span> <span class='ocrx_word' id='word_1_313' title='bbox 1045 1960 1153 1991; x_wconf 86' lang='lat' dir='ltr'><em>littera</em></span> <span class='ocrx_word' id='word_1_314' title='bbox 1180 1959 1209 1991; x_wconf 83' lang='lat' dir='ltr'><em>G</em></span> <span class='ocrx_word' id='word_1_315' title='bbox 1232 1961 1375 2002; x_wconf 74' lang='lat' dir='ltr'><em>siynavi.</em></span> 
     </span>
     <span class='ocr_line' id='line_1_36' title="bbox 442 2010 2029 2054; baseline -0.004 -10"><span class='ocrx_word' id='word_1_316' title='bbox 442 2013 481 2044; x_wconf 84' lang='lat' dir='ltr'><em>In</em></span> <span class='ocrx_word' id='word_1_317' title='bbox 500 2012 659 2043; x_wconf 83' lang='lat' dir='ltr'><em>divisione</em></span> <span class='ocrx_word' id='word_1_318' title='bbox 676 2010 895 2052; x_wconf 79' lang='lat' dir='ltr'><em>capitulorum</em></span> <span class='ocrx_word' id='word_1_319' title='bbox 920 2011 1123 2043; x_wconf 81' lang='lat' dir='ltr'><em>instituenda</em></span> <span class='ocrx_word' id='word_1_320' title='bbox 1147 2023 1245 2054; x_wconf 76' lang='lat' dir='ltr'><em>quam</em></span> <span class='ocrx_word' id='word_1_321' title='bbox 1263 2013 1403 2043; x_wconf 65' lang='lat' dir='ltr'><em>maxime</em></span> <span class='ocrx_word' id='word_1_322' title='bbox 1426 2012 1573 2044; x_wconf 83' lang='lat' dir='ltr'><em>codicum</em></span> <span class='ocrx_word' id='word_1_323' title='bbox 1598 2011 1737 2053; x_wconf 65' lang='lat' dir='ltr'><em>vestigia</em></span> <span class='ocrx_word' id='word_1_324' title='bbox 1751 2014 1885 2041; x_wconf 62' lang='lat' dir='ltr'><em>..secu-tus</em></span> <span class='ocrx_word' id='word_1_325' title='bbox 1901 2019 1980 2040; x_wconf 84' lang='lat' dir='ltr'><em>sum.</em></span> <span class='ocrx_word' id='word_1_326' title='bbox 2001 2017 2029 2038; x_wconf 74' lang='lat'><em>⁸5</em></span> 
     </span>
    </p>
   </div>
   <div class='ocr_carea' id='block_1_5' title="bbox 1614 2056 1876 2094">
    <p class='ocr_par' dir='ltr' id='par_1_17' title="bbox 1614 2056 1876 2094">
     <span class='ocr_line' id='line_1_37' title="bbox 1614 2056 1876 2094; baseline -0.011 0"><span class='ocrx_word' id='word_1_327' title='bbox 1614 2062 1675 2094; x_wconf 81' lang='lat' dir='ltr'><em>Fr.</em></span> <span class='ocrx_word' id='word_1_328' title='bbox 1701 2062 1751 2094; x_wconf 80' lang='lat' dir='ltr'><em>Th</em></span> <span class='ocrx_word' id='word_1_329' title='bbox 1763 2056 1814 2093; x_wconf 47' lang='lat' dir='ltr'><em>a‘n</em></span> <span class='ocrx_word' id='word_1_330' title='bbox 1823 2071 1838 2092; x_wconf 86' lang='lat' dir='ltr'><em>e</em></span> <span class='ocrx_word' id='word_1_331' title='bbox 1849 2072 1876 2091; x_wconf 89' lang='lat' dir='ltr'><em>r.</em></span> 
     </span>
    </p>
   </div>
   <div class='ocr_carea' id='block_1_6' title="bbox 448 2148 1880 2252">
    <p class='ocr_par' dir='ltr' id='par_1_18' title="bbox 448 2148 1880 2252">
     <span class='ocr_line' id='line_1_38' title="bbox 448 2148 1880 2252; baseline -0.001 -3"><span class='ocrx_word' id='word_1_332' title='bbox 448 2210 526 2250; x_wconf 80' lang='lat' dir='ltr'><em>DE</em></span> <span class='ocrx_word' id='word_1_333' title='bbox 558 2208 937 2250; x_wconf 72' lang='lat' dir='ltr'>PROHIBENDA</span> <span class='ocrx_word' id='word_1_334' title='bbox 969 2148 1365 2251; x_wconf 43' lang='lat' dir='ltr'><em>Sssffssssssffiffl</em></span> <span class='ocrx_word' id='word_1_335' title='bbox 1397 2186 1880 2252; x_wconf 78' lang='lat' dir='ltr'>INCONTINENTIA.</span> 
     </span>
    </p>
   </div>
   <div class='ocr_carea' id='block_1_7' title="bbox 342 2283 2034 2728">
    <p class='ocr_par' dir='ltr' id='par_1_19' title="bbox 342 2283 2034 2728">
     <span class='ocr_line' id='line_1_39' title="bbox 449 2283 1984 2325; baseline -0.002 -10"><span class='ocrx_word' id='word_1_336' title='bbox 449 2283 607 2315; x_wconf 83' lang='lat' dir='ltr'><em>Alboinus</em></span> <span class='ocrx_word' id='word_1_337' title='bbox 631 2284 799 2325; x_wconf 71' lang='lat' dir='ltr'><em>presbyter</em></span> <span class='ocrx_word' id='word_1_338' title='bbox 829 2289 856 2314; x_wconf 88' lang='lat' dir='ltr'><em>et</em></span> <span class='ocrx_word' id='word_1_339' title='bbox 886 2283 1076 2315; x_wconf 88' lang='lat' dir='ltr'><em>Bernaldus</em></span> <span class='ocrx_word' id='word_1_340' title='bbox 1107 2283 1244 2315; x_wconf 87' lang='lat' dir='ltr'><em>clericus</em></span> <span class='ocrx_word' id='word_1_341' title='bbox 1274 2286 1422 2316; x_wconf 83' lang='lat' dir='ltr'><em>amicitia</em></span> <span class='ocrx_word' id='word_1_342' title='bbox 1453 2285 1622 2316; x_wconf 88' lang='lat' dir='ltr'><em>coniuncti</em></span> <span class='ocrx_word' id='word_1_343' title='bbox 1649 2295 1720 2315; x_wconf 83' lang='lat' dir='ltr'><em>cum</em></span> <span class='ocrx_word' id='word_1_344' title='bbox 1751 2283 1790 2314; x_wconf 84' lang='lat' dir='ltr'><em>de</em></span> <span class='ocrx_word' id='word_1_345' title='bbox 1821 2292 1984 2314; x_wconf 81' lang='lat' dir='ltr'><em>canonum</em></span> 
     </span>
     <span class='ocr_line' id='line_1_40' title="bbox 342 2333 2032 2376; baseline -0.001 -10"><span class='ocrx_word' id='word_1_346' title='bbox 342 2335 568 2366; x_wconf 78' lang='lat' dir='ltr'><em>sanctionibus</em></span> <span class='ocrx_word' id='word_1_347' title='bbox 602 2335 791 2376; x_wconf 69' lang='lat' dir='ltr'><em>colloquium</em></span> <span class='ocrx_word' id='word_1_348' title='bbox 828 2335 1031 2374; x_wconf 76' lang='lat' dir='ltr'><em>habuissent,</em></span> <span class='ocrx_word' id='word_1_349' title='bbox 1066 2335 1104 2366; x_wconf 87' lang='lat' dir='ltr'><em>de</em></span> <span class='ocrx_word' id='word_1_350' title='bbox 1140 2335 1288 2376; x_wconf 82' lang='lat' dir='ltr'><em>capitulo</em></span> <span class='ocrx_word' id='word_1_351' title='bbox 1319 2335 1348 2367; x_wconf 88' lang='lat'><em>3.</em></span> <span class='ocrx_word' id='word_1_352' title='bbox 1385 2335 1521 2367; x_wconf 87' lang='lat' dir='ltr'><em>concilii</em></span> <span class='ocrx_word' id='word_1_353' title='bbox 1556 2335 1702 2367; x_wconf 84' lang='lat' dir='ltr'><em>Nicaeni</em></span> <span class='ocrx_word' id='word_1_354' title='bbox 1738 2333 1982 2376; x_wconf 74' lang='lat' dir='ltr'><em>aliquantutum</em></span> <span class='ocrx_word' id='word_1_355' title='bbox 2003 2347 2032 2365; x_wconf 67' lang='grc' dir='ltr'><em>ιο</em></span> 
     </span>
     <span class='ocr_line' id='line_1_41' title="bbox 343 2384 1984 2428; baseline -0.002 -10"><span class='ocrx_word' id='word_1_356' title='bbox 343 2387 575 2418; x_wconf 80' lang='lat' dir='ltr'><em>dissenserunt.</em></span> <span class='ocrx_word' id='word_1_357' title='bbox 623 2385 712 2421; x_wconf 83' lang='lat' dir='ltr'><em>Quae</em></span> <span class='ocrx_word' id='word_1_358' title='bbox 740 2386 899 2417; x_wconf 78' lang='lat' dir='ltr'><em>dissensio</em></span> <span class='ocrx_word' id='word_1_359' title='bbox 929 2387 1119 2417; x_wconf 86' lang='lat' dir='ltr'><em>continuata</em></span> <span class='ocrx_word' id='word_1_360' title='bbox 1150 2392 1195 2418; x_wconf 89' lang='lat' dir='ltr'><em>est</em></span> <span class='ocrx_word' id='word_1_361' title='bbox 1225 2387 1275 2418; x_wconf 77' lang='lat' dir='ltr'><em>his</em></span> <span class='ocrx_word' id='word_1_362' title='bbox 1302 2387 1466 2428; x_wconf 84' lang='lat' dir='ltr'><em>epistolis¹</em></span> <span class='ocrx_word' id='word_1_363' title='bbox 1492 2388 1531 2418; x_wconf 86' lang='lat' dir='ltr'><em>de</em></span> <span class='ocrx_word' id='word_1_364' title='bbox 1552 2386 1759 2428; x_wconf 76' lang='lat' dir='ltr'><em>prohibenda</em></span> <span class='ocrx_word' id='word_1_365' title='bbox 1781 2384 1984 2417; x_wconf 75' lang='lat' dir='ltr'><em>sacerdotum</em></span> 
     </span>
     <span class='ocr_line' id='line_1_42' title="bbox 344 2435 1985 2480; baseline -0.002 -11"><span class='ocrx_word' id='word_1_366' title='bbox 344 2439 580 2469; x_wconf 81' lang='lat' dir='ltr'><em>incontinentia</em></span> <span class='ocrx_word' id='word_1_367' title='bbox 605 2437 702 2467; x_wconf 78' lang='lat' dir='ltr'><em>datis.</em></span> <span class='ocrx_word' id='word_1_368' title='bbox 743 2436 867 2472; x_wconf 81' lang='lat' dir='ltr'><em>Quibus</em></span> <span class='ocrx_word' id='word_1_369' title='bbox 883 2449 970 2475; x_wconf 78' lang='lat' dir='ltr'><em>cave,</em></span> <span class='ocrx_word' id='word_1_370' title='bbox 995 2449 1032 2468; x_wconf 91' lang='lat' dir='ltr'><em>ne</em></span> <span class='ocrx_word' id='word_1_371' title='bbox 1049 2438 1087 2468; x_wconf 87' lang='lat' dir='ltr'><em>de</em></span> <span class='ocrx_word' id='word_1_372' title='bbox 1103 2437 1259 2469; x_wconf 80' lang='lat' dir='ltr'><em>coelibatu</em></span> <span class='ocrx_word' id='word_1_373' title='bbox 1276 2438 1465 2470; x_wconf 85' lang='lat' dir='ltr'><em>clericorum</em></span> <span class='ocrx_word' id='word_1_374' title='bbox 1483 2439 1654 2480; x_wconf 83' lang='lat' dir='ltr'><em>disputari</em></span> <span class='ocrx_word' id='word_1_375' title='bbox 1669 2438 1785 2470; x_wconf 84' lang='lat' dir='ltr'><em>credas</em></span> <span class='ocrx_word' id='word_1_376' title='bbox 1805 2448 1843 2468; x_wconf 85' lang='lat' dir='ltr'><em>ac</em></span> <span class='ocrx_word' id='word_1_377' title='bbox 1859 2435 1985 2479; x_wconf 82' lang='lat' dir='ltr'><em>quaeri,</em></span> 
     </span>
     <span class='ocr_line' id='line_1_43' title="bbox 344 2487 1986 2529; baseline -0.002 -9"><span class='ocrx_word' id='word_1_378' title='bbox 344 2495 451 2520; x_wconf 83' lang='lat' dir='ltr'><em>utrum</em></span> <span class='ocrx_word' id='word_1_379' title='bbox 482 2488 685 2529; x_wconf 66' lang='lat' dir='ltr'><em>glenerandi²</em></span> <span class='ocrx_word' id='word_1_380' title='bbox 706 2487 858 2528; x_wconf 82' lang='lat' dir='ltr'><em>facultas</em></span> <span class='ocrx_word' id='word_1_381' title='bbox 886 2490 983 2520; x_wconf 83' lang='lat' dir='ltr'><em>etiam</em></span> <span class='ocrx_word' id='word_1_382' title='bbox 1014 2489 1239 2520; x_wconf 83' lang='lat' dir='ltr'><em>sacerdotibus</em></span> <span class='ocrx_word' id='word_1_383' title='bbox 1270 2491 1342 2521; x_wconf 85' lang='lat' dir='ltr'><em>iure</em></span> <span class='ocrx_word' id='word_1_384' title='bbox 1370 2491 1483 2522; x_wconf 80' lang='lat' dir='ltr'><em>divino</em></span> <span class='ocrx_word' id='word_1_385' title='bbox 1512 2490 1593 2522; x_wconf 87' lang='lat' dir='ltr'><em>adeo</em></span> <span class='ocrx_word' id='word_1_386' title='bbox 1624 2489 1783 2521; x_wconf 85' lang='lat' dir='ltr'><em>attributa</em></span> <span class='ocrx_word' id='word_1_387' title='bbox 1809 2489 1862 2528; x_wconf 74' lang='lat' dir='ltr'><em>sit,</em></span> <span class='ocrx_word' id='word_1_388' title='bbox 1890 2491 1926 2518; x_wconf 79' lang='lat' dir='ltr'><em>ut</em></span> <span class='ocrx_word' id='word_1_389' title='bbox 1947 2497 1986 2518; x_wconf 83' lang='lat' dir='ltr'><em>ne</em></span> 
     </span>
     <span class='ocr_line' id='line_1_44' title="bbox 346 2537 1985 2584; baseline -0.001 -13"><span class='ocrx_word' id='word_1_390' title='bbox 346 2541 506 2572; x_wconf 78' lang='lat' dir='ltr'><em>voluntate</em></span> <span class='ocrx_word' id='word_1_391' title='bbox 535 2540 661 2581; x_wconf 76' lang='lat' dir='ltr'><em>quidem</em></span> <span class='ocrx_word' id='word_1_392' title='bbox 693 2540 880 2571; x_wconf 79' lang='lat' dir='ltr'><em>abalienari</em></span> <span class='ocrx_word' id='word_1_393' title='bbox 907 2545 1012 2582; x_wconf 73' lang='lat' dir='ltr'><em>queat,</em></span> <span class='ocrx_word' id='word_1_394' title='bbox 1041 2552 1084 2571; x_wconf 90' lang='lat' dir='ltr'><em>an</em></span> <span class='ocrx_word' id='word_1_395' title='bbox 1110 2541 1244 2572; x_wconf 82' lang='lat' dir='ltr'><em>ordines</em></span> <span class='ocrx_word' id='word_1_396' title='bbox 1266 2553 1379 2573; x_wconf 81' lang='lat' dir='ltr'><em>sacros</em></span> <span class='ocrx_word' id='word_1_397' title='bbox 1409 2541 1564 2584; x_wconf 83' lang='lat' dir='ltr'><em>adepturi</em></span> <span class='ocrx_word' id='word_1_398' title='bbox 1593 2540 1685 2573; x_wconf 77' lang='lat' dir='ltr'><em>illam</em></span> <span class='ocrx_word' id='word_1_399' title='bbox 1698 2540 1900 2582; x_wconf 80' lang='lat' dir='ltr'><em>facultatem</em></span> <span class='ocrx_word' id='word_1_400' title='bbox 1930 2537 1985 2569; x_wconf 79' lang='lat' dir='ltr'><em>ab·</em></span> 
     </span>
     <span class='ocr_line' id='line_1_45' title="bbox 347 2590 2034 2635; baseline 0 -12"><span class='ocrx_word' id='word_1_401' title='bbox 347 2594 427 2623; x_wconf 81' lang='lat' dir='ltr'><em>icere</em></span> <span class='ocrx_word' id='word_1_402' title='bbox 456 2592 583 2632; x_wconf 74' lang='lat' dir='ltr'><em>possint</em></span> <span class='ocrx_word' id='word_1_403' title='bbox 616 2591 660 2621; x_wconf 81' lang='lat' dir='ltr'><em>vel</em></span> <span class='ocrx_word' id='word_1_404' title='bbox 688 2592 796 2630; x_wconf 71' lang='lat' dir='ltr'><em>potius</em></span> <span class='ocrx_word' id='word_1_405' title='bbox 827 2592 971 2622; x_wconf 72' lang='lat' dir='ltr'><em>debeant.</em></span> <span class='ocrx_word' id='word_1_406' title='bbox 1016 2591 1176 2623; x_wconf 77' lang='lat' dir='ltr'><em>Alboinus</em></span> <span class='ocrx_word' id='word_1_407' title='bbox 1207 2593 1318 2624; x_wconf 85' lang='lat' dir='ltr'><em>mitius</em></span> <span class='ocrx_word' id='word_1_408' title='bbox 1344 2593 1402 2625; x_wconf 84' lang='lat' dir='ltr'><em>illa</em></span> <span class='ocrx_word' id='word_1_409' title='bbox 1425 2594 1554 2635; x_wconf 80' lang='lat' dir='ltr'><em>quidem</em></span> <span class='ocrx_word' id='word_1_410' title='bbox 1578 2593 1735 2625; x_wconf 78' lang='lat' dir='ltr'><em>iudicans</em></span> <span class='ocrx_word' id='word_1_411' title='bbox 1758 2591 1797 2623; x_wconf 89' lang='lat' dir='ltr'><em>de</em></span> <span class='ocrx_word' id='word_1_412' title='bbox 1819 2590 1987 2633; x_wconf 71' lang='lat' dir='ltr'><em>coniuqiis</em></span> <span class='ocrx_word' id='word_1_413' title='bbox 2006 2603 2034 2623; x_wconf 65' lang='grc' dir='ltr'><em>ιι</em></span> 
     </span>
     <span class='ocr_line' id='line_1_46' title="bbox 345 2641 1985 2685; baseline -0.001 -11"><span class='ocrx_word' id='word_1_414' title='bbox 345 2643 552 2674; x_wconf 82' lang='lat' dir='ltr'><em>clericorum:</em></span> <span class='ocrx_word' id='word_1_415' title='bbox 577 2642 716 2672; x_wconf 79' lang='lat' dir='ltr'><em>‘saeculo</em></span> <span class='ocrx_word' id='word_1_416' title='bbox 740 2648 868 2683; x_wconf 68' lang='lat' dir='ltr'><em>quarto,</em></span> <span class='ocrx_word' id='word_1_417' title='bbox 893 2654 955 2673; x_wconf 87' lang='lat' dir='ltr'><em>non</em></span> <span class='ocrx_word' id='word_1_418' title='bbox 981 2644 1084 2680; x_wconf 77' lang='lat' dir='ltr'><em>tanti&#39;,</em></span> <span class='ocrx_word' id='word_1_419' title='bbox 1110 2644 1226 2685; x_wconf 82' lang='lat' dir='ltr'><em>inquit,</em></span> <span class='ocrx_word' id='word_1_420' title='bbox 1249 2644 1388 2676; x_wconf 83' lang='lat' dir='ltr'><em>‘sceleris</em></span> <span class='ocrx_word' id='word_1_421' title='bbox 1411 2646 1461 2676; x_wconf 86' lang='lat' dir='ltr'><em>uti</em></span> <span class='ocrx_word' id='word_1_422' title='bbox 1483 2646 1582 2676; x_wconf 79' lang='lat' dir='ltr'><em>nunc&#39;</em></span> <span class='ocrx_word' id='word_1_423' title='bbox 1604 2643 1664 2676; x_wconf 82' lang='lat' dir='ltr'><em>illa</em></span> <span class='ocrx_word' id='word_1_424' title='bbox 1685 2648 1799 2683; x_wconf 85' lang='lat' dir='ltr'><em>erant,·</em></span> <span class='ocrx_word' id='word_1_425' title='bbox 1826 2641 1985 2683; x_wconf 72' lang='lat' dir='ltr'><em>suspicio-</em></span> 
     </span>
     <span class='ocr_line' id='line_1_47' title="bbox 348 2693 1459 2728; baseline 0.004 -4"><span class='ocrx_word' id='word_1_426' title='bbox 348 2705 415 2725; x_wconf 86' lang='lat' dir='ltr'><em>nem</em></span> <span class='ocrx_word' id='word_1_427' title='bbox 440 2699 543 2724; x_wconf 82' lang='lat' dir='ltr'><em>tamen</em></span> <span class='ocrx_word' id='word_1_428' title='bbox 570 2694 680 2724; x_wconf 81' lang='lat' dir='ltr'><em>reicit³</em></span> <span class='ocrx_word' id='word_1_429' title='bbox 704 2704 735 2723; x_wconf 81' lang='lat' dir='ltr'><em>se</em></span> <span class='ocrx_word' id='word_1_430' title='bbox 758 2694 967 2724; x_wconf 74' lang='lat' dir='ltr'><em>communiter</em></span> <span class='ocrx_word' id='word_1_431' title='bbox 990 2693 1116 2725; x_wconf 83' lang='lat' dir='ltr'><em>clericis</em></span> <span class='ocrx_word' id='word_1_432' title='bbox 1142 2706 1256 2726; x_wconf 62' lang='lat' dir='ltr'><em>umores</em></span> <span class='ocrx_word' id='word_1_433' title='bbox 1279 2696 1459 2728; x_wconf 84' lang='lat' dir='ltr'><em>concedere.</em></span> 
     </span>
    </p>
   </div>
   <div class='ocr_carea' id='block_1_8' title="bbox 458 2744 1986 2790">
    <p class='ocr_par' dir='ltr' id='par_1_20' title="bbox 458 2744 1986 2790">
     <span class='ocr_line' id='line_1_48' title="bbox 458 2744 1986 2790; baseline 0.001 -15"><span class='ocrx_word' id='word_1_434' title='bbox 458 2744 542 2776; x_wconf 68' lang='lat' dir='ltr'><em>Usus</em></span> <span class='ocrx_word' id='word_1_435' title='bbox 561 2757 621 2775; x_wconf 81' lang='lat' dir='ltr'><em>non</em></span> <span class='ocrx_word' id='word_1_436' title='bbox 644 2745 747 2775; x_wconf 77' lang='lat' dir='ltr'><em>studii</em></span> <span class='ocrx_word' id='word_1_437' title='bbox 765 2745 912 2786; x_wconf 78' lang='lat' dir='ltr'><em>quaestio</em></span> <span class='ocrx_word' id='word_1_438' title='bbox 931 2750 1011 2783; x_wconf 87' lang='lat' dir='ltr'><em>erat,</em></span> <span class='ocrx_word' id='word_1_439' title='bbox 1032 2756 1116 2786; x_wconf 82' lang='lat' dir='ltr'><em>quae</em></span> <span class='ocrx_word' id='word_1_440' title='bbox 1134 2747 1217 2777; x_wconf 82' lang='lat' dir='ltr'><em>ratio</em></span> <span class='ocrx_word' id='word_1_441' title='bbox 1237 2747 1444 2779; x_wconf 83' lang='lat' dir='ltr'><em>intercederet</em></span> <span class='ocrx_word' id='word_1_442' title='bbox 1460 2749 1545 2779; x_wconf 89' lang='lat' dir='ltr'><em>inter</em></span> <span class='ocrx_word' id='word_1_443' title='bbox 1563 2747 1692 2779; x_wconf 85' lang='lat' dir='ltr'><em>decreta</em></span> <span class='ocrx_word' id='word_1_444' title='bbox 1709 2759 1731 2779; x_wconf 88' lang='lat' dir='ltr'><em>a</em></span> <span class='ocrx_word' id='word_1_445' title='bbox 1747 2746 1908 2790; x_wconf 74' lang='lat' dir='ltr'><em>Greyon‘o</em></span> <span class='ocrx_word' id='word_1_446' title='bbox 1920 2745 1986 2778; x_wconf 89' lang='lat' dir='ltr'><em>VII.</em></span> 
     </span>
    </p>
   </div>
   <div class='ocr_carea' id='block_1_9' title="bbox 348 2820 2037 2910">
    <p class='ocr_par' dir='ltr' id='par_1_21' title="bbox 348 2820 2037 2910">
     <span class='ocr_line' id='line_1_49' title="bbox 456 2820 1987 2860; baseline 0.003 -14"><span class='ocrx_word' id='word_1_447' title='bbox 456 2822 482 2852; x_wconf 78' lang='lat' dir='ltr'><em>l)</em></span> <span class='ocrx_word' id='word_1_448' title='bbox 510 2821 670 2847; x_wconf 69' lang='lat' dir='ltr'><em>Rev-namus</em></span> <span class='ocrx_word' id='word_1_449' title='bbox 699 2821 779 2845; x_wconf 80' lang='lat' dir='ltr'><em>etiam</em></span> <span class='ocrx_word' id='word_1_450' title='bbox 810 2822 835 2845; x_wconf 80' lang='lat' dir='ltr'><em>in</em></span> <span class='ocrx_word' id='word_1_451' title='bbox 867 2820 996 2846; x_wconf 78' lang='lat' dir='ltr'><em>chronico</em></span> <span class='ocrx_word' id='word_1_452' title='bbox 1025 2821 1135 2847; x_wconf 79' lang='lat' dir='ltr'><em>decreta</em></span> <span class='ocrx_word' id='word_1_453' title='bbox 1167 2821 1355 2849; x_wconf 81' lang='lat' dir='ltr'><em>Romanorum</em></span> <span class='ocrx_word' id='word_1_454' title='bbox 1381 2823 1544 2858; x_wconf 79' lang='lat' dir='ltr'><em>pontificum</em></span> <span class='ocrx_word' id='word_1_455' title='bbox 1573 2824 1608 2850; x_wconf 83' lang='lat' dir='ltr'><em>de</em></span> <span class='ocrx_word' id='word_1_456' title='bbox 1638 2833 1671 2851; x_wconf 84' lang='lat' dir='ltr'><em>ea</em></span> <span class='ocrx_word' id='word_1_457' title='bbox 1701 2833 1732 2851; x_wconf 83' lang='lat' dir='ltr'><em>re</em></span> <span class='ocrx_word' id='word_1_458' title='bbox 1761 2824 1911 2860; x_wconf 72' lang='lat' dir='ltr'><em>diliyenter</em></span> <span class='ocrx_word' id='word_1_459' title='bbox 1937 2822 1987 2851; x_wconf 75' lang='lat' dir='ltr'><em>ad-</em></span> 
     </span>
     <span class='ocr_line' id='line_1_50' title="bbox 348 2871 2037 2910; baseline 0.003 -13"><span class='ocrx_word' id='word_1_460' title='bbox 348 2873 464 2900; x_wconf 80' lang='lat' dir='ltr'><em>notavit.</em></span> <span class='ocrx_word' id='word_1_461' title='bbox 553 2872 583 2906; x_wconf 75' lang='lat'><em>2)</em></span> <span class='ocrx_word' id='word_1_462' title='bbox 608 2871 651 2904; x_wconf 82' lang='lat' dir='ltr'><em>Cf.</em></span> <span class='ocrx_word' id='word_1_463' title='bbox 676 2872 744 2905; x_wconf 73' lang='lat' dir='ltr'><em>epist</em></span> <span class='ocrx_word' id='word_1_464' title='bbox 767 2872 869 2899; x_wconf 68' lang='lat' dir='ltr'><em>Siricis·</em></span> <span class='ocrx_word' id='word_1_465' title='bbox 891 2872 928 2897; x_wconf 84' lang='lat' dir='ltr'><em>ad</em></span> <span class='ocrx_word' id='word_1_466' title='bbox 953 2872 1059 2898; x_wconf 73' lang='lat' dir='ltr'><em>llimer.</em></span> <span class='ocrx_word' id='word_1_467' title='bbox 1085 2882 1107 2898; x_wconf 76' lang='lat' dir='ltr'><em>e.</em></span> <span class='ocrx_word' id='word_1_468' title='bbox 1128 2872 1154 2899; x_wconf 78' lang='grc'><em>7.</em></span> <span class='ocrx_word' id='word_1_469' title='bbox 1243 2873 1273 2908; x_wconf 87' lang='grc'><em>3)</em></span> <span class='ocrx_word' id='word_1_470' title='bbox 1298 2874 1429 2910; x_wconf 78' lang='lat' dir='ltr'><em>Fp.1V‚</em></span> <span class='ocrx_word' id='word_1_471' title='bbox 1450 2884 1480 2909; x_wconf 85' lang='lat' dir='ltr'><em>p.</em></span> <span class='ocrx_word' id='word_1_472' title='bbox 1508 2875 1555 2901; x_wconf 89' lang='grc'><em>16.</em></span> <span class='ocrx_word' id='word_1_473' title='bbox 2009 2879 2037 2899; x_wconf 77' lang='grc'><em>50</em></span> 
     </span>
    </p>
   </div>
  </div>
 </body>
</html>
