2132 3067
24 686 50 705 10

24 943 50 963 15

22 1201 49 1220 8⁰

23 1461 50 1482 25

23 1719 50 1738 30

27 2045 53 2066 ³5

29 2275 60 2295 4⁰

31 2505 60 2525 15

655 121 708 146 DE
730 119 873 146 ALBINO
897 120 945 146 ET
967 119 1122 147 RUFINO.
1656 119 1714 150 431

71 215 240 242 cunctatus
273 220 376 251 pauca
407 209 446 240 de
477 209 579 240 salute
604 210 671 240 eius
695 215 725 239 et
749 209 788 239 de
814 214 920 239 statu³
945 208 1124 250 Hispaniae
1149 209 1334 249 aecclesiae,
1365 211 1492 242 tandem
1518 211 1580 242 huc
1602 212 1718 242 evasit:

70 261 275 303 ‘Nun1quidb,
302 260 454 304 [statere]
479 261 518 292 de
543 261 688 302 reliquiis
712 259 878 291 beatorum
903 261 1068 291 martirum
1092 261 1201 292 Rufini
1226 270 1321 304 atque
1338 262 1460 301 Albini,
1484 263 1602 304 quibus
1620 263 1720 293 Roma

70 313 185 352 studet,
209 311 328 354 aliquid
355 312 532 342 invenisti?
567 314 608 342 At
632 311 682 342 ille
708 311 846 353 optulitd
870 312 919 341 eie
944 311 1150 353 reliquiarum
1177 315 1301 355 pondus
1326 316 1513 352 maximum,
1538 314 1657 346 scilicet
1681 315 1719 346 de

70 363 199 396 renibus
217 363 337 401 Albini,
361 363 401 394 de
417 363 536 394 005115Γ
553 363 672 401 Rufini,
696 364 734 394 de
752 368 894 404 pectore,
918 363 956 394 de
974 363 1144 404 bracchiis,
1169 366 1242 406 [etc]
1261 365 1299 396 de
1320 367 1448 397 sinistro
1466 366 1615 405 humero3
1641 378 1719 407 quas

71 417 234 448 Romanus
266 416 410 456 pontifex
434 415 569 446 detulitc
600 416 631 445 in
664 415 946 456 gazophilacium&
969 421 1097 446 sanctae
1123 416 1319 457 Cupiditatis
1344 419 1433 448 iuxta
1457 418 1719 459 propiciatorium

71 468 182 500 beatae
205 466 421 497 Avidissimae
445 467 564 497 sororis
588 467 666 505 eius,
692 466 769 497 liant
793 466 886 507 longe
911 477 927 496 a
953 466 1085 498 basilica
1109 469 1279 499 Avariciae
1304 470 1413 499 matris
1438 480 1558 507 eorum,
1587 470 1643 500 ubi
1668 481 1721 500 eas

70 518 218 561 sepelivit
240 519 412 560 magnifice
436 519 578 560 propriis
603 518 760 553 manibus,
786 529 856 548 cum
875 518 1074 548 aromatibus
1096 518 1199 550 bonae
1217 520 1390 551 voluntatis
1416 522 1466 552 eth
1493 522 1644 552 balsamis
1669 522 1720 553 de-

71 571 213 602 vocionis
229 571 468 612 promptissime
482 569 554 601 Kal.
570 569 737 613 [scilicetc]
751 570 863 600 Maias.
890 570 1079 601 Cardinales
1092 581 1168 601 vero
1182 571 1315 602 aderunt
1329 572 1360 602 in
1375 574 1575 613 receptione1'
1596 580 1719 605 sancto-

70 633 138 653 rum
156 623 321 653 martirum
339 633 410 652 cum
429 621 575 652 vestibus
592 621 682 659 albis,
701 621 775 664 [eth]
794 621 1011 652 clamabant¹:
1030 621 1200 660 ‘Feliciter,
1218 622 1362 660 feliciter,
1380 624 1529 655 feliciter'.
1569 625 1718 656 Ceterum

70 673 182 705 beatus
200 674 360 711 Urbanus,
386 685 458 704 cum
484 679 665 704 sanctorum
692 672 843 714 reliquias
869 674 1031 704 martirum
1058 675 1230 716 marsupiis
1254 686 1330 705 auro
1356 678 1453 706 textis
1477 682 1639 718 aptaretm.
1664 678 1719 707 im-

70 726 231 768 primeret,
264 730 423 756 coartaret
451 730 504 756 et¹¹
534 725 732 762 reconderet,
763 725 907 755 dicebat:
939 725 1041 756 ‘Mons
1071 726 1131 756 iste
1161 732 1294 760 crescat,
1327 732 1379 757 111Ο
1406 727 1591 768 Garganus!
1651 728 1719 759 Hoc

69 777 151 808 enim
169 776 375 819 reliquiarum
393 787 510 807 acervo
527 776 719 807 Guibertum
731 782 744 802 P
762 776 982 807 mutilavimus
994 783 1016 815 q,
1042 777 1218 808 Hem-icum
1231 784 1240 797 s
1259 780 1550 820 expugnavimus‘l,
1575 786 1717 811 senatum

69 829 316 860 inescavimus‘l.
362 828 396 859 Si
421 829 550 871 quidem
583 828 807 859 decertamuss
832 828 913 859 hiist
940 828 1066 869 gladiis,
1099 829 1181 860 hiisu
1205 829 1324 860 lanceis
1350 831 1456 860 hostes
1481 832 1719 873 aggredimurv,

70 880 158 911 hacw
182 880 384 921 confligimus
408 881 535 919 sarissa,
567 879 649 911 hanc
680 881 778 911 sicam
809 881 841 911 in
870 881 1037 911 tirannos*
1060 881 1277 921 extendimus,
1307 881 1366 912 hoc
1390 882 1578 913 balistarum
1603 894 1720 923 genere

69 931 169 963 celsas
189 931 368 963 devicimus
385 937 497 971 turres,
522 932 607 962 hiisy
630 932 741 962 ferreis
765 931 920 964 arietibus
944 932 1024 964 altos
1049 932 1262 974 impellimusz
1288 944 1405 964 muros.
1442 934 1586 974 Valeant,
1613 935 1720 966 vivant

69 985 122 1026 qui
140 984 316 1015 Romanam
332 984 499 1015 ecclesiam
518 984 688 1014 muniunta
714 984 797 1014 biisb
820 985 928 1023 armis,
954 984 1030 1015 hiis¹
1057 985 1234 1016 defendunt
1257 986 1521 1027 propugnaculis.
1557 986 1719 1017 Conforta-

68 1036 155 1076 mini,
169 1036 406 1076 confortamini,
421 1035 525 1066 beatic
540 1035 719 1066 cardinales
733 1036 809 1066 mei:
826 1036 919 1067 ‘Vere
937 1036 1038 1067 beati¹
1054 1037 1148 1078 quiad
1163 1037 1280 1068 multas
1299 1038 1479 1079 potationes
1498 1039 1584 1080 passi
1600 1039 1687 1080 [estis
1697 1038 1719 1082 e]

68 1093 199 1130 propter
215 1088 385 1119 iusticiam.
431 1087 679 1128 Confortamini,
703 1088 846 1130 inquam,
871 1094 902 1118 et
920 1088 1117 1119 confortetur
1134 1100 1190 1119 cor
1207 1095 1360 1129 vestrum,
1385 1101 1494 1120 omnes
1513 1091 1567 1131 qui
1585 1090 1720 1132 speratis

67 1140 98 1170 in
117 1139 241 1170 Rufino.
281 1138 531 1179 Consolaminif,
556 1139 778 1178 consolamini,
804 1139 922 1181 popule
948 1151 1048 1179 meus,
1072 1151 1146 1171 ecce
1163 1140 1326 1172 Albintls‘=y
1349 1142 1447 1175 venit.
1472 1152 1548 1172 ecce
1570 1141 1718 1172 Rufinum

69 1196 267 1232 praesentem
298 1191 392 1222 nobis
423 1190 602 1222 Toletana¹1
633 1191 769 1222 ecclesia
799 1192 901 1222 affert.
956 1191 1041 1222 Ecce
1073 1197 1135 1222 tres
1169 1191 1315 1224 Galliae²
1347 1194 1483 1224 offerunt
1512 1193 1615 1233 nobis,
1647 1203 1720 1224 ecce

67 1241 176 1274 *tellus
194 1241 342 1284 Anglica,
365 1244 397 1274 in
421 1254 483 1285 qua
507 1255 599 1274 renes
616 1243 726 1274 Albini
751 1243 868 1284 sepulti
891 1248 1088 1281 astruuntur,
1114 1244 1152 1274 ad
1174 1245 1250 1274 vosi
1278 1246 1418 1286 respicit.
1452 1245 1539 1276 Ecce
1556 1243 1720 1275 Flandria-

68 1305 136 1326 rum
161 1295 333 1336 praedives
364 1295 463 1333 sinus,
495 1295 549 1326 ubi
582 1301 764 1326 sanctorum
796 1296 962 1325 martirum
995 1306 1066 1325 ossa
1089 1300 1156 1326 arte
1181 1296 1311 1327 condita
1335 1297 1550 1338 requiescunt.
1580 1296 1722 1327 arridetb

68 1346 232 1378 Urban01.
286 1346 371 1377 Ecce
402 1346 577 1388 Apulensis
609 1345 761 1386 ecclesia,
797 1346 851 1377 ubi
881 1352 995 1388 pectus
1028 1346 1136 1377 Albini
1169 1348 1301 1378 honeste
1333 1347 1526 1386 reconditur,
1559 1349 1604 1378 sic
1635 1348 1720 1378 fama

69 1405 126 1436 est,
149 1399 251 1429 servit
274 1398 377 1429 nobis.
423 1398 510 1438 Quid
540 1397 657 1440 plura?
702 1398 738 1428 In
770 1397 922 1435 ecclesiis,
954 1399 984 1428 in
1011 1398 1163 1438 conciliis,
1195 1400 1227 1430 in
1251 1400 1427 1440 sinagogis,
1458 1401 1489 1430 in
1515 1400 1657 1439 theatris,
1688 1400 1718 1429 in

69 1450 185 1492 regnis,
208 1450 240 1481 in
264 1450 410 1490 urbibus,
434 1451 465 1481 in
490 1450 687 1492 regionibus,
713 1451 742 1480 in
768 1449 912 1492 palaciis,
936 1451 967 1480 in
993 1449 1145 1490 turribus,
1171 1452 1201 1481 in
1227 1458 1320 1490 terra,
1346 1452 1376 1481 in
1402 1452 1491 1489 mari,
1516 1452 1546 1481 in
1573 1451 1720 1481 omnibus

69 1501 150 1532 hiisy
167 1501 414 1543 triumphamus,
432 1512 614 1544 regnamus,
638 1503 848 1544 imperamus,
872 1503 1064 1540 inescamus,
1090 1502 1274 1543 spoliamus,
1298 1504 1452 1544 rapimus,
1477 1502 1643 1539 trahimus,
1668 1502 1721 1532 ab-

68 1553 249 1593 radimusm,
273 1553 464 1595 decipimus,
487 1553 626 1584 fallimus
651 1559 682 1585 et
705 1554 920 1594 emungimus.
966 1554 1245 1595 Congratulamini
1270 1555 1376 1593 michi,
1401 1554 1580 1585 cardinales
1605 1555 1666 1584 mci
1690 1558 1721 1584 ct

70 1604 163 1645 legati
184 1605 349 1636 Romanae
372 1605 556 1645 aecclesiae,
582 1605 861 1647 congratulamini,
886 1606 1028 1647 inquam,
1052 1612 1082 1636 et
1106 1605 1254 1647 plausum
1278 1606 1391 1637 facite!
1437 1606 1522 1637 Ecce
1546 1606 1720 1637 Urbanusn

70 1657 179 1688 sedet⁰
204 1656 271 1700 [inp
295 1656 380 1701 sede]
414 1658 590 1688 maiestatis
615 1669 701 1691 suae.
734 1668 809 1688 ecce
841 1657 955 1688 solium
989 1668 1080 1688 suum
1106 1657 1237 1697 exaltat,
1268 1669 1342 1689 ecce
1372 1659 1462 1700 ponit
1492 1658 1599 1689 sedem
1630 1668 1718 1688 suam

70 1708 109 1739 ad
132 1709 333 1751 aquilonem!
380 1709 500 1752 [Ecceq
517 1709 694 1752 extollitur]
720 1720 817 1750 super
834 1720 937 1749 omne,
962 1709 1048 1750 quod
1067 1710 1256 1740 canonicum
1277 1714 1324 1741 est
1335 1716 1356 1747 Γ,
1381 1710 1465 1752 quod
1485 1710 1609 1742 celeste,
1635 1709 1719 1750 quod

70 1759 272 1801 catholicum,
296 1760 380 1802 quod
406 1760 508 1802 legale
532 1767 589 1792 est.
636 1760 719 1791 Ecce
744 1760 919 1792 Urbanus¹¹
942 1762 1034 1802 ponit
1057 1761 1161 1792 lucem
1187 1761 1346 1799 tenebras,
1371 1773 1446 1792 ecce
1471 1762 1590 1793 bonum
1616 1760 1720 1791 maloS

72 1812 289 1853 transfigurat3
315 1823 388 1843 ecce
412 1823 525 1843 corvos
549 1813 580 1842 in
606 1811 778 1843 candorem
800 1813 903 1848 vertit,
929 1823 1003 1843 ecce
1027 1814 1139 1853 cignos
1165 1812 1207 1856 [in
1220 1813 1242 1857 Θ]
1263 1813 1440 1854 Etlxiopasss
1466 1815 1600 1850 mutatt,
1625 1823 1697 1842 ecce
1710 1818 1721 1831 ¹¹

73 1870 205 1895 mortem
229 1865 313 1896 vitae
336 1863 497 1902 asscribit,
529 1875 603 1894 ecce
635 1864 831 1895 absinthium
857 1863 969 1894 melleV
994 1864 1209 1896 transformat.
1257 1865 1341 1903 Fuit,
1370 1865 1429 1896 fuit
1453 1864 1526 1895 olim
1553 1863 1622 1895 dies
1647 1865 1722 1903 irac,

72 1915 305 1953 amaritudinis,
337 1916 538 1957 tempestatis
569 1922 599 1947 et
629 1915 757 1955 doloris,
791 1922 893 1946 cumw
925 1915 1034 1957 lugere
1065 1916 1158 1946 nobis
1183 1917 1329 1956 vacabat,
1361 1927 1431 1947 011111
1461 1916 1553 1947 sedes
1578 1915 1722 1946 Romana

182 2040 208 2071 a.)
228 2044 288 2064 ante
308 2042 379 2064 statu
399 2045 456 2065 erat
478 2040 575 2069 salute3
598 2040 650 2064 dec.
671 2040 703 2064 A.
781 2040 808 2065 bl
830 2040 949 2072 nunquid
970 2040 1001 2064 Β.
1071 2043 1096 2064 cl
1118 2041 1188 2064 deese
1208 2039 1240 2064 A.
1318 2041 1344 2070 d)
1367 2040 1462 2064 obtulit
1483 2039 1515 2063 Β.
1584 2043 1610 2069 e)
1631 2039 1667 2063 illi
1688 2038 1722 2062 Β.

73 2085 93 2116 f)
116 2086 231 2110 costibus
251 2085 284 2110 B.
360 2088 387 2118 g)
409 2086 514 2118 gazofil.
536 2086 569 2110 Β.
647 2086 673 2113 11)
695 2090 720 2109 et
739 2086 865 2110 balsamis
886 2086 1035 2110 devotionis
1057 2087 1252 2118 promptissime
1274 2086 1327 2110 cles.
1349 2086 1382 2109 B.
1468 2087 1486 2113 i)
1511 2085 1668 2116 sepelitione
1690 2084 1722 2108 B.

74 2130 104 2163 k)
123 2131 194 2156 deest
207 2131 238 2156 Δ.
254 2131 294 2161 Β;
315 2132 410 2165 legitur
425 2132 509 2158 Barb.
578 2133 597 2156 11
619 2132 765 2156 clamantes
786 2132 819 2156 B.
888 2135 923 2161 m)
946 2136 1045 2156 artaret
1066 2132 1098 2156 B.
1166 2139 1192 2157 nl
1217 2141 1248 2156 ac
1268 2132 1301 2156 B.
1369 2139 1396 2156 ol
1419 2141 1471 2156 non
1493 2131 1524 2155 A.
1592 2134 1619 2162 p)
1643 2131 1722 2155 Guio-

75 2177 176 2202 bertum
190 2177 223 2202 B.
281 2179 307 2210 q)
330 2179 509 2203 mutilabimus
531 2198 535 2202 .
553 2199 558 2202 .
575 2198 580 2203 .
603 2179 812 2210 expugnabimus
836 2197 840 2201 .
859 2197 863 2201 .
880 2197 885 2202 .
906 2179 1085 2202 inescabimus
1106 2178 1142 2208 A;
1164 2181 1198 2210 «γ’,
1215 2182 1301 2202 aatem
1322 2178 1525 2209 ἕψῃ-(111425.
1587 2178 1610 2209 rs)
1632 2178 1721 2209 Heyn-

75 2224 156 2248 ricum
177 2223 210 2249 Β,
285 2224 308 2255 s)
331 2224 381 2248 hiis
402 2224 597 2249 decertavimus
618 2224 651 2248 B.
728 2227 748 2252 t)
770 2224 840 2248 deest
856 2225 895 2253 A‚·
916 2223 956 2248 his
975 2223 1054 2248 Bar-h.
1132 2224 1162 2254 u)
1183 2224 1222 2248 his
1237 2224 1320 2249 Barb.
1397 2228 1425 2250 vl
1447 2232 1501 2255 agr.
1518 2223 1549 2248 B.
1617 2224 1650 2253 w)
1672 2223 1722 2247 1130

76 2269 153 2295 confi.
173 2271 271 2295 sarissa
291 2270 345 2295 des.
366 2270 399 2294 B.
459 2275 488 2300 x)
510 2271 622 2295 tirannis
644 2271 676 2294 Β.
744 2271 773 2302 γ’)
793 2270 833 2294 his
854 2270 885 2295 Α,
945 2274 971 2297 Ζ)
992 2271 1083 2301 inpell.
1106 2270 1136 2294 Β,
1196 2273 1222 2296 al
1245 2272 1366 2295 minuunt
1386 2270 1421 2297 A:
1443 2271 1565 2295 muniunt
1586 2269 1668 2294 Barb.
1690 2269 1721 2294 B.

76 2314 104 2346 b)
123 2315 163 2341 his
183 2316 214 2341 A.
296 2317 320 2346 c)
343 2325 391 2341 om.
414 2316 445 2341 Β.
527 2317 556 2347 d)
579 2318 621 2349 qni
644 2316 676 2340 B.
760 2321 786 2346 e)
807 2317 877 2341 deest
899 2317 931 2341 A.
1016 2317 1035 2347 s)
1060 2317 1247 2341 confortamini
1269 2317 1352 2341 Barb.
1439 2318 1465 2348 g)
1488 2317 1599 2341 Albinus
1620 2324 1721 2340 mecum

77 2365 124 2391 est,
144 2370 205 2387 ecce
224 2362 335 2387 Rufinus
355 2366 525 2394 presentatur
545 2363 622 2387 nobis
642 2362 676 2387 B.
757 2361 786 2394 h)
808 2362 940 2386 Toletana
962 2376 993 2380 —
1017 2363 1059 2386 off.
1080 2363 1156 2387 nobis
1177 2363 1231 2387 des.
1254 2363 1285 2388 B.
1366 2363 1387 2393 i)
1409 2371 1457 2387 nos
1479 2363 1512 2387 Β.
1595 2363 1622 2393 k)
1646 2362 1722 2386 nobis

77 2407 174 2433 arridet
193 2407 226 2432 B.
300 2409 320 2440 1)
343 2409 407 2434 Urb.
429 2423 460 2427 —
483 2417 550 2433 serv.
572 2409 650 2433 nobis
671 2409 725 2433 des.
747 2408 780 2432 Β.
857 2414 894 2432 ml
916 2409 1068 2440 abrapimus
1090 2409 1122 2433 B.
1199 2414 1226 2436 11)
1249 2410 1372 2433 Urbanus
1392 2410 1463 2434 deest
1484 2409 1517 2433 Β.
1595 2412 1620 2435 0)
1644 2408 1722 2432 rubro

77 2453 122 2479 col.
142 2454 231 2479 sedem
253 2463 318 2480 corr.
340 2464 372 2480 eo:
393 2455 469 2480 sedes
490 2455 605 2485 (sedem
626 2454 657 2479 A.
765 2456 792 2487 p)
813 2455 840 2478 in
861 2455 923 2479 sede
944 2454 998 2479 des.
1019 2454 1051 2480 A.
1159 2456 1187 2488 q)
1208 2456 1238 2479 E.
1262 2459 1312 2480 ext.
1335 2455 1388 2479 cles.
1411 2454 1441 2479 A.
1553 2460 1577 2484 1)
1599 2455 1669 2479 deest
1690 2454 1722 2478 B.

77 2499 102 2528 s)
121 2499 148 2524 in
167 2500 265 2525 malum
286 2500 320 2524 Β.
433 2502 452 2531 t)
476 2502 553 2525 vertit
573 2502 669 2532 (supra
691 2500 788 2531 mutat)
809 2509 871 2525 ecce
894 2501 970 2525 morti
991 2501 1070 2526 vitam
1093 2500 1175 2526 Barb.
1290 2502 1319 2525 ul
1341 2509 1402 2526 ecce
1422 2515 1457 2518 —
1479 2502 1601 2525 asscribit
1620 2509 1668 2525 om.
1690 2500 1722 2525 Β,

76 2544 103 2576 v)
124 2545 152 2570 in
171 2546 222 2570 mel
241 2547 412 2571 transformat
432 2547 465 2571 Β.
542 2547 577 2577 w)
600 2547 742 2571 condolere
763 2547 840 2571 nobis
861 2546 893 2571 B.

187 2662 214 2695 1)
238 2662 283 2695 Cf.
306 2663 410 2689 1110101.
436 2664 462 2696 5,
490 2663 545 2689 10:
567 2663 661 2695 Beati,
687 2663 733 2697 qui
758 2663 991 2697 persecutionem
1015 2663 1165 2697 patiuntur
1188 2668 1309 2698 propter
1332 2664 1480 2690 iustitiam.
1583 2663 1612 2697 2)
1636 2663 1720 2696 :lqui-

78 2712 167 2746 tam'a,
190 2713 394 2748 Lugdunensis,
419 2715 554 2749 Belgium
584 2714 621 2748 cf.
646 2715 826 2749 Marquarde,
852 2714 1009 2740 ‘HOmieche
1033 2715 1312 2750 Staatsverwaltuny’
1336 2716 1359 2748 J,
1379 2725 1411 2750 p,
1431 2715 1500 2744 261,
1624 2714 1656 2748 3)
1679 2713 1721 2746 (j.

81 2762 222 2790 Iuvenalis
245 2765 307 2792 Sat.
330 2765 411 2797 VIII,
437 2766 493 2792 32.-
516 2774 622 2792 nanum
648 2766 794 2792 cuiusdam
819 2766 939 2792 Atlanta
961 2774 1096 2792 vocamus
1120 2766 1294 2801 Aethiopem
1319 2775 1440 2801 cycnum
1464 2770 1510 2792 ete.

1741 1154 1761 1172 Is
1781 1155 1846 1173 401,

1741 1253 1768 1273 Ὗ.
1779 1255 1821 1273 65¹.

1743 1768 1811 1787 (11.15,
1826 1769 1847 1792 5,
1859 1769 1892 1787 2¹0.
