2132 3067
41 779 68 798 1⁰

40 1036 66 1056 15

39 1294 66 1314 2⁰

39 1593 66 1612 25

40 2161 68 2182 ³5

40 2427 69 2447 ⁴0

42 2781 71 2801 ⁴5

603 162 718 188 LlBER
739 162 791 188 DE
814 162 971 189 HONORE
993 162 1209 191 ECCLESIAE.
1665 160 1726 191 635

86 251 168 282 illius
197 256 280 281 sunt.
326 250 448 281 Parvae
477 251 563 281 enim
592 251 823 292 possessiones,
853 262 932 292 quas
959 257 1032 282 ante
1057 252 1302 283 Constantinum
1326 253 1550 294 imperatorem
1576 253 1726 294 possedit.

86 303 157 334 ideo
181 303 249 333 eius
273 307 356 341 sunt,
381 303 456 343 quia
473 301 544 332 Deo
567 301 692 333 oblatae
716 308 799 339 sunt,
824 308 854 333 et
877 313 1012 344 magnae
1037 304 1265 344 possessiones,
1289 315 1368 345 quas
1392 310 1464 345 post
1482 303 1725 335 Constantinum

86 354 237 397 possidet,
261 353 334 384 ideo
359 353 426 383 eius
451 358 535 391 sunt,
561 354 635 395 quia
660 353 880 384 Deo-oblatae
905 359 987 384 sunt.
1034 357 1177 396 Sponsus
1202 357 1285 386 enim
1309 356 1376 387 eius
1399 355 1546 386 dominus
1570 356 1726 394 Christus,

87 407 141 449 qui
165 406 253 447 prius
270 416 339 436 eam
357 404 499 435 erudivit
522 405 665 446 penuria,
689 415 774 435 nunc
798 405 899 436 ditare
923 406 1074 445 dignatus
1099 412 1145 436 est
1169 406 1279 447 gloria.
1324 407 1515 448 Imperatori
1539 412 1644 438 autem
1662 407 1726 448 pie-

86 463 182 489 tatem
210 462 241 487 et
268 456 421 487 iustitiam
452 457 593 486 servanti
624 467 686 486 non
717 456 818 486 solum
851 457 900 486 ius
929 457 1102 488 aecclesiae
1130 464 1295 496 temerare,
1327 459 1407 488 sicut
1433 470 1471 489 ex
1496 459 1602 489 verbis
1626 459 1727 488 sancti

86 508 250 540 Ambrosii
273 509 451 546 docuimus,
480 513 565 538 non³
589 507 672 546 licet,
697 507 751 538 sed
775 519 814 538 ne
839 509 967 549 quidem
992 508 1129 539 alicuius
1154 511 1283 550 privati.
1329 510 1423 548 Quod
1449 510 1577 551 quidem
1603 511 1634 540 in
1659 511 1726 540 iure

86 561 200 602 privati
225 565 406 601 opservant,
431 559 526 600 absit,
550 565 586 589 ut
608 560 640 589 in
665 560 732 590 iure
756 560 818 590 Dei
843 566 998 591 temerare
1023 561 1198 602 imperator
1221 561 1348 592 audeat.

87 653 183 686 CLII.
229 652 386 684 Contra
415 663 482 683 eos
517 653 585 694 qui
620 652 783 682 dicunt:
819 652 1016 684 ‘Terrena
1047 654 1282 684 aecclesiae
1317 654 1583 694 imperatoris
1617 660 1726 692 sunt3
1747 668 1809 690 (151)

203 705 284 735 nisi
309 710 498 745 pastores
523 704 567 735 de
593 714 707 734 manu
732 705 821 734 cius
845 705 1069 746 accipiant,
1095 715 1137 735 ea
1161 705 1311 735 habere
1334 716 1411 735 non
1435 705 1606 736 debent'.

189 766 246 796 Ait
268 766 351 797 enim
376 765 562 805 imperatori
589 764 700 795 beatus
724 764 952 795 Ambrosius¹:
987 766 1124 796 Domum
1152 767 1282 807 privati
1313 766 1402 796 millo
1429 771 1519 806 potes
1544 768 1615 795 inre
1639 771 1727 797 teme-

84 828 177 856 rare;
207 818 336 848 domum
359 816 424 847 Det·
453 817 863 857 eoeistimastiserendum?
908 817 970 847 Hic
993 817 1162 848 attendant
1186 818 1239 858 qui
1265 818 1295 847 in
1320 823 1442 847 tantuin
1468 828 1635 858 perversae
1659 829 1727 847 scn-

85 869 202 900 tentiae
232 879 361 899 manum
394 867 568 903 dederunt,
602 873 636 898 ut
667 868 775 898 dicant
805 867 993 898 aecclesiam
1026 869 1155 910 quidem
1186 879 1243 898 suo
1275 869 1333 899 iuri
1366 868 1502 899 subdere
1531 880 1592 898 non
1623 874 1728 910 potest

84 921 269 962 imperator,
301 919 355 950 sed
386 930 423 950 ea
455 930 537 960 quae
565 918 739 950 aecclesiae
767 926 839 950 sunt
871 921 914 950 ita
939 921 1141 961 imperatoris
1166 927 1248 957 sunt,
1280 927 1313 950 ut
1346 925 1454 960 pastor
1482 920 1658 950 aecclesiae
1690 931 1727 950 ea

85 971 203 1003 habere
232 982 295 1002 non
326 972 438 1012 possit,
472 971 532 1001 nisi
563 970 603 1001 ab
635 972 829 1012 imperatore
861 972 1008 1012 accipiat.
1038 972 1134 1010 ,Quis
1167 973 1250 1002 enim
1283 983 1337 1002 eos
1366 973 1476 1011 ferret,
1508 973 1533 1001 si
1566 972 1727 1002 (liet-rent:

84 1024 236 1055 ‘Domum
254 1022 383 1065 quidem
402 1023 518 1064 privati
542 1028 698 1054 temerare
722 1034 785 1053 non
807 1029 912 1064 potest
936 1024 1120 1064 imperator,
1145 1024 1199 1054 sed
1224 1029 1329 1054 tamen
1348 1024 1566 1064 possessiones
1591 1024 1659 1053 eius
1685 1024 1727 1053 ita

85 1076 287 1117 imperatoris
318 1080 401 1113 sunt,
431 1081 466 1105 ut
494 1075 555 1105 nisi
583 1076 623 1105 ab
648 1075 841 1115 imperatore
866 1085 919 1105 eas
943 1076 1090 1116 accipiat,
1120 1075 1284 1117 possidere
1308 1075 1385 1105 haec
1410 1085 1612 1116 nequaquam
1638 1086 1727 1116 prae-

84 1126 227 1158 valeat‘.>¹
273 1126 316 1157 Et
337 1127 365 1157 si
387 1127 448 1157 hoc
472 1133 535 1158 tam
560 1126 735 1157 absurdum
765 1127 796 1156 in
821 1126 918 1156 rebus
942 1126 1087 1157 humanis
1111 1127 1309 1168 intellegitur
1319 1127 1341 1161 ¹³,
1373 1132 1408 1156 ut
1436 1126 1540 1156 nullus
1564 1127 1658 1157 etiam
1683 1127 1727 1156 in-

83 1179 278 1210 iustissimus
301 1178 400 1209 iudex
424 1178 483 1208 hoc
506 1178 648 1208 iudicare
673 1177 736 1208 ullo
761 1178 855 1209 modo
879 1178 1005 1218 audeat,
1038 1185 1157 1220 quanto
1188 1180 1290 1220 magis
1317 1178 1375 1209 hoc
1400 1177 1569 1208 dicendum
1595 1189 1655 1207 non
1681 1183 1728 1208 est

85 1231 124 1262 de
154 1230 249 1261 rebus
278 1229 362 1261 illius
394 1230 448 1271 qui
477 1229 553 1260 fecit
580 1230 703 1260 caelum
736 1235 767 1260 et
798 1230 938 1261 terram?
983 1229 1057 1271 Ipse
1083 1232 1178 1269 enim,
1209 1231 1355 1272 quamvis
1387 1230 1494 1260 onmia
1525 1230 1624 1271 ipsius
1655 1230 1727 1267 sint,

83 1287 189 1313 tamen
212 1281 393 1324 specialiter
416 1292 474 1312 sua
497 1281 602 1312 dicere
626 1281 778 1322 dignatur
802 1293 839 1312 ea
867 1292 948 1323 quae
972 1293 1110 1323 sponsae
1134 1293 1221 1320 suae⁷
1246 1287 1375 1312 sanctae
1400 1281 1520 1311 scilicet
1543 1280 1726 1315 aecclesiae,

84 1334 253 1365 donantur.
299 1333 392 1364 Unde
416 1339 447 1364 et
470 1332 638 1374 discipulis
669 1333 734 1363 suis
766 1334 825 1363 ait:
860 1333 924 1368 Qui
953 1345 1007 1364 vos
1039 1335 1188 1374 honorat,
1218 1345 1265 1365 me
1297 1334 1441 1364 honorat.
1486 1332 1598 1362 Honor
1620 1337 1725 1362 autem
1746 1325 1888 1377 Luc-2¹53&

83 1391 214 1417 sanctae
237 1384 414 1416 aecclesiae
438 1395 501 1415 non
525 1384 626 1415 solum
652 1386 683 1415 in
709 1384 939 1426 spiritualibus,
971 1385 1026 1415 sed
1055 1386 1150 1416 etiam
1180 1386 1210 1415 in
1240 1384 1461 1426 corporalibus
1486 1385 1652 1414 verissime
1682 1384 1725 1413 in-

85 1437 257 1478 tellegitur.

85 1530 202 1562 CLIII.
247 1530 355 1568 Quia
383 1530 570 1571 episcopi
601 1528 665 1560 vel
694 1529 866 1560 abbates
896 1541 965 1570 per
994 1541 1089 1560 suos
1118 1529 1271 1560 fideles
1300 1528 1344 1559 de
1375 1529 1533 1569 magnis
1561 1538 1724 1569 posses·
1747 1539 1809 1563 (152)

262 1580 449 1612 sionibus
473 1591 570 1622 quas
594 1581 815 1622 possident
845 1582 1009 1612 servire
1033 1580 1361 1623 imperatoribus
1385 1579 1548 1611 debent.

189 1643 274 1674 Sane
301 1642 479 1682 sciendum,
511 1642 586 1683 quia
615 1642 697 1673 sicut
724 1647 848 1672 mutare
878 1641 964 1684 quod
993 1643 1040 1672 sui
1071 1643 1208 1672 maiores
1238 1640 1388 1672 catholici
1411 1641 1621 1682 imperatores
1646 1640 1726 1670 fece-

83 1700 158 1726 runt
179 1695 371 1726 christianus
394 1695 569 1735 imperator
592 1704 655 1724 non
679 1692 784 1733 debet,
809 1694 853 1724 ita
875 1700 905 1724 et
929 1695 954 1724 si
979 1694 1054 1736 quid
1079 1693 1252 1725 aecclesiae
1277 1704 1312 1724 eo
1337 1699 1482 1734 tempore
1506 1692 1670 1725 donatum,
1694 1697 1728 1722 ut

83 1747 146 1778 sibi
168 1746 290 1788 aliquid
314 1747 489 1787 imperator
513 1745 630 1775 exinde
654 1746 874 1783 reservaverit,
899 1746 944 1775 sic
968 1752 1078 1776 contra
1103 1756 1241 1776 canones
1265 1756 1371 1776 sacros
1395 1756 1457 1775 non
1475 1744 1577 1776 fuerit.
1603 1743 1726 1774 solven-

85 1798 159 1829 dum
183 1799 222 1835 ei,
246 1798 307 1828 nisi
330 1798 410 1828 forte
434 1797 602 1837 remiserit,
625 1808 684 1839 per
707 1798 815 1827 omnia
838 1803 895 1828 est.
942 1797 1031 1828 Sicut
1055 1798 1138 1828 enim
1164 1808 1246 1838 quae
1270 1798 1331 1827 iam
1349 1797 1420 1828 Deo
1445 1802 1631 1826 consecrata
1654 1802 1727 1825 sunt

84 1849 267 1881 hominibus
291 1849 390 1880 seculi
408 1849 575 1889 assignare
591 1859 653 1879 non
671 1848 835 1889 debemus,
859 1850 903 1879 ita
927 1859 1007 1890 quae
1034 1848 1157 1879 illorum
1183 1854 1266 1887 sunt,
1289 1848 1350 1878 nisi
1374 1849 1434 1889 ipsi
1459 1847 1657 1885 donaverint,
1681 1847 1726 1877 eis

85 1901 208 1933 auferre
242 1912 305 1932 non
335 1912 517 1942 possumus.
568 1900 725 1942 Episcopi
757 1908 862 1931 autem
894 1907 925 1931 et
955 1900 1089 1931 abbates
1119 1900 1326 1931 observantes
1361 1905 1535 1940 praecepta
1569 1909 1724 1928 canonum

85 1952 283 1984 secularibus
311 1953 451 1994 negociis
476 1963 510 1983 se
534 1953 667 1983 miscere
696 1963 758 1982 non
787 1952 913 1983 debent.
959 1952 1009 1983 De
1037 1952 1140 1983 reditu
1164 1959 1269 1983 autem
1294 1951 1416 1981 illarum
1443 1961 1630 1990 magnarum
1656 1960 1726 1990 pos-

85 2005 263 2036 sessionum
291 2005 382 2035 iuxta
411 2005 618 2035 constitutum
647 2015 809 2034 sacrorum
840 2009 1018 2034 canonum²
1043 2010 1180 2045 quatuor
1209 2004 1371 2044 portiones
1400 2004 1430 2032 in
1460 2002 1634 2044 episcopiis
1658 2001 1725 2031 fieri

85 2057 218 2097 debent3
247 2057 280 2087 in
309 2056 447 2087 abbatiis
472 2066 548 2086 vero
573 2057 756 2086 communia
783 2056 891 2086 omnia
913 2066 982 2086 csse
1006 2056 1098 2086 iuxta
1121 2054 1265 2096 regulam
1291 2061 1473 2085 sanctorum
1497 2053 1726 2095 apostolorum.

87 2150 218 2183 CLIIII.
257 2149 410 2181 Contra
437 2160 506 2180 eos
535 2149 603 2190 qui
631 2149 778 2180 dicunt
805 2149 896 2179 ideo
927 2149 1201 2190 imperatores
1230 2147 1479 2179 aecclesiam
1505 2147 1723 2184 investire,
1744 2157 1806 2182 (153)

707 2201 803 2242 quia
825 2201 979 2231 sacrati
1003 2206 1104 2231 sunt.

191 2263 274 2294 Sunt
301 2262 406 2301 etiam,
436 2262 490 2303 qui
517 2261 647 2291 dicant³
671 2262 866 2302 imperatori,
897 2262 974 2302 quia
996 2271 1086 2292 sacro
1110 2259 1179 2291 oleo
1202 2265 1317 2290 unctus
1341 2264 1397 2295 cst,
1428 2258 1509 2289 bene
1533 2263 1724 2300 competere,

86 2319 121 2346 ut
150 2319 294 2356 pastores
326 2313 502 2344 aecclesiae
533 2312 640 2344 donet.
686 2312 780 2352 Quod
813 2312 942 2354 quidem
975 2313 1137 2351 miramur,
1167 2312 1193 2342 si
1224 2311 1324 2353 aliqui
1354 2310 1572 2352 sapientiumd
1603 2310 1724 2341 dicunt.

86 2366 158 2397 Non
180 2367 266 2398 enim
289 2365 330 2396 ad
354 2364 414 2396 hoc
436 2366 575 2406 ungitur,
600 2370 634 2395 ut
656 2364 845 2394 aecclesiam
866 2365 945 2394 bene
962 2363 1113 2406 disponat
1123 2369 1145 2404 ⁴,
1169 2363 1224 2394 sed
1250 2368 1284 2394 ut
1306 2373 1441 2403 regnum
1466 2362 1602 2392 fideliter
1624 2367 1724 2403 regat.

86 2416 285 2449 Aecclesiam
313 2417 396 2448 enim
426 2427 490 2447 non
519 2415 615 2447 debet
637 2416 796 2455 ordinare,
823 2415 878 2446 sed
908 2416 935 2445 ei
967 2421 1001 2446 ut
1028 2415 1111 2446 filius
1135 2414 1275 2446 obedire.
1320 2415 1370 2444 An
1394 2425 1457 2444 non
1482 2417 1514 2444 ct
1537 2414 1634 2443 Ozias
1657 2424 1724 2452 reX,

87 2469 170 2500 sicut
198 2478 308 2499 omnes
330 2468 470 2499 Iudaeae
498 2479 600 2508 reges,
631 2466 700 2498 oleo
729 2472 840 2498 sancto
870 2472 984 2497 unctus
1011 2466 1124 2498 erate?
1169 2466 1235 2497 Cur
1264 2466 1372 2506 igitur,
1403 2465 1429 2495 si
1460 2465 1591 2506 regibus
1621 2466 1725 2495 unctis

87 2531 178 2551 sacra
204 2525 399 2561 competunt,
427 2530 499 2549 eum
524 2519 689 2550 incensum
714 2518 827 2549 offerre
851 2518 954 2558 vellet,
983 2518 1071 2559 lepra
1097 2528 1267 2559 percussus
1290 2516 1362 2548 est‘?
1405 2517 1518 2548 Nonne
1548 2517 1648 2547 maius
1678 2523 1725 2547 est
1745 2509 1887 2562 &RJg‘JGffl

197 2630 225 2661 a)
244 2637 324 2661 super
343 2629 390 2653 lin.
411 2628 475 2654 add.
496 2628 572 2653 132¹.
647 2627 673 2659 b)
696 2628 816 2660 intellegi
836 2627 860 2651 B
873 2628 912 2652 2³.
985 2627 1009 2658 c)
1032 2634 1111 2658 super
1131 2626 1178 2652 lin.
1198 2627 1263 2651 add.
1284 2626 1358 2651 132³.
1428 2626 1456 2656 d)
1477 2626 1624 2658 sapientum
1646 2622 1723 2649 Bab.

88 2674 114 2706 e)
134 2678 174 2700 est
191 2672 269 2700 Bab.

194 2773 223 2807 1)
241 2773 271 2801 V.
294 2782 382 2807 supra
405 2782 427 2800 c.
445 2772 512 2799 146.
580 2772 607 2806 2)
634 2772 678 2805 Cf.
696 2772 805 2799 Gelasiz'
820 2772 897 2806 epist.
914 2770 959 2802 14,
984 2780 1008 2797 c.
1026 2771 1081 2804 27,·
1107 2770 1191 2804 Tln'el,
1209 2771 1301 2805 Epist.
1313 2769 1419 2805 pontif.
1437 2771 1554 2797 Roman.
1571 2770 1595 2802 I,
1608 2779 1639 2803 p.
1653 2769 1722 2797 378,

89 2825 131 2852 ed.
154 2825 307 2851 Hinschius
324 2835 356 2859 p.
376 2825 444 2851 654.
532 2824 561 2859 3)
587 2823 630 2856 Cf.
651 2822 811 2849 orthodoxa
835 2821 903 2854 Def-
925 2831 1013 2856 supra
1033 2832 1062 2856 p.
1081 2822 1151 2848 538.
1238 2822 1269 2855 4)
1293 2821 1336 2855 Cf.
1359 2831 1447 2856 supra
1471 2831 1494 2847 c.
1514 2822 1561 2848 75.
1586 2821 1634 2847 83.
1655 2820 1722 2847 119.

1441 2876 1491 2900 80⁸v
