2132 3067
508 151 559 177 DE
582 150 752 178 UNITATE
775 153 982 183 ECCLESIAE
1005 157 1299 188 CONSERVANDA.
1667 164 1729 195 215

86 236 252 276 eiusmodi,
279 237 386 278 qualia
402 238 588 280 supradicta
609 246 692 279 sunt,
717 240 839 282 flagitia
860 245 990 283 nutrire,
1015 247 1125 279 fovere
1150 249 1199 280 vel
1223 250 1406 292 defendere,
1430 256 1576 296 nunquid
1600 256 1660 287 hoc
1685 264 1733 288 est

86 287 166 318 filios
184 288 246 318 Dei
270 299 339 319 esse
363 294 394 319 et
417 290 578 331 spiritales
601 298 699 333 atque
722 292 875 324 caelestes
900 307 970 326 esse
995 297 1085 329 iuxta
1109 302 1299 333 sententiam
1325 306 1492 346 scriptoris
1509 307 1651 338 eiusdem
1670 310 1733 349 epi-

85 338 207 370 stolae?
250 339 347 370 Absit
370 340 440 380 hoc,
470 341 564 380 absit,
594 343 736 385 inquam,
765 346 928 386 quoniam,
952 354 1123 382 attestante
1146 353 1302 393 apostolo,
1329 355 1477 387 Christus
1502 358 1649 389 exhibuit
1672 360 1733 390 sibi
1753 372 1886 397 Eph.5‚27.

84 390 253 433 gloriosam
280 391 446 423 ecclesiam
471 404 534 423 non
561 394 729 425 habentem
761 397 920 428 maculam
953 411 1010 430 nec.
1040 413 1097 442 per
1120 403 1341 445 duplicitatem
1368 418 1491 449 rugam,
1524 410 1598 451 quia
1622 416 1653 441 et
1676 422 1734 452 per

54 455 66 474 5
84 443 235 473 iustitiam
260 448 307 474 est
331 443 452 474 munda
474 450 505 475 et
528 456 586 486 per
609 446 787 488 simplicem
814 449 1025 481 intentionem
1057 458 1157 485 tensa.
1208 456 1301 487 Unde
1325 464 1355 488 et
1379 460 1408 489 in
1435 460 1569 491 Cantieo
1594 463 1729 493 cantico.
1752 475 1877 497 cannes,

84 505 153 525 rum
177 494 315 535 Spiritus
339 500 470 526 sanetus
494 507 534 527 ex
558 508 698 538 persona
714 499 848 530 Domini
872 501 1020 543 designat
1044 511 1074 535 et
1099 505 1192 537 dicit:
1222 508 1295 539 Una
1321 515 1365 540 est
1390 512 1534 543 columba
1560 525 1640 554 mea,
1662 526 1732 554 per-

76 546 168 586 fecta
190 558 270 586 mea,
293 558 362 578 una
385 552 429 577 est
453 549 569 579 matris
591 560 672 580 suae
696 550 804 590 electa,
827 556 1003 594 yenetricz's
1027 568 1117 588 suae.
1164 557 1227 589 Sed
1249 560 1425 592 adversarii
1450 565 1559 603 nostri,
1585 567 1732 606 quamvis

83 597 144 638 ipsi
169 598 307 628 exierint
329 609 348 628 a
371 599 473 638 nobis,
497 610 561 630 non
585 611 642 631 nos
659 601 700 632 ab
717 602 808 643 ipsis,
832 609 938 636 tamen
956 607 1001 637 sic
1020 607 1121 639 solent
1137 621 1170 640 se
1188 613 1412 644 commendare
1429 614 1523 646 dietis
1541 622 1570 646 et
1587 617 1730 658 scriptis:

83 648 151 680 Nos
174 649 327 680 catholici
357 661 479 690 sumus,
508 663 568 682 nos
596 652 631 682 in
662 654 787 684 unitate
819 656 968 689 ecclesiae
999 671 1120 691 sumus.
1174 661 1268 693 Unde
1299 665 1438 706 scriptor
1460 666 1545 697 illius
1575 668 1730 709 epistolae

39 713 65 733 ιο
82 699 221 742 appellat
237 711 301 739 eos,
326 701 380 742 qui
398 706 473 733 sunt
496 703 527 732 in
551 708 642 744 parte
663 705 712 734 sui
731 706 891 748 Gregorii,
917 708 1100 749 catholicos,
1125 723 1182 743 nos
1206 721 1324 754 autem,
1349 718 1401 757 qui
1426 717 1521 749 fidem
1547 726 1727 750 sanctorum

81 756 207 794 patrum
230 756 386 792 tenemus,
409 754 463 795 qui
489 754 581 785 bonis
606 756 755 788 omnibus
779 761 1015 792 consentientes
1040 773 1160 803 sumus,
1185 766 1239 806 qui
1264 778 1375 808 pacem
1397 780 1543 800 amamus
1568 777 1598 801 et
1621 772 1730 802 frater-

81 803 212 834 nitatem
235 803 409 844 diligimus,
435 806 489 847 qui
514 806 732 847 impendimus
752 808 916 851 honorem,
941 813 991 843 eui
1017 813 1173 846 debemus
1198 817 1362 857 honorem,
1387 821 1439 861 qui
1465 822 1555 853 iuxta
1579 834 1731 865 praccep-

81 859 148 885 tum
170 853 256 885 Petri
287 855 424 897 apostoli
457 857 594 889 subiecti
623 870 734 891 sumus
767 863 853 892 omni
886 870 1050 896 creaturae
1082 873 1215 909 propter
1239 869 1355 909 Deum,
1388 873 1455 902 sive
1486 874 1552 913 regi
1576 880 1728 915 tanquam
1752 876 1869 924 ¹'1‘f30‘1‘142'

81 905 295 948 praecellenti,
319 908 389 938 sive
413 908 549 940 ducibus
573 916 725 953 tanquam
750 913 791 944 ab
815 925 852 945 eo
878 916 993 955 missis,
1023 923 1054 948 et
1076 929 1140 949 non
1163 924 1286 951 tantum
1312 922 1404 953 bonis
1428 930 1458 954 et
1482 924 1645 966 modestis,
1675 926 1729 957 sed
1803 920 1807 927 ’

36 971 62 990 1⁵
81 958 175 989 etiam
192 957 343 1000 dyscolis,
366 959 398 990 id
415 966 463 991 est
478 961 735 1003 indisciplinatis,
756 966 810 1006 qui
828 967 1018 998 confitemur
1032 969 1126 1000 iuxta
1141 970 1319 1003 doctrinam
1338 973 1428 1005 Pauli
1445 976 1592 1017 apostoli,
1610 977 1728 1008 bonum
1753 971 1867 1020 ¹32²

81 1020 149 1040 esse
172 1014 204 1040 et
224 1015 393 1052 acceptum
425 1023 531 1044 eoram
563 1013 720 1046 salvatore
746 1017 815 1047 Deo
845 1024 964 1058 nostro,
996 1021 1050 1062 qui
1082 1033 1191 1054 omnes
1221 1024 1365 1056 homines
1389 1025 1457 1057 vult
1480 1026 1585 1058 salvos
1608 1029 1676 1059 fieri
1701 1035 1729 1060 et

80 1059 121 1092 ad
142 1061 338 1102 agnitionem
363 1065 507 1095 veritatis
530 1066 649 1106 venire,
673 1072 708 1098 ut
730 1069 869 1109 primum
888 1073 1029 1102 omnium
1055 1073 1133 1104 fiant
1156 1075 1405 1117 obsecrationes,
1430 1079 1600 1118 orationes,
1624 1086 1730 1122 postu-

79 1111 222 1152 lationes,
253 1114 428 1154 gratiarum
460 1117 604 1148 actiones
636 1129 695 1160 pro
725 1120 875 1152 omnibus
906 1122 1100 1166 hominibus,
1132 1137 1189 1167 pro
1219 1128 1349 1168 regibus
1381 1134 1412 1159 et
1441 1131 1589 1161 omnibus
1619 1133 1672 1173 qui
1698 1133 1727 1163 in

79 1163 275 1196 sublimitate
297 1171 381 1206 sunt,
412 1171 447 1198 ut
470 1169 612 1209 quietam
636 1175 667 1201 et
690 1172 895 1213 tranquillam
920 1175 1019 1206 vitam
1044 1188 1179 1218 agamus
1204 1179 1236 1210 in
1262 1180 1347 1210 omni
1372 1181 1491 1222 pietate
1516 1188 1547 1213 et
1571 1185 1728 1223 castitate,

34 1228 60 1248 2⁰
80 1226 136 1246 nos
159 1226 246 1256 vero,
276 1217 330 1258 qui
360 1223 509 1260 optamus
533 1221 628 1251 etiam
654 1233 726 1253 cum
752 1225 910 1265 propheta
937 1226 1005 1258 dari
1036 1230 1133 1270 capiti
1158 1236 1267 1262 nostro
1291 1242 1407 1273 aquam
1433 1238 1464 1263 et
1487 1234 1586 1265 oculis
1610 1236 1726 1266 nostris
1748 1247 1854 1268 iamai.

77 1266 195 1298 fontem
218 1266 433 1309 lacrimarum,
458 1276 493 1302 ut
509 1271 672 1313 ploremus
690 1274 741 1306 die
764 1287 801 1306 ac
818 1282 910 1308 nocte
926 1278 1112 1311 interfectos
1129 1281 1212 1313 filiae
1230 1282 1341 1324 populi
1359 1285 1468 1323 nostri,
1494 1296 1560 1325 nos,
1585 1287 1726 1328 inquam,

78 1318 277 1361 praeiudicat
306 1319 358 1351 ille
389 1322 536 1364 scriptor,
568 1324 689 1366 dicens,
720 1338 778 1358 nos
809 1339 878 1360 esse
906 1331 1106 1363 scismaticos
1131 1339 1161 1364 et
1184 1333 1341 1365 hereticos
1365 1341 1396 1366 et
1418 1339 1725 1380 excommunicatos,

78 1370 152 1413 quia
174 1372 281 1412 regiae
304 1374 455 1414 potestati
479 1385 543 1405 non
567 1377 746 1408 resistimus
770 1385 800 1410 et
824 1381 900 1422 quia
923 1381 1081 1414 Clementi
1105 1395 1209 1427 papae
1234 1388 1522 1419 communicamus.

179 1424 209 1453 4.
256 1423 346 1460 Quid
367 1425 567 1468 inviolabile,
590 1428 725 1470 inquit¹‚
749 1431 905 1473 baptismi
927 1441 1167 1467 sacramentnm
1189 1439 1282 1478 apud
1298 1440 1499 1471 scismaticos
1522 1445 1550 1471 et
1573 1441 1725 1473 hereticos

32 1485 58 1506 8⁵
76 1478 104 1505 et
125 1476 418 1508 eaecommunicatos
434 1478 550 1518 valeat,
574 1480 725 1512 Isidorus
741 1483 776 1514 in
793 1483 1028 1525 alleyoriarnm
1045 1487 1128 1518 libro
1146 1500 1242 1531 snper
1259 1489 1401 1522 Genesin
1419 1492 1564 1522 declarat
1576 1498 1604 1524 ²:
1630 1492 1725 1528 Quod

74 1530 204 1567 praeter
226 1537 350 1567 arcam,
375 1530 433 1567 ait,
457 1531 562 1561 omnis
586 1543 676 1573 caro,
700 1545 798 1574 qnam
821 1540 910 1566 terra
933 1539 1143 1579 sustentabat,
1172 1541 1298 1572 diluvio
1323 1549 1515 1584 consumpta
1539 1548 1593 1583 est,
1618 1545 1722 1586 siqni-

69 1576 160 1617 ficat,
191 1578 271 1619 quia
291 1585 426 1619 praeter
448 1580 600 1614 ecclesiae
623 1586 804 1616 societatem
830 1598 919 1629 aqua
942 1589 1106 1630 baptismi,
1136 1603 1207 1623 cnm
1236 1594 1346 1624 eadem
1371 1596 1412 1625 sit
1435 1597 1495 1635 vis,
1526 1607 1592 1626 non
1621 1596 1723 1627 solum

75 1639 141 1660 non
164 1629 248 1660 valet
266 1630 311 1662 ad
326 1631 471 1672 salutem,
495 1634 552 1664 sed
576 1635 657 1666 valet
676 1638 789 1677 potius
814 1639 859 1669 ad
878 1642 1066 1680 perniciem.
1105 1642 1318 1676 *Sciendum
1335 1650 1451 1687 antem,
1476 1647 1562 1688 quod
1586 1647 1722 1689 I'Vz'yber-
1744 1657 1777 1682 ‘1·.
1788 1659 1815 1679 48

75 1680 137 1711 dus
160 1683 292 1722 aryuit⁴
316 1683 491 1715 catholicos
521 1697 672 1726 asserere,
702 1688 762 1719 illa
794 1701 878 1730 quae
899 1691 991 1731 finnt
1021 1698 1116 1725 θαι-ἴνα
1145 1696 1312 1727 ecclesiam
1336 1703 1544 1729 sacramenta
1569 1711 1633 1730 non
1658 1711 1723 1730 esse

30 1745 57 1765 ,ο
75 1743 130 1763 nec
153 1732 247 1763 aliud
262 1745 361 1775 quam
378 1735 621 1769 damnationem
639 1740 793 1781 cuiquam
810 1742 969 1783 conferre,
993 1750 1145 1777 astruens
1168 1751 1256 1778 tama
1279 1753 1372 1779 etsist-a
1394 1761 1491 1790 quam
1511 1751 1598 1781 intra
1615 1752 1722 1782 catho-

73 1782 170 1815 licam
192 1784 358 1817 ecclesiam
387 1787 465 1818 baec
489 1790 600 1821 omnia
623 1796 699 1822 rata
721 1797 750 1823 et
772 1804 851 1823 vera
875 1796 1021 1836 existere,
1053 1800 1276 1840 assunzitque⁵
1307 1801 1343 1830 in
1372 1802 1591 1833 testimoniam
1615 1814 1718 1833 asser-

74 1835 170 1866 tionis
191 1847 270 1868 suae
293 1838 478 1879 Auyustini
506 1843 699 1874 sententiam
730 1845 766 1874 in
797 1845 938 1886 quodam
966 1851 1109 1879 tractatu
1132 1851 1169 1881 in
1192 1851 1398 1892 euanyelium
1422 1853 1583 1884 Iohannis
1606 1859 1721 1885 contra

73 1886 289 1929 rebaptizatos
305 1889 437 1921 editam.
475 1891 538 1922 ‘Ita
554 1894 651 1934 eryo',
674 1895 783 1936 inquit
800 1898 1009 1938 Aztyustivzus
1020 1904 1040 1938 ⁶,
1065 1904 1132 1931 ‘nec
1146 1901 1240 1941 foris
1257 1903 1341 1933 sicut
1357 1915 1414 1934 nec
1430 1905 1519 1935 intas
1536 1906 1720 1946 quisquam,

75 1939 131 1979 qui
152 1949 192 1970 επ
212 1945 308 1981 parte
331 1941 455 1973 diaboli
476 1948 532 1982 est,
551 1949 657 1985 potest
680 1947 727 1978 vel
750 1948 786 1978 in
810 1959 842 1978 se
864 1948 913 1980 vel
936 1951 971 1980 in
995 1962 1157 1993 quoquam
1180 1954 1346 1986 maculare
1369 1961 1610 1987 sacramentum
1634 1957 1721 1998 quod

28 1999 54 2020 ⁸⁵
77 1988 197 2022 Christi
219 1991 280 2022 est'.
333 1992 440 2028 Quam
463 1999 491 2025 et
514 2007 574 2026 nos
597 1999 791 2030 sententiam
807 1999 954 2039 fideliter
977 2003 1200 2044 amplectentes
1224 2006 1454 2047 respondemus
1478 2007 1536 2038 hoc
1558 2008 1716 2049 Auyusti-

73 2051 150 2072 num
171 2042 211 2074 de
233 2043 310 2084 solo,
333 2045 419 2076 unde
442 2051 519 2078 tanc
543 2049 713 2089 ayebatnr,
735 2051 891 2092 baptismi
913 2052 1038 2084 dimisse
1058 2061 1275 2087 sacramento.
1321 2056 1364 2088 Et
1386 2058 1418 2088 in
1442 2058 1504 2089 fine
1527 2059 1628 2100 ipsius
1653 2060 1717 2101 epi-

73 2091 189 2124 stolae:
210 2094 429 2127 Intuendum⁷
453 2099 561 2139 etiam,
585 2100 698 2142 inquit,
723 2103 810 2143 qnod
833 2104 891 2144 qui
920 2104 1092 2146 IViyberdo
1116 2106 1164 2137 ¹cel
1185 2107 1353 2139 Henricho
1366 2109 1498 2150 favent,
1522 2116 1579 2141 aut
1602 2117 1716 2153 tempo-

73 2143 155 2175 ralis
177 2147 332 2178 commodi
346 2154 493 2189 respectu
510 2150 558 2181 vel
579 2151 744 2184 humanae
760 2153 883 2195 ¹qim-iae
897 2155 1038 2196 faciunt
1055 2157 1111 2188 boc
1130 2160 1263 2198 intuita,
1288 2165 1366 2190 nos⁸
1384 2166 1500 2202 autem,
1524 2163 1581 2203 qui
1596 2164 1716 2195 iustam

70 2199 195 2236 partem
212 2196 368 2240 Gregorii
381 2201 446 2231 iam
465 2213 485 2231 a
502 2201 571 2233 Deo
589 2206 759 2246 assumpti,
783 2207 866 2236 sicut
882 2207 1002 2239 iustum
1020 2213 1074 2247 est,
1099 2209 1314 2252 defendimus,
1335 2224 1394 2254 per
1413 2213 1469 2244 boc
1492 2225 1556 2244 non
1581 2214 1714 2255 homini,

26 2257 54 2277 u
72 2247 126 2278 sed
147 2248 208 2280 soli
231 2249 298 2280 Deo
319 2251 451 2292 placere
474 2255 711 2287 contendinms.

172 2299 202 2331 5.
245 2301 332 2333 Hinc
353 2303 415 2334 iam
442 2305 622 2346 apparebit,
647 2308 701 2348 qui
725 2308 788 2339 sint
811 2310 987 2341 scismatici
1010 2317 1041 2342 ct
1065 2311 1194 2344 heretici
1215 2320 1312 2356 atque
1335 2317 1616 2355 excommunicati,
1640 2328 1711 2348 cum

70 2348 129 2381 iste
151 2352 320 2384 scribendo
344 2359 481 2386 testetur
511 2368 545 2387 se
573 2368 714 2400 suosque
744 2359 917 2392 defendere
941 2368 1064 2403 partem
1091 2365 1137 2395 sui
1163 2365 1324 2407 Gregorii.
1376 2367 1438 2398 Sed
1463 2369 1571 2399 tunica
1595 2367 1711 2400 Christi

177 2456 204 2489 a)
223 2458 277 2482 iam
301 2460 328 2489 15
348 2459 481 2486 Freherus
501 2463 658 2489 emendavit.

174 2555 202 2588 1)
224 2555 270 2583 Sc.
289 2557 488 2594 adversarius;
512 2561 549 2593 cf.
560 2562 770 2595 praefationem
792 2574 821 2597 p.
842 2565 909 2591 183.
978 2566 1007 2599 ⁴2)
1031 2566 1143 2597 Quaest.
1160 2569 1188 2594 in
1204 2572 1281 2595 vetus
1295 2573 1412 2603 testam„
1438 2572 1465 2596 in
1489 2572 1617 2598 Genesim
1641 2582 1663 2600 c.
1683 2573 1707 2605 T,

23 2609 50 2630 46
69 2604 84 2635 5
101 2604 146 2638 15,
173 2605 242 2641 Opp.
259 2609 302 2635 ed.
319 2609 456 2637 Aret-alus
475 2611 503 2644 V,
518 2621 548 2646 p.
563 2613 634 2640 288.
695 2614 725 2649 3)
747 2615 872 2649 [Abhinc
894 2616 1035 2643 iterantur
1058 2619 1143 2646 verba
1167 2621 1298 2654 anonymi
1320 2621 1378 2654 III,
1397 2632 1419 2648 e.
1435 2623 1479 2656 3J.
1547 2623 1576 2651 4)
1603 2624 1633 2649 In
1657 2624 1707 2649 illa

69 2654 191 2689 epistola,
214 2658 315 2686 IAbell.
340 2661 373 2687 (Ie
395 2662 442 2688 lite
464 2663 489 2696 I,
509 2673 540 2698 p.
561 2664 630 2690 623.
753 2666 782 2700 5)
807 2667 895 2700 [Scit.
918 2668 947 2694 in
971 2669 1091 2696 Decreta
1117 2671 1262 2698 Clementis
1282 2681 1386 2707 papae,
1413 2674 1514 2699 Libellz·
1538 2675 1560 2707 I,
1583 2684 1612 2708 p.
1631 2676 1708 2708 6:25,-

69 2705 104 2738 0f·
128 2707 248 2736 Sdralek
266 2719 296 2744 P·
319 2712 402 2746 lGSJ.
523 2715 552 2750 6)
577 2716 621 2749 Cf.
648 2717 692 2743 De
715 2717 852 2751 baptismo
881 2723 978 2746 contra
1002 2721 1170 2748 Donatistas
1193 2723 1211 2749 l.
1229 2723 1277 2750 IV
1306 2734 1328 2750 c.
1347 2725 1373 2757 5,
1401 2724 1470 2758 Opp.
1489 2726 1543 2758 IX,
1568 2727 1619 2752 col.
1640 2727 1706 2752 124.

1274 2744 1280 2756 7

69 2755 98 2791 ῗ)
117 2757 192 2792 [Hic
213 2761 290 2788 locus
313 2763 410 2790 iterum
435 2765 553 2798 affertur
576 2776 599 2793 c.
621 2768 665 2801 15,
686 2777 715 2802 p.
735 2769 821 2803 225]
909 2771 938 2805 8)
960 2771 1016 2806 [V.
1038 2782 1125 2806 supra
1154 2782 1177 2803 c,
1204 2775 1230 2800 6.
1259 2775 1304 2801 13.
1335 2775 1397 2808 l4l.
