2132 3067
308 150 369 181 ⁴252
739 151 789 177 DE
813 150 982 176 UNITATE
1006 148 1212 176 ECCLESIAE
1235 148 1528 176 CONSERVANDA.

308 243 501 274 constitutus
531 243 633 272 siccos
664 239 770 271 oculos
799 244 904 269 tenere
928 238 1134 280 praevaleat,
1165 249 1222 269 nec
1245 243 1428 280 erumpente
1453 239 1562 269 statim
1583 238 1667 278 fletu
1694 240 1792 280 prius
1816 240 1955 279 yenzitus

308 305 383 323 suos
414 293 562 323 lacrimis
592 303 690 334 quam
722 303 794 322 voce
824 290 1014 332 depromat?
1071 289 1181 328 Doleo,
1206 290 1347 331 fratres,
1382 289 1472 320 doleo
1506 289 1678 329 vobiscum,
1712 301 1769 320 nec
1798 290 1881 321 mihi
1910 290 1961 321 ad-

307 344 474 375 leniendos
498 343 624 375 dolores
648 354 731 374 meos
761 343 934 383 integritas
963 342 1105 382 propria
1136 346 1163 371 et
1192 342 1322 371 sanitas
1347 343 1482 381 privata
1506 341 1686 381 blanditur,
1717 341 1851 382 quando
1877 341 1954 382 plus

305 400 420 437 pastor
445 397 478 426 in
502 397 614 436 91·e9is
637 395 690 425 sui
714 394 846 424 vulnere
870 393 1073 424 vulneratur.
1129 392 1208 424 Cum
1231 392 1374 434 sinqulis
1397 397 1508 434 pectus
1529 404 1633 423 meum
1655 393 1778 434 copulo,
1801 394 1955 424 moeroris

308 452 334 478 et
350 447 488 488 funeris
509 446 662 488 pondera
681 446 829 476 luctuosa
850 445 1032 486 participo,
1057 456 1127 475 cum
1143 445 1381 485 planyentibus
1396 445 1535 485 planqo,
1559 455 1629 474 cum
1647 444 1840 485 deflentibus
1856 445 1954 484 defleo
1974 459 1992 479 5

307 510 377 529 cum
402 499 584 529 iacentibus
608 499 715 529 iacere
738 509 785 527 me
809 497 912 527 credo.
958 496 1083 527 Iaculis
1106 497 1173 527 illis
1196 496 1427 537 mussantibus
1450 496 1580 526 inimici
1603 508 1672 526 mea
1695 495 1794 526 simul
1815 496 1955 527 membra

304 561 462 591 percussa
489 555 574 589 sunt,
598 550 774 580 saevientes
798 548 906 589 yladii
926 560 985 590 per
1007 559 1078 578 ‘mea
1104 549 1227 579 viscera
1252 549 1467 578 transierunt.
1513 547 1666 578 Inmunis
1688 559 1726 578 ac
1749 547 1830 578 liber
1842 547 1955 587 fuisse

307 613 328 632 α
350 602 586 642 persecutionis
618 601 754 631 incursu
786 611 849 631 non
878 604 983 640 potest
1014 600 1146 631 animus
1177 601 1209 630 in
1240 600 1415 640 prostratis
1433 599 1617 639 fratribus,
1648 604 1675 630 et
1704 610 1750 629 me
1774 599 1956 640 prostravit

308 652 451 694 affectus.
496 653 538 684 Et
568 652 652 683 unde
683 651 840 683 eiusmodi
872 650 973 682 cladis
1004 657 1179 692 tempestas
1208 651 1382 687 emerserit,
1414 651 1521 680 statim
1551 650 1777 691 subiungendo
1807 650 1955 684 ostendit,

309 705 471 735 Habenda
496 709 599 735 tamen
625 709 680 743 est,
712 703 847 745 inquit',
871 703 1000 743 fratres
1025 703 1239 742 dilectissimi,
1272 703 1357 733 ratio
1382 703 1538 739 veritatis,
1563 714 1619 732 nee
1643 703 1690 733 sic
1713 707 1845 733 mentem
1869 702 1956 734 debet
1978 716 2009 735 ιο.

307 761 335 786 et
357 768 483 787 sensum
504 756 745 797 persecutionis
768 755 907 795 insestae
931 755 1098 785 tenebrosa
1122 753 1229 795 calisso
1252 766 1410 792 caecasse,
1435 759 1469 784 ut
1492 754 1577 784 nillil
1598 755 1790 785 remanserit
1811 752 1894 784 lucis
1917 765 1956 784 ac

305 808 454 847 luminis,
479 808 565 838 unde
582 808 696 837 divina
708 811 889 848 praecepta
905 807 1055 847 perspici
1075 808 1214 847 possint.
1254 806 1292 837 Si
1309 805 1413 836 cludis
1430 817 1531 836 causa
1549 807 1766 846 coynwcitur,
1790 810 1817 836 et
1832 805 1956 836 medela

307 860 452 890 vulneris
484 860 661 890 invenitur.
719 858 882 889 Dominus
910 858 1047 898 probari
1067 858 1242 898 familiam
1274 869 1367 888 suam
1400 857 1514 893 voluit,
1554 862 1581 887 et
1611 859 1766 898 quoniam
1796 857 1956 888 traditam

307 911 399 941 nobis
430 911 590 941 diuim'tus
621 910 831 951 disciplinam
859 920 931 950 pua:
960 910 1062 951 lonya
1096 915 1301 951 corruperat,
1330 911 1487 939 iacentem
1508 909 1609 948 fidem
1633 914 1661 939 et
1687 920 1792 950 prope
1815 909 1956 940 dioeerim

308 963 513 994 dormientem
539 974 679 993 censura
703 963 848 992 caelestis
871 962 984 1001 eret-it,
1012 967 1168 1002 cumquea
1193 972 1249 991 nos
1269 962 1412 1002 peccatis
1437 961 1557 991 nostris
1586 960 1729 1001 amplius
1752 972 1955 1001 mereremur,
1977 974 2009 994 ιε»

307 1013 572 1045 elementissimus
591 1014 753 1044 Dominus
777 1015 824 1043 sic
848 1014 1174 1052 cuncta-moderatus
1193 1017 1248 1050 est,
1274 1017 1306 1043 ut
1330 1013 1388 1043 lzoc
1411 1024 1502 1043 omne
1525 1012 1611 1053 quod
1633 1018 1756 1053 gestum
1779 1017 1824 1044 est
1846 1013 1955 1054 explo-

309 1067 393 1097 ratio
421 1068 533 1107 potius
563 1078 658 1107 quam
690 1066 872 1106 persecutio
901 1065 1076 1096 videretur.
1128 1064 1327 1095 Studebant²
1358 1064 1508 1105 augendo
1537 1065 1740 1104 patrimonio
1770 1064 1899 1105 singuli
1927 1069 1955 1094 et

308 1117 399 1148 obliti
423 1118 503 1158 quid
525 1118 688 1148 credentes
712 1122 769 1146 aut
791 1117 849 1147 sub
875 1117 1031 1157 apostolis
1055 1121 1129 1146 ante
1150 1117 1309 1156 jecissent
1339 1121 1395 1146 aut
1427 1127 1552 1156 semper
1571 1115 1688 1156 facere
1717 1115 1874 1156 deberent,
1904 1116 1953 1146 in-

307 1169 458 1199 satiabili
481 1169 676 1209 cupiditatis
705 1169 824 1199 ardore
855 1168 1060 1209 ampliandis
1081 1167 1306 1207 facultatibus
1334 1167 1574 1198 incumbebant.
1618 1167 1696 1198 Non
1719 1168 1756 1198 in
1779 1167 1954 1198 sacerdoti·

307 1220 364 1250 bus
393 1225 437 1251 est
468 1220 586 1260 reli-qia
616 1220 742 1257 devota,
773 1231 837 1250 non
872 1221 904 1250 in
935 1220 1096 1250 ministris
1117 1219 1204 1258 fides
1227 1219 1368 1258 inteyra,
1393 1230 1456 1249 non
1484 1219 1518 1249 in
1542 1219 1693 1260 operibus
1714 1220 1956 1259 misericordia,
1975 1231 2008 1250 πο·

306 1283 371 1303 non
396 1273 431 1303 in
454 1273 595 1303 moribus
619 1271 812 1312 disciplina,
842 1276 1000 1312 corrupta
1024 1275 1067 1302 est
1091 1271 1126 1301 in
1152 1271 1232 1301 viris
1254 1270 1368 1310 barba,
1391 1271 1427 1300 in
1441 1270 1585 1311 feminis
1599 1270 1717 1311 forma
1732 1270 1868 1311 fucata,
1899 1270 1955 1302 ad-

306 1323 439 1354 ulterati
461 1328 534 1364 post
560 1324 621 1354 I)ei
644 1334 762 1354 manus
786 1323 882 1361 oculi,
913 1321 1028 1364 capilli
1058 1322 1230 1352 mendacio
1261 1321 1408 1352 colorati.
1458 1322 1512 1352 Ad
1535 1323 1730 1363 decipienda
1754 1322 1854 1353 corda
1877 1323 1954 1353 sim-

304 1376 443 1416 plicium
468 1374 610 1406 callidae
630 1375 790 1415 fraudes,
821 1374 1115 1406 circumveniendis
1136 1373 1309 1413 fratribus
1338 1373 1493 1404 subdolae
1524 1375 1713 1413 voluntates,
1744 1385 1810 1405 non
1840 1375 1955 1405 iurare

306 1433 431 1458 tantum
456 1433 578 1464 temere,
602 1427 658 1457 sed
682 1427 791 1457 adliuc
814 1427 908 1457 etiam
927 1428 1089 1467 peierare,
1111 1426 1320 1466 praepositos
1335 1426 1472 1466 superbo
1489 1431 1612 1456 tumore
1628 1431 1838 1465 contemnere,
1863 1437 1953 1457 vene-

307 1484 384 1510 nato
407 1479 471 1510 sibi
493 1490 546 1509 ore
568 1479 767 1518 maledicere,
799 1479 884 1509 odiis
904 1477 1132 1519 pertinacibus
1155 1478 1293 1508 invicem
1317 1477 1484 1508 dissidere.
1536 1477 1707 1519 Episcopi,
1737 1478 1852 1519 inquit,
1877 1477 1953 1519 plu·
1974 1491 2008 1510 25-

306 1532 394 1570 rimi,
418 1542 497 1572 quos
519 1536 547 1561 et
563 1531 764 1561 hortamento
780 1541 845 1561 esse
862 1534 984 1570 oportet
1003 1530 1139 1560 caeteris
1155 1533 1182 1559 et
1198 1527 1353 1570 evemplo,
1377 1529 1494 1560 divina
1512 1530 1747 1571 procuratione
1763 1534 1954 1571 contempta,

194 1595 286 1619 nmo-2,
302 1588 533 1624 procuratores
556 1594 666 1613 rerum
690 1582 911 1613 saecularium
937 1581 1062 1623 eliyunt
1076 1581 1167 1621 fleri,
1191 1585 1218 1612 et
1241 1581 1395 1612 derelicta
1419 1581 1589 1621 cathedra,
1607 1581 1699 1622 plebe
1722 1581 1861 1619 deserta,
1884 1581 1956 1623 ‘per

308 1635 436 1666 alienas
455 1635 648 1676 provincias
672 1634 866 1674 oberrantes,
897 1634 1130 1675 neqotiationis
1155 1633 1391 1674 quaestuosaeb
1415 1633 1588 1663 nundinas
1613 1634 1790 1674 aucupari,
1813 1633 1955 1664 esurien-

307 1686 390 1718 tibus
420 1687 455 1717 in
487 1687 617 1717 ecclesia
642 1685 810 1725 fratribus
840 1685 955 1716 habere
979 1689 1151 1726 arqentum
1175 1684 1324 1726 lar-aiter,
1354 1684 1403 1715 vel
1421 1685 1554 1726 fundos
1577 1684 1750 1716 insidiosis
1765 1684 1954 1724 fraudibus

308 1750 433 1780 capere,
465 1739 578 1768 usuris
607 1737 907 1778 multiplicantibus
927 1738 1053 1778 foenus
1085 1747 1215 1777 anyere.
1268 1735 1357 1772 Quid
1381 1747 1444 1766 non
1471 1737 1601 1777 perpeti
1623 1737 1704 1767 tales
1725 1747 1788 1777 pro
1809 1737 1954 1778 peccatis
1973 1749 2007 1768 εο-

307 1791 466 1821 eiusmodi
488 1801 656 1830 meremur,
684 1801 757 1820 cum
782 1790 846 1820 iam
868 1789 999 1830 pridem
1020 1789 1267 1829 praemonuerit
1291 1799 1329 1818 ac
1352 1788 1476 1818 cli-reric
1499 1799 1638 1819 censura
1667 1788 1801 1819 divina:
1828 1787 1880 1819 ‘Si
1902 1788 1954 1819 de·

307 1841 496 1884 reliquerint
525 1842 623 1884 legem
654 1852 754 1872 meam
787 1846 814 1872 et
842 1842 878 1872 'in
908 1841 1044 1871 iudiciis
1067 1841 1144 1871 meis
1169 1850 1234 1870 non
1259 1839 1507 1879 ambulaverint,
1536 1840 1566 1870 si
1593 1840 1842 1879 iustificationes
1865 1851 1954 1871 meas

301 1894 561 1934 profanaverint
584 1898 613 1924 et
632 1898 814 1934 praecepta
837 1904 907 1922 mea
932 1903 996 1923 nou
1022 1891 1270 1930 observaverint,
1302 1891 1440 1922 visitabo
1470 1892 1505 1921 in
1533 1893 1630 1932 virya
1649 1890 1815 1932 facinora
1843 1903 1953 1923 eorum

305 1951 332 1975 et
364 1947 397 1976 in
421 1945 569 1987 jlaqellis
600 1945 720 1975 delicta
752 1945 880 1975 eorum’.
932 1943 1199 1974 Praenuntiata³
1223 1947 1299 1973 sunt
1324 1943 1386 1974 ista
1414 1943 1506 1974 nobis
1529 1948 1557 1973 et
1581 1948 1655 1974 ante
1679 1943 1867 1985 praedicta,
1897 1943 1954 1974 sed

306 2009 363 2028 nos
387 1998 486 2028 datae
515 1997 596 2038 leyis
627 2002 654 2027 et
685 1996 922 2027 observationis
952 1996 1150 2026 immemores
1181 1995 1217 2025 id
1246 1995 1371 2036 eqimus
1399 2006 1461 2035 per
1484 2000 1597 2025 nostra
1627 2000 1774 2036 peccata,
1802 1999 1847 2034 ut,
1876 1994 1954 2026 dum
1973 2007 2008 2027 ³⁵-

305 2049 443 2079 Domini
465 2049 624 2079 mandata
646 2049 892 2087 contemnimus,
923 2047 968 2077 ad
997 2047 1233 2087 correptionem
1263 2046 1373 2077 delicti
1401 2051 1428 2075 et
1457 2047 1679 2087 probationem
1697 2047 1782 2087 fidei
1803 2047 1955 2078 remediis

305 2101 507 2131 saevioribus
532 2101 724 2131 veniremus.
770 2099 837 2130 Nec
860 2099 972 2129 saltem
995 2110 1064 2130 sero
1087 2099 1236 2130 conversi
1259 2098 1304 2128 ad
1328 2098 1464 2128 Domini
1487 2099 1632 2129 timorem
1655 2110 1776 2137 sumus,
1806 2102 1840 2129 ut
1870 2097 1955 2129 hanc

306 2153 540 2192 eorreptionem
564 2156 709 2182 nostram
729 2151 1018 2192 probationemque
1040 2150 1189 2181 divinam
1211 2150 1378 2191 patienter
1401 2154 1428 2179 et
1449 2149 1586 2189 fortiter
1608 2150 1802 2181 subiremus.
1852 2149 1894 2180 Et
1921 2150 1954 2180 iu

306 2204 387 2235 libro
412 2204 450 2235 (le
474 2204 595 2234 unitate
619 2203 775 2234 ecelesiae
801 2201 885 2232 idem
903 2201 1110 2243 Cyprianus⁴
1134 2202 1324 2243 episeopus:
1353 2201 1527 2240 Unitatem,
1551 2201 1666 2243 inquit,
1689 2201 1787 2233 simul
1809 2206 1836 2233 et
1859 2201 1954 2233 dilec-

305 2257 423 2286 tionem
447 2256 633 2296 majyisterio
656 2266 714 2286 suo
741 2254 890 2287 Christus
917 2254 1038 2292 docuit,
1066 2254 1246 2296 prophetas
1277 2264 1385 2284 omnes
1415 2258 1443 2283 et
1473 2253 1572 2295 leyem
1599 2255 1788 2295 praeceptis
1817 2253 1954 2293 duobus,
1972 2265 2006 2284 ω

307 2307 367 2337 Dei
392 2307 543 2337 videlicet
563 2306 733 2337 dilectione
757 2313 787 2337 ct
812 2305 962 2347 proximi,
986 2305 1129 2337 inclusit.
1171 2303 1274 2340 Quam
1292 2315 1365 2336 vero
1382 2306 1539 2336 unitatem
1555 2310 1673 2345 servat,
1696 2317 1792 2346 quarn
1811 2305 1952 2336 dilectio-

307 2370 376 2389 nem
409 2358 547 2388 custodit
579 2363 635 2388 aut
665 2359 796 2399 coqitat,
827 2358 885 2398 qui
907 2357 1097 2388 discordiae
1117 2357 1239 2398 furore
1263 2367 1405 2387 vesanus
1427 2356 1593 2387 ecclesiam
1616 2356 1748 2396 scindit,
1768 2356 1871 2396 fidem
1900 2355 1950 2387 de-

307 2411 414 2448 struit,
435 2421 547 2449 pacem
571 2410 690 2449 turbat,
715 2411 882 2440 caritatem
907 2409 1060 2450 dissipat,
1083 2413 1322 2439 sacramentum
1342 2407 1527 2449 profanat?
1573 2407 1698 2439 Malum
1722 2408 1809 2447 hoc⁵,
1825 2406 1952 2447 fidelis-

307 2462 382 2491 simi
396 2461 538 2501 fratres,
563 2462 627 2491 iarn
645 2462 770 2502 pridem
790 2465 949 2502 coeperat,
973 2461 1028 2491 sed
1044 2472 1132 2491 nunc
1148 2461 1246 2491 crevit
1261 2460 1402 2490 eiusdem
1420 2459 1500 2490 mali
1518 2460 1638 2501 infesta
1654 2460 1774 2500 clades,
1796 2469 1955 2501 eaeurqere

308 2524 346 2543 ac
365 2512 521 2554 pululare
542 2513 618 2552 plus
642 2513 745 2554 coepit
770 2513 926 2543 hereticae
945 2512 1126 2554 pravitatis
1148 2517 1176 2542 et
1198 2513 1387 2542 scismatum
1411 2517 1571 2542 venenata
1590 2512 1765 2552 pernicies.
1973 2522 2010 2542 ιι-

203 1786 286 1809 Pasa.

190 1817 286 1835 31—83.

418 2646 446 2675 a)
467 2653 570 2677 cunque
595 2647 616 2668 1.
694 2646 721 2669 Μ
744 2645 779 2668 ita
801 2646 949 2671 emendavi!
970 2645 1100 2674 ,Si-hard„-
1121 2646 1318 2677 negotiutiones
1339 2649 1498 2678 quaestuose
1524 2646 1545 2669 1.

417 2766 443 2800 1]
470 2767 514 2792 De
536 2766 625 2799 lapsis
648 2768 662 2796 ξ
686 2767 713 2797 5,
742 2766 812 2799 Opp.
835 2775 863 2799 p.
883 2766 952 2792 240.
1040 2767 1070 2799 2)
1094 2770 1107 2796 ,ὃ
1132 2767 1159 2793 6.
1237 2767 1267 2800 3)
1289 2770 1304 2798 ξ
1329 2766 1355 2799 7,
1375 2775 1406 2800 p.
1424 2766 1494 2793 241.
1572 2765 1602 2800 4)
1628 2765 1672 2791 De
1695 2764 1768 2791 cath.
1793 2763 1860 2791 eccl.
1884 2763 1956 2790 unic.

307 2822 321 2849 ς’
349 2819 394 2850 15,
415 2827 446 2852 p.
464 2818 534 2844 224.
633 2818 664 2846 ἵ),
689 2819 702 2848 ξ
731 2817 774 2844 16.
800 2818 864 2844 ibid.
