2132 3067
201 154 252 180 IX.
286 153 361 180 PRO
385 153 597 181 GEBHARDO
620 153 804 182 EPISCOPO
828 155 1132 184 CONSTANTIENSI
1154 158 1339 186 EPISTOLA
1363 160 1640 188 APOLOGETICA.
1687 160 1746 190 109

213 242 418 283 Compositus
439 242 565 273 libellus
588 247 632 273 est
661 242 792 274 Urbano
818 244 862 274 II.
894 246 927 274 in
958 246 1029 275 sede
1059 247 1239 286 apostolica
1266 248 1438 279 constituto
1464 250 1551 280 intra
1575 262 1604 281 a.
1627 251 1745 282 1038-

107 294 198 325 1099.
245 293 417 324 Codicibus
447 305 527 324 usus
556 305 626 324 snm
650 294 933 334 6(]l10nacensi),
964 298 1021 338 qui
1049 303 1175 329 tantum
1205 311 1274 329 eam
1295 304 1433 340 partem,
1463 312 1529 340 qua
1561 313 1609 332 res
1639 308 1746 343 qens-tae

105 344 306 386 referuntur,
323 344 466 385 paulum
490 350 672 386 correptam
695 346 821 376 eoelez'bet
834 351 854 384 ¹,
878 351 904 377 et
928 348 946 375 t]
971 351 1071 385 (mon.
1096 349 1129 380 S.
1147 349 1274 389 Pauli).

211 437 481 468 Reverentissimo
510 438 670 468 sacerdoti
694 448 731 468 ac
756 437 964 470 dilectissimo
988 441 1070 481 patri
1095 440 1153 472 R.²
1178 441 1379 486 B[ernaldus]
1413 443 1479 474 solo
1509 445 1637 475 nomine
1661 457 1745 486 pres-

73 499 86 518 5
106 488 198 530 byter
220 499 283 519 non
308 489 464 526 moribus,
488 499 564 519 suae
588 488 833 531 qualiscumque
857 491 1011 521 orationis
1035 492 1268 524 certitudinem.

209 549 278 579 Iam
308 549 362 579 diu
393 555 451 586 est,
483 553 575 590 pater
604 550 835 589 amantissime,
869 562 909 581 ex
944 562 1007 592 quo
1042 552 1118 582 mihi
1150 554 1374 595 conquerendo
1406 555 1538 586 retulisti
1571 555 1745 587 oblocutio·
1768 566 1799 588 (¹)

103 611 176 631 nem
200 600 405 642 quorundum
428 600 468 631 de
491 600 695 632 ordinatione
718 601 839 632 domini
860 603 959 633 nostri
979 602 1239 635 Constanciensis
1256 607 1410 647 episcopi,
1435 617 1548 647 meque
1571 607 1627 637 tibi
1654 609 1746 638 ratio-

104 663 176 682 nem
206 657 318 683 contra
344 662 453 683 eorum
487 651 702 683 objectionem
733 653 939 684 rescribendo
970 655 1177 695 subpeditare
1208 658 1337 697 rogasti.
1385 657 1446 688 Sed
1478 658 1552 698 quia
1583 665 1656 688 tunc
1687 670 1745 700 pro

104 708 248 745 tempore
273 704 406 734 brevius
431 703 593 745 respondi,
619 715 714 745 quam
738 715 789 735 res
812 706 966 746 exigeret,
990 706 1105 736 iterum
1129 706 1197 747 tibi,
1222 708 1318 738 immo
1344 719 1400 750 per
1423 715 1452 739 te
1476 708 1546 749 illis,
1572 709 1610 739 de
1634 710 1744 741 eaden]

62 766 87 784 ιο
105 765 201 786 causa
223 755 350 797 plenius
373 755 560 786 satisfacere
583 766 648 785 non
672 756 793 796 pigeta.

209 815 361 857 Inprimis
391 817 490 857 igitur
517 816 600 854 volo,
631 821 667 846 ut
696 815 740 846 illi
771 818 871 847 nostri
902 816 1104 848 oblocutores
1135 829 1262 848 causam
1295 819 1466 859 diligenter
1495 820 1689 859 investigent
1716 827 1747 852 ct
1766 832 1798 856 (ς)

103 865 295 898 intellectam
327 868 418 898 iuxta
448 872 567 898 statuta
596 873 780 898 sanctorum
812 874 939 910 patrum
968 868 1106 900 fideliter
1129 870 1314 900 examinare
1340 871 1503 902 studeant:
1534 879 1564 902 et
1594 860 1669 902 tunc
1693 873 1745 903 de-

105 911 202 959 mum,
232 919 259 949 si
289 919 367 961 quid
398 920 429 950 in
460 931 498 950 ea
528 920 628 950 sacris
659 920 838 951 canonibus
865 919 1038 951 adversum
1063 922 1295 962 perspexerint,
1327 923 1478 953 canonice
1503 923 1746 964 reprehendant,

104 970 130 1000 si
163 971 297 1011 possint.
353 970 412 1002 Est
445 977 551 1002 autem
587 981 713 1002 summa
746 982 856 1002 eorum
893 971 1051 1013 obloquii,
1084 978 1120 1003 ut
1152 972 1302 1010 retulisti,
1338 973 1422 1014 quod
1458 974 1605 1004 dominus
1641 984 1747 1005 noster

60 1032 85 1052 1⁵
105 1020 323 1063 G[ebhardus]
353 1022 526 1064 episcopus
556 1033 626 1053 esse
657 1033 720 1053 non
752 1024 864 1064 possit,
895 1034 932 1053 eo
957 1023 1043 1065 quod
1066 1025 1262 1054 antecessori
1293 1036 1350 1055 suo
1376 1025 1486 1056 Ottoni
1518 1025 1621 1056 adhuc
1652 1027 1747 1056 vivos

103 1072 298 1114 subrogatus
321 1073 462 1105 ‘fuerit⁴.
1766 1089 1837 1109 ‘r.10.

209 1124 272 1155 Sed
304 1126 388 1156 sacri
417 1135 557 1156 canones
587 1125 771 1156 huiusmodi
800 1125 1072 1166 subrogationem,
1101 1126 1253 1157 videlieet
1281 1133 1315 1158 ut
1342 1127 1422 1158 alius
1447 1128 1578 1158 cuilibet
1601 1128 1746 1169 deposito

104 1177 305 1217 subrogetur,
329 1177 498 1219 sepissime
522 1177 615 1208 nobis
637 1177 841 1218 prescribunt
866 1189 1000 1220 eamque
1022 1179 1196 1220 legitimam
1216 1190 1286 1209 csse
1303 1184 1399 1220 atque
1415 1180 1606 1210 autenticam
1625 1180 1746 1221 absque

105 1228 190 1258 omni
218 1228 470 1260 contradictione
501 1229 711 1259 constituunt.
757 1229 812 1260 Sic
841 1230 949 1260 enimb
973 1237 1118 1261 sanctum
1145 1229 1533 1271 Constantinopolitanum
1566 1231 1745 1270 concilium,

59 1291 85 1309 20
104 1290 207 1322 aeque
235 1284 272 1311 ut
297 1280 501 1321 euangelium
527 1281 620 1312 beato
646 1279 805 1322 Gregorio
834 1286 1005 1312 attestante
1029 1281 1258 1322 venerandum,
1289 1281 1432 1312 Maximo
1457 1282 1746 1324 Constantinopoli-

104 1337 177 1363 tano
202 1332 404 1373 patriarchae
427 1332 575 1373 deposito
601 1332 728 1364 beatum
746 1332 931 1363 Nectarium
958 1333 1156 1374 subrogavit.
1203 1333 1316 1364 Itidem
1342 1338 1486 1363 sanctum
1505 1333 1745 1365 Calcedoncnse

105 1382 276 1414 concilium
287 1389 309 1423 ⁵,
332 1384 444 1415 itidem
467 1383 636 1425 euangelio
661 1384 926 1426 comparandum,
950 1385 1108 1415 Dioscoro
1126 1384 1346 1416 Alexandrino
1370 1384 1550 1426 patriarche
1574 1384 1745 1426 dampnato

104 1442 249 1465 sanctum
278 1435 480 1467 Proteriumc
512 1436 660 1467 decrevit
690 1435 987 1476 substituendum⁶3
1021 1437 1066 1467 sic
1098 1436 1210 1467 beatus
1240 1435 1416 1477 Gregorius
1448 1437 1478 1466 in
1511 1437 1658 1477 Hcgistro
1689 1448 1745 1466 suo

105 1487 233 1517 multis⁷
266 1486 422 1529 depositis
455 1487 536 1518 alios
566 1487 757 1528 subrogarid
787 1488 946 1529 precepit,
981 1489 1026 1518 sie
1056 1488 1250 1519 Hincmarus
1279 1488 1452 1518 Remorum
1484 1487 1745 1529 archiepiscopus

57 1549 84 1567 εει
105 1538 232 1580 Ebponi
262 1538 409 1580 deposito
433 1538 639 1570 substituitur
650 1544 675 1579 ⁸3
707 1540 753 1570 sic
782 1545 813 1570 et
843 1540 873 1570 in
905 1545 1013 1570 nostro
1037 1546 1180 1581 tempore
1203 1539 1362 1571 Robertus
1386 1538 1658 1580 Babinbergensis
1682 1539 1745 1580 cpi-

105 1600 220 1631 scopus
244 1589 430 1621 Hermanno
454 1590 605 1622 damnato
629 1591 854 1632 subrogatum.

209 1650 296 1692 Ergo
333 1662 397 1682 non
436 1657 546 1682 contra
584 1663 725 1683 canones
768 1651 825 1683 sed
867 1652 958 1683 iuxta
1001 1652 1173 1682 canonicas
1211 1653 1392 1682 sanctiones
1430 1657 1538 1682 noster
1574 1651 1744 1692 episcopus
1764 1661 1795 1683 (3)

104 1700 238 1746 O[ttoni]
263 1702 422 1744 deposito,
446 1702 522 1734 licet
543 1703 648 1734 adhuc
669 1704 754 1743 vivo,
779 1704 996 1734 substituitur.
1047 1704 1151 1742 Quam
1171 1704 1325 1734 canonice
1344 1708 1449 1733 autem
1475 1703 1523 1733 vel
1547 1713 1604 1744 pro
1629 1702 1744 1744 quibus

105 1754 210 1784 causis
233 1753 336 1797 O[tto]
366 1760 557 1796 perpetuam
587 1755 850 1797 dampnationem
880 1754 1055 1795 subegerit,
1086 1761 1121 1785 ut
1151 1761 1182 1786 ct
1210 1761 1318 1786 noster
1340 1755 1513 1796 episcopus
1537 1755 1691 1785 canonice
1716 1755 1742 1784 ei

58 1817 84 1835 so
103 1805 274 1836 succedere
297 1807 448 1847 potuerit,
471 1806 575 1848 plenis
598 1812 629 1837 et
652 1817 710 1848 per
733 1806 877 1837 ordinem
902 1806 1048 1847 digerere
1064 1805 1151 1844 libet,
1177 1807 1326 1847 quatinus
1342 1806 1404 1836 illis
1421 1807 1535 1836 nostris
1553 1804 1743 1835 oblocutori-

105 1857 164 1888 bus
187 1856 274 1887 nulla
296 1856 450 1900 deinceps
481 1857 639 1889 dubitatio
670 1858 835 1900 subrepat,
866 1857 916 1888 vel
947 1858 987 1888 de
1020 1857 1105 1889 illius
1136 1857 1331 1889 intractabili
1361 1858 1598 1899 dampnatione,
1627 1856 1676 1887 vel
1705 1857 1743 1888 dc

104 1909 194 1940 istius
218 1910 373 1941 canonica
396 1909 634 1950 subrogatione.

210 1970 326 2001 Annoe
349 1970 530 2001 dominicae
554 1971 782 2001 incarnationis
811 1969 1016 2000 MLXXVLs
1039 1969 1233 2000 indictione&
1261 1969 1333 2000 XV.
1358 1969 1388 1998 in
1417 1969 1518 2010 prima
1541 1967 1743 1999 ebdomadah
1764 1978 1795 2000 (⁴)

105 2020 370 2063 quadragesimae
401 2021 578 2063 Gregorius
612 2033 697 2064 papa
728 2021 803 2052 VII.
837 2021 978 2062 generali
1014 2021 1174 2062 syn0d0¹⁰
1205 2021 1324 2051 Romae
1361 2021 1392 2050 in
1429 2018 1600 2050 aecclesiai
1636 2018 1742 2050 Salva-

58 2128 85 2148 ³5
213 2122 238 2153 a)
261 2122 338 2147 litera
357 2130 374 2153 g
397 2121 453 2146 alia
474 2131 555 2146 manu
576 2122 757 2153 superscripta
779 2121 805 2145 9.
881 2121 909 2145 b»
930 2121 999 2144 enim
1020 2126 1139 2144 sanctum
1161 2129 1221 2145 con.
1242 2129 1321 2151 super
1338 2129 1390 2143 rus.
1409 2120 1435 2143 9.
1512 2120 1538 2143 c}
1559 2119 1699 2142 Protonum
1719 2120 1742 2141 4⁸.

104 2167 130 2199 d)
152 2176 184 2192 et
203 2168 347 2200 subrogare
368 2178 436 2192 corr.
456 2170 481 2193 9.
558 2169 584 2193 el
605 2176 672 2199 quae
694 2172 841 2199 sequuntur
862 2175 943 2198 usque
964 2166 1014 2190 ad:
1034 2167 1130 2190 iudicio
1152 2166 1265 2189 firmavit
1285 2174 1309 2197 p.
1332 2166 1430 2196 aliquot
1450 2164 1511 2188 locis>
1532 2165 1637 2188 muralis
1658 2164 1741 2187 verbis

104 2214 182 2238 etiam
200 2213 228 2238 1⁵71
248 2214 273 2239 6.
294 2214 426 2247 leyzmlvr.
485 2215 504 2245 f)
528 2214 651 2238 MLXXI.
674 2214 741 2238 inter
760 2213 787 2237 M
809 2217 830 2236 fe
852 2213 873 2236 L
895 2212 997 2243 aliquid
1018 2221 1123 2236 erasnm
1145 2214 1169 2235 9.
1224 2219 1251 2242 gt
1273 2213 1298 2235 in
1319 2212 1361 2235 die
1383 2212 1406 2235 G.
1460 2210 1486 2241 h)
1507 2211 1566 2241 cpd.
1589 2212 1612 2233 6.
1634 2218 1740 2240 semper.

102 2259 123 2290 i)
144 2260 290 2285 aecclesiae
311 2262 341 2291 ⁹3
361 2261 388 2284 in
410 2274 442 2278 —
465 2260 611 2284 Salvator-is
631 2268 679 2283 om.
703 2260 726 2282 6.

211 2349 238 2382 1)
261 2348 422 2383 Sequuntur
443 2349 472 2374 in
496 2349 588 2374 eodem
613 2348 708 2374 codice
730 2347 765 2382 (s.
791 2347 859 2381 49):
891 2347 919 2373 Si
944 2355 1043 2373 eorum
1067 2346 1154 2372 liceat
1178 2345 1359 2379 elemosynas
1384 2344 1525 2378 accipere,
1557 2343 1605 2378 qui
1629 2342 1740 2369 Heinri-

57 2407 85 2426 40
104 2398 204 2426 cianae
228 2399 441 2426 communicant
463 2399 570 2432 heresi,
594 2399 646 2425 sed
668 2398 771 2425 coacti.
811 2398 869 2425 Sed
892 2399 959 2432 (pro
976 2398 1017 2431 Si)
1040 2398 1127 2423 liceat
1151 2396 1303 2423 catholicis
1327 2396 1449 2421 transire
1474 2395 1509 2420 nd
1534 2394 1671 2420 ccclesias
1696 2402 1740 2419 ox-

105 2451 379 2478 communicatorum
403 2450 531 2477 dominio
556 2450 712 2482 subiectas,
736 2449 776 2476 sic
799 2454 906 2481 tamen,
931 2457 967 2475 nc
991 2457 1088 2475 corum
1115 2448 1204 2474 errori
1229 2447 1441 2473 communicare
1466 2450 1615 2480 cogantur.
1663 2446 1742 2470 Haeo

100 2505 210 2536 partem
232 2503 374 2530 cuiusdam
392 2503 480 2528 libelli
503 2502 644 2536 deperdili
659 2502 784 2535 faciunt.
852 2502 881 2535 2)
897 2501 962 2526 Hac
977 2501 1061 2526 litera
1077 2501 1256 2532 Mathonem,
1281 2500 1319 2525 ml
1335 2508 1411 2532 quem
1429 2498 1561 2532 epistolae
1576 2497 1664 2522 libelli
1681 2496 1741 2521 VII.

105 2553 188 2579 datae
210 2557 280 2586 sunt,
303 2554 430 2580 indicari
451 2554 602 2580 verisimile
622 2562 677 2579 ‘non
701 2557 748 2580 est.
816 2553 845 2586 3)
869 2552 983 2578 Mortuo
1006 2553 1112 2577 demum
1133 2561 1159 2576 a.
1178 2551 1254 2576 1086
1272 2551 1310 2576 in.
1378 2549 1407 2583 4)
1430 2550 1462 2576 A.
1483 2549 1570 2581 10⁸4,
1596 2550 1643 2576 21.
1664 2549 1742 2579 mem,

105 2604 191 2633 Rern.
214 2605 307 2631 chron.
328 2615 356 2631 a.
378 2605 465 2637 1084,
490 2605 544 2631 SS.
568 2605 597 2638 V,
618 2614 648 2638 p.
667 2605 742 2635 441‚·
766 2612 894 2636 canones,
918 2612 985 2637 qnos
1008 2603 1085 2635 dicit,
1109 2603 1238 2636 leguntur
1260 2602 1287 2627 in
1313 2602 1399 2626 Decr.
1423 2601 1527 2625 Hui-ch.
1552 2600 1569 2626 l.
1587 2599 1610 2630 I,
1635 2607 1674 2624 cc.
1695 2598 1741 2623 76.

59 2662 86 2682 ⁴5
107 2655 175 2682 186.
279 2655 309 2692 5)
333 2656 378 2689 C'f.
401 2665 489 2690 supra
508 2665 539 2690 p.
558 2656 606 2686 99,
714 2655 743 2690 6)
765 2655 820 2681 Per
843 2655 1008 2689 electionem,
1031 2663 1085 2679 uon
1104 2662 1156 2687 per
1179 2654 1288 2679 decreta
1313 2651 1501 2682 conciliorum,
1533 2654 1560 2676 ut
1586 2650 1743 2674 liei-namus

106 2707 171 2739 vult,
199 2708 351 2734 Nec-tarius
373 2711 397 2734 et
420 2708 563 2733 Proterins
586 2707 774 2741 patriarchae
801 2705 934 2739 depo-<ilis
960 2705 1099 2731 substituti
1121 2708 1193 2730 siml.
1313 2703 1341 2737 7)
1364 2703 1410 2728 De
1437 2702 1541 2727 duobus
1568 2702 1617 2726 hoc
1642 2700 1743 2733 [θρίων

105 2757 125 2786 l.
147 2758 209 2790 VII,
233 2768 295 2793 epp.
315 2759 363 2786 14.
387 2762 410 2785 et
433 2758 482 2784 42.
600 2758 630 2793 8)
654 2758 768 2791 Synodo
792 2757 959 2783 Belvacensz·
981 2766 1008 2783 a.
1027 2755 1096 2782 845.
1214 2754 1242 2787 9)
1266 2756 1299 2781 Α.
1320 2754 1416 2785 ](Ι’ἳῖ);
1439 2753 1476 2785 cf.
1502 2751 1649 2777 &ertholdi
1672 2752 1740 2775 Anu.

106 2808 160 2835 SS.
181 2812 201 2836 t.
224 2810 253 2842 V,
274 2819 304 2844 p.
322 2810 392 2838 278.
484 2810 532 2844 10)
554 2809 641 2842 Jaffe',
669 2809 743 2835 Bibl.
768 2809 808 2841 II,
829 2817 861 2842 p.
879 2808 949 2833 222.
