2132 3067
76 715 103 736 10

77 974 103 993 1⁵

74 1235 102 1254 20

73 1494 100 1514 25

72 1752 99 1772 80

72 2011 99 2030 ³5

72 2270 100 2288 40

70 2527 98 2546 ⁴5

71 2821 98 2840 ⁵0

544 153 581 181 X.
616 153 668 180 DE
690 154 1037 184 EXCOMMUNICATIS
1061 157 1243 186 VITANDIS
1268 160 1346 186 ETC.
1716 158 1773 189 139

125 252 210 284 papa
239 242 271 272 in
303 241 414 272 ordine
444 241 566 272 XLIII.
591 253 665 272 cum
696 241 853 274 CCXVII
885 245 1048 286 episcopis
1072 246 1228 278 Affrieani
1260 248 1407 279 concilii¹
1441 248 1616 291 quemlibet
1646 260 1774 280 accusa-

124 300 224 324 torem
256 294 324 324 sive
347 299 534 324 accusatum
567 294 663 324 etiam
692 293 858 326 absentem
892 298 1117 328 communione
1149 300 1298 339 privavit,
1331 301 1515 342 quicunque
1546 306 1618 342 post
1647 303 1773 332 canoni-

124 356 193 376 cam
217 346 418 376 vocationem
450 345 559 375 venire
589 346 844 387 contempsisset.
894 347 974 377 Item
1000 347 1207 380 Bonifacius2
1231 362 1325 392 papa,
1349 363 1515 383 successor
1539 354 1615 392 eins,
1640 353 1679 384 de
1703 364 1773 384 con-

123 398 293 428 tumaciter
322 396 454 428 absente
487 396 643 435 decrevit,
675 407 713 427 ne
745 396 933 428 dilationem
961 401 1138 430 sententiae
1169 400 1208 431 de
1241 402 1386 434 absentia
1417 403 1601 436 lucraretur.
1667 405 1772 436 {eatus

123 459 251 491 quoque
268 447 466 489 Gregorius³
488 447 669 479 Maximum
695 455 948 489 presumptorem
975 450 1197 482 salonitanum
1223 464 1285 484 non
1309 454 1409 485 solum
1436 467 1492 496 pro
1516 455 1611 486 illatis
1635 456 1772 486 crimini-

125 500 194 540 bus,
224 499 281 532 sed
304 501 400 531 etiam
425 510 483 541 pro
507 499 664 538 absentia,
696 499 938 541 dampnandum
964 502 1126 543 iudicavit,
1158 515 1195 533 eo
1220 506 1304 545 quod
1331 508 1485 537 canonice
1508 513 1641 538 vocatus
1664 508 1772 538 venire

122 551 291 583 distulerit.
334 551 417 582 Item
441 550 655 582 Theodorus*
679 562 763 594 papa
788 551 888 582 Paulo
913 552 1270 596 Constantinopolitano
1294 558 1437 588 scribens
1462 559 1614 599 precepit,
1638 566 1671 589 ut
1695 559 1772 600 Pyr-

123 614 194 634 rum
225 602 370 634 eiusdem
401 601 564 644 quondam
596 603 682 633 sedis
713 604 902 645 episcopum
935 604 1101 636 absentem
1133 606 1334 648 dampnaret,
1358 610 1447 650 quia,
1471 611 1585 651 inquit,
1606 611 1771 652 presentia

123 657 193 686 eius
216 655 401 686 necessaria
433 665 497 685 non
528 659 583 692 est,
611 655 708 686 cuius
737 666 886 686 eoecessus
906 667 1044 696 presens
1067 662 1119 688 est.
1166 658 1245 688 Item
1272 659 1383 690 Felix⁵
1410 672 1491 702 papa
1515 662 1664 692 Acatium
1691 660 1771 692 Con-

123 705 443 748 stantinopolitanum
475 705 640 736 absentem
672 705 870 748 dampnavit,
903 707 994 737 cuius
1026 709 1214 740 sententiam
1249 710 1359 741 beatus
1391 710 1573 751 Gelasius⁶,
1604 723 1772 743 successor

122 759 201 798 eius,
231 756 449 798 inrefragabili
479 757 714 798 approbatione
745 758 932 789 canonicam
964 761 1164 791 monstravit.
1216 761 1284 792 Nec
1314 761 1408 803 plane
1439 762 1664 801 dubitaverim,
1696 765 1772 806 quin

122 809 230 852 plures
252 809 467 848 inveniantur,
492 809 546 850 qui
570 809 615 840 ita
637 809 789 840 absentes
813 811 1004 841 sententiam
1031 810 1267 852 dampnationis
1286 815 1482 855 exceperint,
1507 826 1600 856 quam
1627 816 1678 856 qui
1705 826 1771 856 pre-

122 867 228 893 sentes
259 860 447 892 canonicam
479 861 750 892 examinationem
782 867 813 892 et
842 860 1103 903 dampnationem
1129 865 1381 905 exspectaverint.
1427 865 1549 896 Harum
1574 873 1679 897 autem
1705 878 1772 897 sen-

122 914 293 945 tentiarum
317 912 538 944 diversitatem
569 912 664 943 facile
688 911 969 952 concordabimus,
998 914 1024 944 si
1054 916 1251 956 superiorem
1277 916 1466 947 sententiam
1492 916 1530 947 de
1555 917 1686 948 absente
1710 929 1772 948 non

121 965 296 996 iudicando
327 964 367 995 ad
400 962 489 994 illum
520 963 722 995 solummodo
754 964 941 1003 referamus,
971 965 1062 996 cuius
1093 977 1189 997 causa
1220 967 1326 998 adhuc
1350 967 1535 999 ventilanda
1560 969 1694 1007 videtur,
1719 970 1771 1011 qui

122 1017 228 1048 locum
259 1015 474 1058 respondendi
505 1016 613 1058 potius
643 1027 706 1047 non
738 1015 861 1054 habuit,
891 1027 987 1058 quam
1019 1018 1174 1049 canonice
1205 1018 1346 1050 oblatum
1379 1020 1574 1052 refutaverit.
1631 1020 1711 1051 Nam
1747 1022 1771 1051 si

122 1068 275 1100 canonice
297 1073 431 1099 vocatus
455 1069 564 1099 venire
588 1068 835 1109 contempsisset
858 1079 918 1098 nee
941 1075 1048 1099 tamen
1073 1070 1261 1100 canonicam
1292 1072 1532 1103 excusationem
1561 1073 1772 1114 pretenderet,

121 1127 186 1152 tam
215 1119 302 1162 apud
330 1120 479 1161 antiquos
503 1130 599 1161 quam
624 1119 710 1161 apud
736 1119 907 1150 modernos
931 1121 1026 1151 etiam
1051 1120 1168 1151 absens
1193 1123 1346 1153 canonice
1370 1122 1539 1164 dampnari
1568 1131 1685 1165 posset.
1737 1124 1770 1155 Si

121 1183 198 1214 ergo
226 1172 272 1203 ita
301 1172 497 1213 exponimus
521 1178 692 1214 utramque
716 1171 906 1202 sententiam
932 1171 971 1202 de
994 1172 1139 1210 absente,
1169 1173 1393 1204 rationabilem
1424 1186 1493 1206 esse
1517 1175 1709 1214 videbimus,
1738 1181 1771 1206 ut

121 1230 152 1256 et
175 1223 293 1255 absens
316 1222 486 1262 iudicetur,
510 1223 565 1264 qui
589 1224 777 1254 canonicam
804 1223 1003 1254 vocationem
1029 1224 1097 1254 sive
1118 1225 1380 1256 ammonitionem
1404 1227 1636 1269 contempsisse
1652 1227 1771 1269 detegi-

121 1283 182 1317 tur,
205 1282 237 1306 et
257 1275 375 1307 absens
398 1286 461 1306 non
486 1274 658 1314 iudicetur,
682 1275 722 1306 de
745 1275 838 1305 cuius
859 1275 1057 1306 contumatia
1073 1274 1178 1306 adhuc
1194 1276 1369 1308 dubitatur.
1415 1278 1468 1309 Sic
1490 1290 1566 1320 ergo
1591 1285 1622 1310 et
1645 1279 1675 1309 in
1700 1278 1770 1309 aliis

121 1338 279 1358 canonum
311 1326 555 1358 diversitatibus
586 1332 822 1368 competentem
855 1337 983 1357 sensum
1016 1327 1178 1368 inquirere
1210 1328 1374 1368 debemus,
1404 1341 1444 1360 ne
1475 1330 1554 1361 forte
1587 1330 1769 1361 huiusmodi

121 1379 249 1411 diversa
271 1389 502 1420 nonnunquam
527 1379 619 1420 quasi
642 1379 858 1420 repugnantia
887 1384 1005 1409 temere
1035 1389 1241 1420 respuamus3
1278 1392 1358 1422 quae
1390 1386 1494 1412 tamen
1525 1393 1565 1412 ex
1594 1382 1770 1424 apostolica

119 1431 312 1462 auctoritate
334 1430 538 1472 promulgata
568 1431 636 1461 sive
666 1430 857 1461 confirmata
885 1441 948 1460 non
980 1430 1175 1470 ignoramus.
1229 1431 1278 1462 Ita
1309 1432 1439 1474 inquam
1470 1433 1666 1475 intelligendi
1697 1445 1769 1464 con-

119 1483 300 1525 gruentiam
324 1493 452 1524 semper
475 1482 630 1523 indagare
654 1493 817 1520 conemur,
841 1492 880 1511 ne
906 1481 1089 1512 huiusmodi
1118 1488 1236 1513 statuta
1261 1484 1384 1525 uspiam
1410 1485 1469 1515 sibi
1494 1487 1651 1516 contraria
1676 1486 1767 1516 inter·

121 1540 295 1577 pretemur.
339 1533 421 1565 Nam
453 1534 515 1576 ipsi
547 1540 657 1565 sancto
681 1534 816 1575 Spiritui
841 1544 991 1574 magnam
1018 1534 1166 1564 iniuriam
1192 1535 1335 1576 irrogare
1359 1536 1516 1569 videmur.
1546 1538 1571 1567 si
1596 1536 1657 1575 illa,
1689 1548 1769 1578 quae

119 1588 188 1629 ipse
211 1597 269 1628 per
291 1590 419 1616 sanctos
443 1591 550 1627 patres
574 1585 750 1616 instituisse
774 1584 900 1625 legitur,
930 1587 1022 1627 quasi
1046 1587 1207 1616 contraria
1234 1593 1265 1617 et
1294 1587 1365 1618 ideo
1395 1589 1651 1630 contempnenda
1674 1589 1768 1619 inter-

120 1639 236 1681 pretari
261 1648 324 1669 non
348 1648 506 1668 veremur.

225 1689 297 1720 Non
328 1688 431 1720 solum
460 1694 566 1719 autem
592 1689 801 1730 exceptiones
831 1689 1057 1719 canonicarum
1081 1690 1330 1729 institutionum,
1360 1691 1414 1721 sed
1440 1696 1471 1722 et
1495 1693 1634 1732 integras
1659 1702 1766 1722 earum

119 1741 350 1783 descriptiones
379 1740 552 1782 diligenter
582 1740 786 1771 considerare
817 1746 848 1771 et
878 1741 918 1771 ad
949 1741 1087 1771 invicem
1113 1741 1258 1772 conferre
1283 1753 1345 1772 non
1371 1743 1486 1781 tedeat‚
1519 1744 1544 1773 si
1573 1743 1612 1773 acl
1642 1742 1766 1784 plenam

119 1804 229 1825 earum
258 1793 412 1823 noticiam
444 1792 614 1833 pervenire
646 1803 703 1822 nos
732 1791 839 1824 libeat.
893 1791 974 1822 Nam
999 1791 1162 1833 quaelibet
1192 1792 1331 1834 capitula
1363 1793 1440 1824 locis
1472 1795 1537 1824 suis
1568 1794 1767 1825 considerata

119 1855 351 1886 nonnunquam
380 1844 458 1874 satis
487 1849 598 1885 aperte
629 1843 797 1886 patebunt,
827 1854 909 1886 quae
933 1855 990 1885 per
1013 1855 1046 1874 se
1070 1844 1224 1885 inspecta,
1256 1851 1310 1876 aut
1337 1846 1392 1876 vix
1422 1854 1475 1876 aut
1500 1845 1659 1876 ullomodo
1685 1856 1767 1875 com-

120 1902 268 1939 petenter
291 1895 424 1937 intelligi
448 1901 632 1937 potuerunt.
687 1895 763 1937 Ipsa
787 1895 872 1925 enim
897 1895 1139 1926 circumstantia
1162 1895 1309 1927 lectionis
1334 1896 1432 1927 multa
1455 1897 1548 1927 nobis
1572 1896 1768 1938 prescribere

119 1948 208 1986 solet,
239 1959 321 1990 quae
353 1958 452 1978 unum
483 1947 647 1989 singulare
678 1946 853 1988 capitulum
885 1958 947 1977 non
979 1946 1085 1985 habet,
1116 1948 1182 1977 sine
1207 1947 1322 1989 quibus
1348 1955 1451 1979 tamen
1476 1948 1611 1989 pleniter
1635 1947 1767 1988 intelligi

118 2012 181 2032 non
206 2000 300 2040 valet,
324 1999 381 2030 sed
405 1999 607 2030 diversorum
631 2003 821 2030 statutorum
843 1998 1024 2029 adinvicem
1042 1998 1166 2029 collatio
1184 1999 1317 2030 multum
1336 2010 1394 2030 nos
1411 2000 1552 2034 adiuvat,
1577 2000 1652 2041 qnia
1670 2010 1765 2029 unum

119 2063 196 2094 sepe
225 2051 313 2083 aliud
343 2050 492 2082 elucidat.
539 2050 763 2082 Consideratio
795 2061 922 2092 quoque
952 2056 1142 2090 temporum,
1172 2050 1324 2089 locorum,
1356 2052 1421 2081 sive
1451 2062 1658 2092 personarum
1689 2062 1764 2092 sepe

118 2103 212 2135 nobis
236 2108 471 2144 competentem
496 2102 718 2134 subministrat
741 2101 950 2139 intellectum,
974 2107 1009 2132 ut
1033 2102 1128 2132 etiam
1153 2102 1322 2133 diversitas
1347 2109 1538 2134 statutorum
1563 2113 1763 2144 nequaquam

118 2154 259 2186 absurda
289 2153 341 2185 vel
369 2154 531 2185 contraria
561 2154 717 2186 videatur.
747 2164 819 2184 cum
850 2153 1027 2183 diversitati
1058 2160 1248 2195 temporum,
1278 2153 1430 2192 locorum,
1461 2155 1526 2185 sive
1556 2164 1763 2195 personarum

117 2207 319 2249 apertissime
343 2205 516 2237 distributa
539 2206 728 2247 reperiatur.
775 2205 846 2235 Hoc
871 2205 981 2246 utique
1004 2204 1115 2235 lectori
1140 2205 1273 2237 multum
1292 2205 1519 2247 intelligentiae
1536 2204 1764 2247 subpeditabit,

118 2259 144 2290 si
168 2257 352 2289 huiusmodi
375 2262 568 2289 statutorum
592 2257 766 2299 originales
791 2267 903 2287 causas
927 2256 1080 2297 singulari
1105 2256 1272 2299 diligentia
1295 2257 1448 2298 indagare
1470 2268 1531 2288 non
1550 2258 1675 2288 omittit.
1715 2256 1764 2287 Ex

118 2309 173 2342 tali
204 2310 289 2340 enim
321 2308 528 2351 indagatione
564 2309 663 2340 multa
702 2307 935 2340 rationabiliter
969 2309 1113 2339 instituta
1145 2309 1310 2351 patebunt,
1347 2320 1428 2351 quae
1464 2309 1618 2349 ignoratis
1654 2319 1762 2339 eorum

118 2362 224 2394 causis
248 2362 353 2392 minus
378 2361 494 2392 idonea
518 2361 621 2392 videri
645 2366 828 2403 potuerunt.

223 2413 296 2444 Hoc
318 2414 428 2456 utique
452 2413 688 2445 studiosissime
712 2411 932 2453 indagandum
957 2416 988 2442 et
1011 2411 1198 2452 indagatum
1223 2412 1395 2443 memoriae
1426 2412 1581 2442 tenaciter
1604 2422 1763 2442 commen-

117 2465 270 2503 dandum,
293 2465 370 2507 quid
393 2465 496 2496 sancti
520 2472 627 2506 patres
650 2464 886 2506 dispensatorie
910 2464 1000 2504 quasi
1024 2463 1063 2494 ad
1088 2469 1214 2504 tempus
1238 2463 1431 2494 servandum
1456 2463 1660 2496 instituerint,
1689 2462 1763 2504 quid

117 2518 212 2548 etiam
235 2516 429 2558 generaliter
452 2517 539 2548 omni
562 2522 707 2558 tempore
731 2515 903 2546 tenendum
929 2515 1127 2553 censuerint3
1161 2514 1223 2545 alia
1251 2515 1334 2545 enim
1358 2515 1438 2545 ratio
1463 2520 1511 2546 est
1534 2525 1654 2553 eorum,
1683 2524 1763 2556 quae

118 2567 352 2610 dispensatorie
382 2569 527 2600 instituta
559 2568 715 2604 videntur,
747 2566 809 2597 alia
839 2565 1048 2607 generalium.
1102 2565 1196 2597 Unde
1228 2566 1340 2597 beatus
1370 2566 1577 2597 Innocentius
1610 2576 1693 2607 papa
1724 2565 1762 2595 :nl

226 2661 254 2695 1)
279 2661 361 2688 Conc-
388 2660 484 2687 Carth.
509 2670 536 2686 α.
561 2660 631 2693 419,
656 2669 679 2688 c.
700 2659 736 2685 79
761 2658 896 2692 (Dion.);
927 2658 964 2690 cf.
988 2668 1077 2692 supra
1102 2667 1132 2692 p.
1158 2659 1207 2684 30.
1327 2658 1357 2691 2)
1386 2658 1485 2684 Mam-z·
1505 2661 1524 2683 t.
1543 2658 1593 2688 11',
1618 2657 1668 2682 col.
1687 2656 1762 2688 395»,-

117 2711 196 2745 Jaffe‘
222 2721 266 2740 nr.
292 2712 362 2738 349.
472 2712 502 2746 3)
526 2712 588 2739 Lib.
619 2712 664 2743 VI,
689 2720 732 2745 ep.
758 2711 794 2742 3,-
825 2709 862 2742 cf.
886 2719 970 2744 snpra
996 2719 1026 2743 p.
1053 2709 1101 2736 32.
1212 2709 1240 2741 4)
1265 2709 1363 2735 Man-<i
1390 2713 1408 2735 t.
1435 2709 1471 2741 X,
1501 2710 1552 2734 col.
1580 2708 1656 2735 704.-
1685 2707 1763 2739 ‘luffa'

118 2772 162 2790 nr.
179 2763 270 2791 2049.
360 2763 390 2798 5)
412 2763 515 2789 Felicis
537 2763 578 2795 II,
603 2772 646 2797 ep.
665 2763 691 2795 6,
716 2771 740 2788 c.
758 2762 785 2794 2,
810 2762 852 2789 ed.
881 2760 959 2787 Tln'el
983 2761 1006 2793 I,
1025 2770 1057 2795 p.
1075 2760 1153 2793 246,-
1175 2760 1253 2793 Jaffe
1275 2770 1318 2786 nr.
1337 2760 1406 2786 599.
1495 2760 1522 2792 (i)
1548 2760 1600 2792 Ep.
1622 2760 1645 2790 1,
1671 2770 1693 2785 e.
1715 2759 1759 2789 11,

118 2815 161 2841 ed.
188 2815 266 2841 Tliiel
289 2815 312 2846 I,
333 2823 364 2849 p.
381 2814 458 2846 293,·
481 2814 560 2847 Jaffe'
582 2823 626 2840 nr.
644 2814 700 2839 611
727 2813 845 2847 (Felicis
868 2813 939 2846 III).

1480 2866 1529 2888 ts*
