2132 3067
260 374 306 397 (xis)

326 170 367 199 44
726 167 877 194 LIBELLI
901 166 1096 192 BERNALDI
1120 163 1357 191 PRESBYTERI
1380 162 1566 190 MONACHI.

328 261 436 291 adhuc
470 263 593 289 novusa
617 262 684 287 erat
707 257 876 297 plantatus
901 256 934 285 in
949 254 1036 293 fide:
1068 255 1115 284 ita
1142 264 1230 284 nunc
1256 253 1340 283 inter
1364 251 1528 293 neophitos
1552 252 1756 292 deputamus,
1781 252 1836 292 qui
1861 251 1968 282 adhuc

327 323 431 342 nomes
455 316 497 340 es!
523 311 556 339 in
581 313 694 339 sancta
720 308 974 338 conversatione.

432 361 578 391 ¹Scribam
603 365 633 390 et
655 358 761 389 adhuc
786 357 824 388 dc
850 357 958 387 Gestis
981 356 1169 397 pontificum
1195 353 1367 385 concilium
1393 364 1506 395 papae,
1530 353 1569 384 de
1592 353 1774 393 annullatis,
1798 363 1880 394 quae
1905 352 1970 382 Leo

327 412 497 454 neophitus
530 415 756 452 usurpaverat,
788 408 1008 439 sacramentis,
1061 408 1154 437 Anno
1191 405 1368 436 dominicae
1404 405 1633 436 incarnationis
1664 403 1969 435 DCCCCXL1111.¹

328 464 426 495 tercio
450 468 567 501 autem,
591 473 630 492 ex
655 472 717 502 quo
736 462 811 490 Otto
836 461 1021 500 imperator,
1047 458 1189 488 Heinrici
1212 457 1296 497 regis
1320 456 1413 494 filius,
1437 466 1621 497 compressa
1644 455 1825 496 Beringarii
1849 460 1880 485 et
1903 455 1971 485 eius

328 514 384 545 filii
409 513 576 555 tyrannide
601 512 724 543 Italiam
751 511 992 551 subiugaverat,
1023 510 1183 540 Iohannes
1214 520 1298 550 papa
1328 508 1369 539 ab
1394 509 1596 549 imperatore,
1621 518 1715 549 quem
1740 517 1812 537 cum
1837 506 1972 547 coniuge

328 566 417 597 οὶιις.11
450 563 627 595 Adelhaida
659 563 755 604 priori
787 573 869 592 anno
901 561 1046 602 inperiali
1079 561 1230 591 unctione
1261 559 1456 597 sublimavit,
1487 559 1640 589 deficiens
1672 557 1882 589 Adelbertum
1911 557 1972 588 rei-

328 616 477 659 publicae
501 615 719 646 adversarium
744 615 774 643 in
799 613 908 644 urbem
935 613 1066 653 recepit.
1101 611 1194 651 Quod
1213 623 1274 643 non
1293 622 1444 652 passurus
1469 611 1642 652 imperator
1659 610 1791 640 Romam
1818 608 1974 640 hostiliter

329 668 460 699 invadit.
507 667 594 708 l'apa
624 666 697 696 hinc
729 666 955 706 imperatorem
987 665 1113 702 timens,
1144 663 1232 694 illine
1256 663 1410 694 Romanis
1443 661 1603 702 diffidens,
1635 672 1706 692 euni
1734 671 1792 691 suo
1816 659 1974 702 complice

330 718 505 750 Adelberto
529 718 662 757 aufugit,
694 721 848 757 usurpato
872 715 932 746 sibi
958 726 1019 745 non
1046 725 1146 756 parvo
1171 714 1344 745 aecclesiae
1369 714 1528 745 thesauro.
1575 713 1709 744 Romani
1742 713 1810 743 sive
1838 712 1973 743 timoress

329 770 466 811 correpti
502 770 570 800 sive
602 774 749 810 respectu
780 767 857 797 iuris
888 766 992 797 allecti
1024 765 1189 796 dominun]
1222 777 1314 796 suum
1347 765 1554 806 gratulatorie
1582 765 1751 806 recipiunt.
1796 764 1976 805 Imperator

329 820 506 864 apostolico
530 820 570 850 ad
595 818 838 850 determinanda
870 829 951 859 quae
983 823 1057 848 tunc
1089 816 1288 848 inminebant
1311 818 1446 859 negocia
1474 816 1631 857 indigens,
1659 816 1833 846 Iohannem
1858 825 1974 856 papam

329 873 368 904 ad
400 872 574 903 desolatam
604 872 652 902 sui
684 870 792 901 sedem
825 870 998 900 revocavit.
1044 869 1116 908 Quo
1146 870 1263 900 reverti
1289 875 1435 910 negante,
1466 868 1532 899 Leo
1556 867 1662 899 adhuc
1685 867 1795 907 laicus,
1820 871 1974 908 quantum

329 925 370 955 ad
393 924 551 955 secularia
574 934 636 953 non
661 933 774 964 parum
799 926 957 953 strenuus.
983 931 1067 962 papa
1090 920 1230 961 eligitur,
1256 920 1430 951 ordinatur.
1476 918 1649 961 Synodus¹¹
1671 924 1818 960 presente
1841 918 1976 959 impera-

331 982 434 1007 ratore
464 980 494 1006 et
522 974 628 1005 multis
652 973 840 1003 Teutonicis
864 977 895 1003 et
919 971 1039 1003 Italicis
1063 971 1245 1013 presulibus
1271 971 1465 1003 celebratur:
1497 970 1606 1009 multa,
1631 981 1712 1012 quae
1736 970 1785 1001 vel
1810 968 1977 1001 aecclesia-

331 1028 413 1058 stica
436 1026 608 1057 necessitas
632 1024 681 1056 vel
706 1024 913 1065 imperatoria
936 1024 1090 1064 poscebat
1114 1024 1271 1064 voluntas,
1295 1023 1523 1054 decernuntur.
1570 1022 1625 1053 Sic
1656 1021 1792 1052 domnus
1815 1020 1880 1052 Leo
1909 1031 1978 1062 pre-

333 1078 440 1109 sidens
463 1077 658 1118 apostolieae
683 1075 750 1106 sedi
775 1075 849 1106 fecit
873 1075 998 1106 interim
1024 1075 1248 1106 ordinaciones
1273 1081 1303 1106 et
1327 1075 1443 1113 omnia,
1469 1085 1550 1116 quae
1574 1079 1665 1105 erant
1687 1072 1867 1114 apostolici.
1911 1071 1978 1103 Nee

332 1130 478 1170 longum:
505 1129 640 1159 Romani
663 1127 797 1158 alterata
819 1127 883 1157 fide
906 1126 991 1168 apud
1016 1127 1241 1168 imperatorem
1267 1137 1382 1168 papam
1413 1126 1571 1167 recipiunt
1595 1124 1781 1156 Iohannem.
1826 1123 1884 1155 Ille
1907 1133 1980 1154 con-

333 1186 468 1222 gregato
492 1180 611 1210 Romae
635 1181 666 1210 in
691 1179 845 1210 aecclesia
869 1178 969 1208 sancti
992 1178 1076 1209 I'etri
1102 1177 1260 1208 concilio²
1283 1178 1434 1217 Leonem,
1459 1177 1513 1219 qui
1539 1176 1599 1207 sibi
1621 1177 1694 1207 vivo
1720 1175 1890 1218 neophitus
1912 1185 1979 1206 suc-

334 1233 438 1272 cessit,
462 1232 547 1262 omni
571 1231 810 1263 aecclesiastico
835 1229 947 1260 ordine
971 1235 1103 1260 exutum
1128 1231 1171 1260 ita
1195 1241 1235 1260 cx
1260 1230 1388 1260 statutis
1405 1239 1563 1259 canonum
1584 1228 1760 1268 damnavit,
1783 1234 1819 1258 ut
1842 1228 1868 1258 si
1891 1231 1978 1268 post-

334 1284 464 1314 modum
490 1283 530 1313 ad
553 1283 693 1324 aliquem
717 1281 899 1312 clericalem
923 1281 1058 1322 gradum
1085 1280 1133 1311 vel
1157 1282 1324 1322 aspiraret,
1350 1286 1506 1322 perpetuo
1523 1280 1717 1311 anathemati
1741 1290 1812 1310 eum
1832 1278 1981 1310 omnibus

334 1336 394 1366 sibi
418 1334 457 1365 ad
482 1334 511 1365 id
537 1333 769 1376 opitulantibus
793 1333 984 1364 subiaceret.
1024 1333 1260 1374 Episcoporum
1281 1332 1370 1372 duos,
1395 1332 1449 1373 qui
1474 1342 1544 1362 eum
1571 1336 1807 1373 promoverant,
1832 1331 1862 1360 in
1887 1340 1981 1372 syno-

335 1387 411 1418 dum
443 1392 575 1417 voeatos
607 1392 637 1416 et
668 1387 698 1415 in
728 1386 827 1416 tercia
855 1385 982 1416 actione
1013 1390 1213 1426 presentatos
1245 1385 1287 1415 ita
1314 1395 1354 1414 ex
1379 1384 1568 1414 auctoritate
1592 1379 1767 1425 apostolica
1789 1381 1979 1413 sacerdotali

335 1439 478 1480 privavit
509 1438 638 1476 honore⁷
672 1442 707 1468 ut
736 1436 938 1479 postmodum
972 1437 1005 1467 in
1033 1435 1118 1466 nulla
1148 1435 1272 1477 synodo
1302 1436 1554 1476 recuperationis
1585 1434 1707 1465 aditum
1742 1434 1900 1465 auderent
1930 1432 1980 1464 vel

336 1495 502 1531 temptare.
539 1489 688 1520 'l'ercium
705 1494 812 1519 autem
837 1500 876 1519 ex
900 1488 959 1528 his,
984 1488 1111 1519 nomine
1129 1488 1306 1525 Sicconem,
1331 1488 1482 1518 canonice,
1502 1492 1662 1525 vocatum,
1687 1491 1904 1528 expectatum,
1927 1484 1980 1516 de-

337 1553 423 1572 mum
459 1542 567 1572 venire
599 1540 758 1571 nolentem
791 1539 1026 1571 aecclesiastica
1059 1540 1199 1580 privavit
1232 1539 1466 1569 communione.
1511 1538 1740 1580 Statutumque
1770 1542 1818 1568 est
1851 1535 1981 1579 publico

336 1594 477 1625 omnium
496 1592 624 1631 iudicio,
648 1591 805 1633 synodum
822 1602 841 1621 a
858 1591 965 1622 Leone
983 1590 1148 1622 collectam
1165 1602 1222 1621 nec
1239 1590 1466 1622 nominandam
1484 1589 1652 1631 synodum,
1670 1588 1727 1620 sed
1745 1587 1983 1631 prostibulume

335 1645 446 1676 favens
469 1643 630 1675 adulteris.
676 1643 762 1685 Ergo
787 1644 894 1674 omnia
918 1643 1052 1684 predicti
1078 1642 1195 1673 Leonis
1219 1642 1347 1673 decreta
1380 1648 1556 1681 cassantur,
1585 1647 1617 1671 et
1647 1641 1844 1683 quicumque
1874 1639 1915 1672 ab
1944 1650 1981 1670 eo

337 1702 426 1728 erant
449 1696 635 1735 consecrati,
659 1697 736 1726 iussi
761 1700 835 1726 sunt
859 1694 993 1736 planetis
1017 1695 1136 1734 vestiri,
1167 1700 1198 1726 ct
1221 1705 1311 1725 suam
1336 1694 1479 1735 ipsorum
1505 1693 1774 1734 proscriptionem
1798 1697 1984 1734 presentare

338 1749 369 1778 in
400 1753 487 1778 carta
513 1748 589 1778 haee
612 1747 710 1778 verba
733 1746 943 1778 continentis:
979 1746 1076 1777 Pater
1098 1758 1185 1777 meus
1210 1746 1312 1777 nichil
1335 1746 1397 1776 sibi
1420 1745 1544 1785 habuit,
1567 1744 1670 1775 nichil
1693 1744 1775 1775 mihi
1798 1743 1897 1775 dedit.
1942 1742 1983 1774 Et

337 1800 382 1830 sic
407 1799 543 1840 depositi
568 1804 811 1829 remanserunt&
834 1799 864 1828 in
890 1797 951 1828 illis
974 1797 1138 1839 gradibus,
1164 1807 1243 1838 quos
1267 1797 1455 1834 habuerant,
1479 1801 1651 1837 antequam
1675 1807 1693 1827 a
1715 1795 1823 1827 Leone
1846 1794 1984 1837 promoti

338 1850 489 1889 fuerinth,
515 1850 626 1880 eadem
652 1851 789 1889 racione,
814 1849 926 1880 eadem
952 1849 1153 1887 auctoritate,
1177 1859 1241 1890 qua
1265 1854 1294 1880 et
1318 1848 1372 1887 illi,
1397 1859 1477 1890 quos
1501 1858 1597 1889 supra
1622 1847 1764 1882 diximus
1787 1857 1806 1877 a
1829 1845 1985 1878 Constan-

342 1903 407 1933 tino
432 1902 613 1943 neophytoi
640 1908 813 1942 promotos.

447 1953 491 1984 Ut
519 1954 614 1984 etiam
646 1953 728 1983 scias
758 1964 820 1983 non
849 1958 972 1984 tantum
1003 1964 1022 1983 a
1052 1952 1257 1993 symoniacis,
1286 1962 1349 1981 non
1379 1956 1512 1988 tantum,
1544 1949 1630 1992 quod
1654 1950 1760 1980 minus
1783 1955 1841 1987 est,
1869 1960 1889 1980 a
1911 1959 1984 1980 neo-

341 2005 446 2046 phitis,
477 2004 531 2035 sed
561 2005 657 2035 etiam
682 2004 722 2034 ab
746 2003 816 2034 aliis
841 2003 1020 2035 inordinate
1051 2004 1206 2045 promotis
1230 2014 1292 2033 non
1317 2013 1411 2044 posse
1436 2002 1549 2033 confici
1574 2006 1776 2032 sacramenta
1800 1999 1984 2039 aecclesiae,

340 2057 474 2087 referam
505 2055 589 2097 quod
619 2056 754 2097 contigit
781 2055 866 2097 apud
898 2060 1132 2086 sacrosanctam
1167 2053 1518 2085 Hildenesheimensem
1550 2052 1736 2092 ecclesiam,
1767 2053 1818 2084 cui
1849 2063 1909 2093 ego
1938 2052 1984 2082 in—

341 2108 548 2147 dignissimus
572 2118 657 2138 nunc
674 2107 790 2146 servio,
813 2108 838 2138 si
863 2118 925 2138 non
950 2108 1121 2147 fructuose,
1146 2112 1251 2137 tamen
1269 2106 1394 2144 devote,
1417 2105 1443 2135 si
1468 2115 1530 2135 non
1554 2104 1685 2145 utiliter,
1708 2110 1814 2135 tamen
1838 2102 1985 2143 fideliter,

342 2160 367 2189 si
397 2170 458 2189 non
492 2165 524 2188 ut
553 2158 664 2198 debeo,
695 2164 800 2189 tamen
831 2165 865 2189 ut
897 2164 1018 2200 potere.
1067 2158 1137 2189 Eho
1163 2158 1330 2189 Remensis
1355 2157 1617 2198 archiepiscopus
1641 2166 1808 2186 assensum
1833 2155 1985 2186 Lethario

341 2210 478 2252 prebuit,
503 2222 573 2240 eum
598 2217 720 2250 patrem
746 2221 838 2240 suum
865 2210 1078 2247 Luduvieum,
1102 2210 1210 2251 magni
1236 2208 1345 2240 Karoli
1371 2207 1480 2248 filium,
1505 2219 1603 2249 regno
1627 2208 1774 2248 privavit.
1812 2206 1985 2238 Ludewico

342 2269 448 2292 autem
480 2272 539 2302 opc
568 2261 703 2292 tiliorum
734 2273 874 2297 suorum,
908 2262 1038 2304 l'ippini
1070 2261 1193 2292 scilicet
1224 2267 1254 2292 et
1278 2260 1453 2295 Ludcwici,
1484 2270 1620 2301 quorum
1652 2259 1738 2300 prior
1761 2258 1828 2290 dux
1852 2258 1985 2300 Aquita-

343 2314 423 2353 niae,
455 2312 533 2343 alter
564 2312 628 2343 dux
660 2318 728 2343 erat
762 2313 942 2354 Baioariae,
972 2314 1004 2344 in
1039 2324 1173 2354 reguum
1208 2319 1347 2354 recepte,
1379 2311 1523 2352 synodus
1558 2310 1749 2351 colligitur-¹¹,
1784 2309 1855 2341 Ebo
1889 2309 1985 2351 depo-

342 2366 422 2395 situs
449 2363 686 2394 llildencshaim
712 2364 878 2403 relegatur.
926 2365 1086 2395 Defuncto
1112 2364 1261 2395 interimR
1288 2363 1487 2404 chinberto
1510 2361 1841 2393 Hildcneshaimensis
1864 2360 1985 2391 aeccle—

342 2417 407 2446 siae
431 2416 583 2457 episcopo
608 2415 747 2446 secundo
772 2416 965 2457 imperator-⁴
990 2416 1135 2447 Ebonem
1167 2415 1375 2446 humanitatis
1400 2415 1515 2456 potius,
1540 2424 1634 2455 quam
1668 2413 1813 2444 iusticiae
1837 2417 1985 2454 respectu

453 2506 480 2526 a}
502 2510 570 2526 nova
591 2511 655 2526 corr.
679 2504 707 2526 2:
729 2504 831 2526 noviter
846 2504 939 2535 (ἕπῃ..-
960 2511 1028 2527 nove
1047 2503 1078 2528 G.
1156 2504 1181 2529 b)
1205 2506 1229 2527 ct
1250 2505 1281 2526 (ι’.
1358 2503 1382 2528 c‘i
1409 2506 1510 2526 tumore
1532 2501 1643 2525 correcti
1665 2501 1689 2525 2.
1766 2499 1795 2525 dl
1816 2508 1848 2524 ea:
1867 2499 1985 2531 synodos

345 2559 410 2574 corr.
433 2550 456 2573 ⁴2.
551 2555 573 2571 v:
606 2549 778 2579 p=·‹›‹tipulum
802 2550 825 2572 2.
921 2550 939 2576 ι’)
970 2552 1029 2573 nota
1052 2549 1206 2581 marffinnlis
1227 2548 1322 2573 codicis
1345 2549 1372 2571 23:
1396 2549 1473 2572 Hanc
1494 2548 1583 2579 utiquc
1605 2546 1797 2578 professionem
1820 2545 1939 2578 (perfess.
1958 2545 1986 2575 2)

346 2595 461 2619 nundum
488 2594 596 2617 laudare
619 2595 800 2624 χιι-νειιιιιίιιιιιε,
825 2603 906 2626 usquc
928 2595 988 2618 dum
1010 2604 1066 2619 eam
1089 2603 1103 2618 a
1124 2603 1200 2619 sacra
1221 2595 1349 2626 scripturn
1371 2594 1506 2618 dissonare
1528 2593 1679 2622 videam-usu
1707 2601 1764 2617 eam
1786 2601 1835 2616 nou
1857 2591 1933 2616 hahet
1954 2591 1986 2616 G.

345 2646 370 2671 gt]
394 2644 574 2665 romaum-rant
597 2640 620 2663 2.
698 2639 723 2662 h*
744 2640 845 2663 fuerant
868 2640 897 2664 G,
976 2641 993 2665 il
1015 2641 1155 2672 neophitos
1177 2641 1201 2665 2.
1223 2641 1253 2664 G.
1331 2641 1358 2669 k)
1379 2641 1472 2664 iterum
1495 2640 1518 2664 2.
1541 2639 1572 2663 G.

457 2716 479 2739 ll
508 2715 589 2738 Immo
613 2723 639 2738 (ι.
661 2714 736 2740 tut-l.-
767 2713 803 2744 ‘'f-
831 2714 1007 2739 ‹V'fmrismatia
1030 2715 1179 2746 Ii'egyinom's
1203 2724 1230 2740 α.
1249 2714 1306 2738 {⁸533}
1337 2714 1393 2744 (ed.
1421 2714 1516 2740 lx'urxe.
1543 2713 1712 2738 [lenm-erae
1738 2712 1826 2745 1890,
1852 2721 1883 2747 p.
1905 2710 1985 2744 17⁸2).

347 2767 376 2799 2)
400 2765 496 2790 ,uam
518 2768 536 2790 Ι.
557 2763 671 2794 λ’ῐἸΙΙ,
697 2765 746 2790 rw'.
774 2765 829 2789 ΔΙΤΙ
857 2775 894 2798 svs.
990 2766 1019 2798 3)
1043 2766 1124 2798 ,lpwl
1153 2765 1306 2791 Timnlma's
1331 2766 1423 2790 villum
1449 2774 1477 2793 a.
1495 2765 1564 2791 835.
1659 2764 1689 2793 4>
1712 2764 1798 2790 Immo
1822 2772 1871 2789 rex
1894 2763 1985 2789 Ludo-

348 2818 429 2842 u'icm
456 2815 646 2841 ttrrmauivns,

1996 723 2022 742 10

1999 979 2026 999 1⁶

2000 1239 2027 1258 20

2001 1495 2029 1515 25

2002 1752 2031 1771 30

2005 2008 2033 2028 ⁸5

2004 2268 2033 2287 ⁴⁰

2005 2553 2034 2572 45

2006 2817 2034 2837 50

2101 2868 2132 3067 ’aex-u
