2132 3067
39 763 66 783 10

40 1020 66 1040 15

39 1259 65 1279 20

38 1497 64 1517 25

37 1757 63 1776 ³0

36 2350 62 2369 40

35 2578 62 2598 ⁴5

604 151 719 177 LIBER
742 151 793 177 DE
818 151 973 178 HONORE
997 151 1213 178 ECCLESIAE.
1673 149 1734 178 55⁸3

1322 241 1357 272 B.

940 290 980 321 ad
1012 292 1195 333 exemplum
1229 292 1430 323 venerandae
1455 293 1628 324 memoriae
1653 292 1735 323 Con-

941 342 1073 372 stantini
1097 344 1196 374 nostri
1222 344 1375 384 temporis
1400 344 1610 385 imperatores
1628 345 1733 375 Deum

941 393 1090 424 timentes
1124 405 1179 435 per
1204 393 1323 425 Christi
1348 395 1484 435 gratiam
1509 397 1735 436 provocaturia

940 443 1046 474 adhuc
1070 446 1138 475 cius
1160 446 1339 476 sanctitatis
1364 446 1512 487 exempla
1536 447 1567 476 in
1593 447 1733 477 medium

941 495 1153 536 proferamus.

154 586 289 618 LVIII.b
325 586 565 628 Exemplum
596 598 762 628 magnae
791 586 1049 619 humilitatis
1078 587 1351 620 Constantini
1382 591 1664 631 imperatoris.

189 648 273 687 Qui¹
307 647 502 679 venerabilis
532 648 717 689 imperator,
749 647 824 678 dum
857 648 982 678 turbari
1010 649 1105 680 fidem
1136 649 1255 680 Christi
1288 652 1498 681 Arrianormn
1533 652 1736 682 infestatione

84 699 213 735 doleret,
236 700 345 730 missis
368 711 387 730 a
408 699 506 731 latere
531 710 589 730 suo
613 698 850 741 principalibus
874 699 952 729 viris
976 699 1015 730 de
1040 702 1189 732 universo
1207 702 1327 732 mundo
1351 703 1522 743 episcopos
1540 714 1738 744 congregans

84 751 253 782 concilium
285 751 465 782 universale
490 751 659 782 instituitd.
706 750 771 782 Ubi
795 750 874 781 fides
900 750 1019 782 Christi
1047 753 1087 782 ab
1117 752 1271 794 apostolis
1303 759 1334 784 et
1357 754 1522 795 prophetis
1553 755 1739 795 praedicata

85 803 218 834 firmiter
240 807 289 833 est
312 813 366 833 ore
391 808 576 833 sanctorum
602 802 818 841 corroborata,
842 801 1042 834 illuminante
1066 815 1120 834 eos
1143 805 1248 844 gratia
1272 804 1412 846 Spiritus
1436 807 1546 835 sancti.
1583 806 1645 836 Ubi
1671 807 1739 847 ipse

85 860 190 886 tantae
218 853 408 885 humilitatis
436 855 599 896 apparuit,
636 860 670 885 ut
700 853 862 884 humiliori
898 853 973 884 sede
1005 865 1100 896 quam
1130 866 1240 886 omnes
1270 856 1414 897 episcopi
1447 856 1571 887 sederet
1606 858 1636 887 in
1668 859 1738 898 ipso

86 906 229 939 concilio.
276 905 446 947 Cumquee
470 905 601 947 quidam
631 916 740 936 eorum
770 905 872 936 aliosf
902 912 1104 942 accusarent,
1135 908 1193 937 ait:
1224 907 1302 937 *Vos
1331 907 1375 937 dii
1405 908 1490 945 estis,
1519 919 1579 948 ego
1610 915 1738 939 autemss

86 969 154 989 sum
179 957 284 988 horno.
330 957 401 988 Non
425 968 502 998 ergo
526 957 662 998 dignum
687 962 744 997 est,
775 963 810 988 ut
833 957 929 987 homo
953 957 1030 988 deos
1058 958 1188 989 iudicet.
1245 958 1335 988 Inter
1358 959 1436 988 vosh
1468 970 1599 989 causam
1631 961 1738 991 audite

85 1015 116 1041 et
138 1020 250 1051 pacem
274 1008 381 1040 facite.
427 1008 508 1039 Nam
539 1019 599 1050 ego
632 1010 658 1039 si
683 1008 825 1040 viderem
858 1008 1061 1039 sacerdotem
1086 1009 1148 1040 Dei
1179 1015 1377 1050 peccantem,
1406 1009 1544 1041 clamide
1575 1022 1645 1042 mea
1668 1023 1738 1042 coo-

84 1062 221 1104 perirem
255 1060 347 1091 eum'.
392 1060 455 1099 Qui
488 1061 585 1091 etiam
621 1059 884 1101 religiosissimus
918 1061 967 1090 vir
994 1066 1114 1098 ρι’ῐιῃιιε2
1143 1061 1361 1091 Romanorum
1394 1062 1625 1102 imperatorum
1661 1070 1738 1093 tidem

84 1117 204 1141 veritatis
223 1118 348 1148 patenter
367 1115 480 1147 adeptus
506 1115 643 1139 licentiam
664 1115 739 1139 dedit
764 1123 812 1146 per
836 1116 989 1139 universum
1017 1115 1107 1139 orbem
1133 1123 1180 1139 suo
1206 1115 1334 1147 degentes
1361 1117 1471 1147 imperio
1497 1125 1550 1140 non
1571 1118 1655 1142 solum
1684 1118 1740 1142 ficri

85 1162 252 1191 christianos,
277 1161 324 1186 sed
350 1158 446 1185 etiami
466 1161 617 1185 fabricandi
638 1161 795 1190 aecclesias,
822 1165 848 1185 et
867 1159 1031 1186 tribuendak
1051 1161 1163 1193 praedia
1184 1162 1330 1186 constituit.
1371 1162 1493 1193 Denique
1514 1163 1584 1187 idem
1604 1164 1740 1195 praefatus

84 1209 208 1241 princeps
229 1208 341 1233 donaria
366 1208 489 1231 inmensa
516 1210 543 1231 et
568 1208 696 1232 fabricam
722 1207 814 1239 templi
835 1208 936 1239 primae
962 1207 1034 1232 sedis
1061 1208 1133 1232 beati
1153 1208 1224 1232 Petri
1252 1208 1380 1239 principis
1406 1209 1588 1239 apostolorum
1616 1211 1738 1238 instituit,

85 1254 151 1279 adeo
175 1257 205 1278 ut
230 1254 321 1278 sedem
348 1253 523 1285 imperialem,
551 1262 630 1286 quam
654 1253 769 1278 Romani
797 1254 931 1286 principes
957 1254 1157 1285 praesederant,
1186 1254 1347 1285 relinqueret
1371 1257 1397 1278 et
1423 1255 1501 1278 beato
1526 1255 1605 1279 Petro
1632 1257 1738 1288 suisque

84 1303 261 1336 praesulibus,
286 1301 322 1327 ut
344 1296 519 1336 diximusl,
543 1303 684 1335 profutura
707 1303 876 1327 concederet.
922 1303 962 1327 Ab
986 1303 1030 1327 illo
1055 1303 1181 1327 etenimm
1207 1306 1325 1335 tempore
1350 1307 1376 1327 ct
1400 1304 1526 1335 deinceps
1550 1305 1598 1328 viri
1621 1305 1739 1336 religiosi

84 1359 137 1376 non
162 1351 249 1376 solum
276 1352 459 1383 possessiones
485 1354 512 1376 et
543 1352 662 1384 praedia,
688 1359 756 1383 quae
782 1351 967 1384 possederant,
994 1351 1041 1375 sed
1068 1352 1148 1376 etiam
1170 1355 1254 1376 semet
1274 1353 1347 1384 ipsos
1366 1352 1505 1376 Dominon
1540 1356 1740 1379 consecrarunt,

83 1397 277 1423 aedificanteso
305 1397 430 1422 basilicas
456 1399 483 1421 in
508 1399 563 1422 suis
588 1398 677 1422 fundis
709 1398 736 1422 in
761 1397 861 1422 honore
889 1401 1041 1422 sanctorum
1068 1406 1116 1429 pet
1143 1399 1264 1422 civitates
1297 1406 1328 1422 ac
1355 1399 1517 1422 monasteria
1538 1399 1686 1428 innumera,
1713 1400 1738 1422 in

83 1445 177 1477 quibus
204 1447 277 1476 cetus
305 1444 422 1468 Domino
447 1445 620 1469 servientium
646 1444 809 1469 conveniret.
848 1444 971 1476 Denique
997 1452 1073 1475 reges
1101 1447 1127 1468 et
1155 1444 1293 1476 praesides
1319 1453 1351 1468 ac
1377 1445 1547 1476 magistratus
1573 1453 1626 1468 non
1653 1445 1738 1468 solum

83 1494 151 1518 hanc
171 1493 306 1517 licentiam
328 1493 457 1523 attributi,
481 1493 529 1518 sed
553 1494 632 1518 etiam
652 1494 703 1525 ipsi
723 1494 830 1525 propria
852 1493 941 1525 largiti
960 1496 1023 1517 sunt
1042 1501 1090 1525 per
1111 1494 1237 1517 universa
1259 1502 1343 1525 regna
1363 1497 1492 1517 terrai-uni
1516 1487 1588 1518 Deo
1612 1493 1642 1518 et
1670 1489 1738 1518 Cius

82 1538 267 1570 aecclesiae.
313 1537 403 1570 Haec
427 1545 534 1570 autem
556 1539 664 1570 omnia
684 1538 940 1570 aecclesiasticos
957 1539 1044 1569 viros
1069 1539 1233 1569 custodire
1258 1544 1288 1570 et
1304 1539 1551 1570 administraret>
1575 1539 1738 1580 synodusq

83 1590 204 1622 Nicena
233 1590 429 1622 constituit‘.
482 1591 574 1630 Quae
605 1591 701 1622 etiam
731 1590 899 1631 synodusq
929 1589 1087 1622 secularia
1115 1591 1247 1632 negotia
1279 1589 1404 1621 clericis
1440 1590 1619 1621 interdixit.
1673 1590 1736 1621 Ubi

82 1641 237 1684 liquid0¹⁸
260 1646 349 1684 patet
371 1641 629 1674 aecclesiasticas
652 1653 714 1683 res,
739 1643 888 1684 quamvis
911 1641 1012 1672 seculi
1029 1641 1208 1680 videantur,
1234 1653 1295 1672 non
1314 1648 1421 1672 tamen
1438 1642 1559 1677 mundi,
1583 1642 1637 1673 sed
1656 1642 1736 1673 Dei<

79 1694 240 1725 veraciter
262 1705 343 1725 esse.
390 1694 431 1725 Et
453 1694 526 1725 ideo
549 1705 613 1725 non
637 1695 824 1736 imperatori
836 1696 855 1734 ‘‚
883 1704 947 1724 non
976 1694 1055 1735 regi,
1084 1700 1172 1724 nong
1194 1693 1313 1724 alicuiu
1344 1693 1535 1724 secularium
1562 1693 1737 1730 hominum,

83 1745 138 1777 sed
161 1756 270 1777 eorum
295 1750 442 1776 tantumv
466 1747 522 1788 qui
544 1746 616 1777 Deo
641 1746 821 1776 consecrati
851 1751 926 1776 sunt
953 1745 1073 1776 iudicio
1097 1751 1163 1776 acw
1187 1746 1364 1776 ministerio
1389 1744 1517 1786 disponi
1542 1750 1573 1775 ct
1596 1745 1736 1775 ordinari

81 1798 209 1831 debent.

81 1882 243 1915 LVIIII.¹
288 1882 531 1925 Exemplum
561 1893 684 1914 verae
713 1880 968 1912 humilitatis
998 1880 1289 1911 Valentiniani
1322 1881 1584 1921 imperatoris
1618 1886 1656 1910 ct
1690 1879 1736 1910 de

595 1934 802 1965 electione
833 1933 971 1964 sancti
1005 1932 1226 1964 Ambrosii.

185 1995 271 2034 Quia
294 1995 393 2037 igitur
409 1994 600 2037 protulimus
624 1994 809 2036 exemplum
826 1993 1051 2035 gloriosissimi
1076 1993 1279 2034 imperatoris
1296 1992 1509 2029 Constantini,
1534 1992 1734 2032 proferamus

81 2046 176 2078 etiam
208 2047 468 2078 christianissimi
495 2046 724 2078 Valentiniani.
770 2045 833 2084 Qui
865 2044 1054 2086 religiosusa
1085 2045 1261 2086 imperator
1291 2044 1422 2074 veniens
1452 2043 1492 2073 ab
1527 2043 1659 2074 Oriente
1692 2043 1732 2074 ad

82 2097 281 2140 Hesperiasb
305 2104 424 2140 partes,
454 2103 490 2129 ut
512 2098 611 2129 refert
633 2096 876 2129 aecclesiastica
900 2096 1051 2127 historiaz
1076 2107 1158 2137 quae
1182 2096 1344 2137 tripartita
1366 2094 1580 2136 appellatur-³,
1606 2100 1732 2126 mortno

80 2148 256 2190 Auxenti0‚
280 2149 436 2182 Arrianae
460 2150 615 2193 perfidiae
640 2150 806 2190 magistro,
832 2148 885 2190 qui
906 2148 1180 2179 Mediolanensem
1205 2147 1396 2177 aecclesiam
1422 2151 1455 2176 ut
1479 2145 1574 2187 lupus
1599 2146 1731 2177 dilania-

81 2206 202 2242 verast,
227 2212 300 2232 cum
324 2201 422 2233 vellet
445 2201 661 2233 catholieumd
687 2201 758 2232 Deo
783 2200 952 2231 ordinante
976 2199 1019 2231 ibi
1044 2200 1228 2230 consecrari
1253 2199 1451 2239 episcopum,
1481 2204 1642 2228 evocansc
1667 2199 1731 2239 epi-

192 2299 218 2329 a)
238 2301 384 2330 provocata
405 2298 466 2323 Bl.
542 2298 569 2329 b)
592 2298 668 2322 LVII
687 2297 714 2322 B
727 2299 749 2322 l.
820 2296 848 2328 c)
869 2297 908 2320 Ex
929 2296 990 2320 hist.
1012 2296 1077 2320 eccl.
1098 2295 1179 2320 minio
1199 2294 1236 2323 A,-
1257 2295 1310 2319 des.
1331 2293 1356 2317 Β
1369 2295 1392 2319 2.
1461 2294 1490 2324 d)
1512 2294 1651 2318 constituit
1670 2294 1695 2318 B
1709 2296 1731 2318 l.

82 2342 110 2376 e)
129 2344 242 2377 Cunque
261 2344 340 2369 132³.
416 2344 438 2375 f)
459 2345 483 2368 ei
505 2344 568 2368 add.
589 2343 622 2369 A.
697 2343 727 2376 g)
748 2343 819 2368 deest
839 2340 917 2368 ΒΞῘ).
993 2342 1023 2374 h)
1043 2350 1092 2366 nos
1114 2341 1174 2365 ΒΞ.
1250 2341 1268 2371 i)
1290 2344 1316 2364 et
1336 2340 1396 2364 BQ.
1483 2341 1513 2364 k]
1534 2340 1625 2371 praed.
1646 2343 1678 2364 tr.
1699 2339 1731 2365 Α.

80 2390 103 2421 l)
122 2391 197 2423 pred.
217 2391 281 2416 B2.
348 2390 385 2421 m)
407 2391 477 2415 enim
497 2390 573 2415 B2⁸.
631 2390 658 2422 n)
681 2390 752 2415 deest
772 2389 833 2415 Be.
898 2391 925 2419 ο)
949 2389 1085 2420 edicautes
1106 2387 1130 2411 B
1143 2389 1165 2412 1.
1225 2392 1252 2418 p)
1276 2387 1340 2411 min.
1361 2386 1386 2409 B
1399 2386 1422 2411 1.
1442 2383 1518 2410 B2b.
1578 2386 1606 2418 q)
1627 2387 1676 2411 sin.
1697 2385 1730 2411 A.

81 2436 106 2468 r)
126 2436 256 2469 sequentis
276 2445 335 2469 cap.
355 2435 492 2468 inscriptio
511 2436 554 2461 hic
574 2436 646 2467 mid„
666 2436 713 2461 sed
733 2444 801 2461 eras.
822 2435 900 2460 132³.
963 2434 1001 2466 r*)
1022 2435 1120 2467 liquide
1141 2432 1172 2457 A.
1231 2436 1253 2463 s)
1274 2440 1340 2457 corr.
1361 2441 1393 2457 ez
1413 2441 1438 2457 v.
1452 2433 1485 2457 D.
1506 2432 1532 2456 B
1546 2434 1584 2457 1²¹.
1641 2434 1661 2463 t)
1684 2433 1732 2457 inl-

81 2484 220 2515 peratoris,
240 2491 295 2508 non
314 2483 385 2515 regis
406 2483 431 2507 B
444 2483 467 2507 2.
525 2483 556 2514 u)
576 2483 687 2507 alicuius
707 2482 741 2506 Β.
799 2484 825 2512 v)
846 2484 899 2506 taffi
921 2481 1001 2509 B2³;
1020 2484 1110 2505 tamen
1131 2476 1208 2503 321³.
1266 2484 1300 2505 w)
1322 2482 1348 2503 et
1369 2476 1445 2503 32¹³.
1506 2479 1532 2509 x)
1557 2479 1648 2503 LVIII
1671 2479 1731 2503 ΒΞ.

80 2529 110 2560 y)
129 2529 161 2554 E.
181 2529 206 2554 h.
227 2533 258 2555 tr.
280 2530 334 2554 des.
356 2529 418 2554 B2.
495 2529 522 2561 z)
542 2529 611 2560 hyst.
632 2528 658 2552 B
671 2529 694 2553 1.
778 2529 804 2559 a)
827 2528 1042 2559 religiosissimus
1062 2526 1086 2550 Β
1100 2528 1122 2551 l.
1200 2525 1226 2555 b)
1249 2525 1312 2557 Esp.
1333 2524 1366 2549 A.
1442 2526 1469 2551 cI
1490 2525 1650 2549 dilaniverat
1670 2525 1695 2549 B
1709 2527 1730 2550 l.

82 2575 108 2606 d)
131 2575 265 2600 catholicii
285 2575 346 2600 Bl.
424 2575 451 2606 e)
472 2583 512 2600 ev.
533 2575 657 2600 sinodum
679 2575 864 2606 episcoporum
885 2573 917 2598 A.

189 2659 217 2694 l)
247 2659 291 2693 Cf.
315 2659 413 2693 Rufini
434 2659 497 2686 hist.
521 2660 586 2686 eccl.
610 2660 634 2692 J,
668 2668 690 2685 c.
714 2659 741 2691 2,
769 2658 839 2692 (stpp.
864 2658 906 2683 ed.
928 2656 1084 2682 Vallarsius
1108 2655 1131 2687 I,
1162 2655 1212 2682 col.
1238 2655 1317 2688 ‘218;
1351 2655 1388 2688 cs.
1413 2663 1485 2689 quae
1508 2656 1646 2681 adnotata
1668 2659 1730 2681 sunt

80 2719 167 2745 supra
191 2721 223 2746 p.
248 2710 318 2741 347,
357 2711 388 2738 S.
477 2711 505 2745 2)
529 2710 637 2737 Abhinc
659 2711 698 2736 ad
719 2710 832 2736 verbum
856 2718 870 2734 e
893 2707 1063 2734 melchiadis
1081 2715 1178 2740 papae
1201 2706 1280 2740 epist,
1304 2707 1346 2740 II,
1374 2716 1397 2733 c.
1423 2708 1469 2734 10.
1499 2708 1544 2739 12,
1575 2706 1729 2732 Hiusclzz'us

78 2771 109 2796 p.
125 2762 203 2796 248;
226 2762 264 2795 cs.
282 2763 429 2790 Humbert.
452 2762 511 2795 III,
537 2772 560 2789 c.
578 2762 605 2794 8,
630 2762 649 2788 Z.
666 2762 684 2788 l.
704 2770 736 2796 p.
755 2761 825 2787 207.
904 2760 932 2794 3)
959 2759 1088 2785 Cassiod.
1108 2758 1183 2784 Hist.
1208 2758 1273 2792 trip.
1297 2758 1360 2791 VII,
1385 2767 1408 2785 c.
1427 2759 1454 2791 S,
1483 2758 1554 2792 Opp.
1579 2759 1620 2785 ed.
1639 2759 1728 2784 (lare-

80 2813 135 2840 tiuss
157 2815 181 2848 I,
206 2823 237 2848 p.
260 2814 330 2840 305.

153 2869 249 2893 Libelli
269 2869 302 2893 de
322 2869 376 2893 lite.
409 2869 445 2894 II.
1463 2865 1495 2888 75

1759 662 1798 685 Ex
1807 665 1818 678 Ε
1839 661 1949 684 historia

1759 698 1949 722 ecclesiastica.

1756 1999 1795 2022 Ex
1804 2002 1817 2022 Υ
1839 1999 1949 2024 historia
1958 2004 1968 2018 Ζ

1792 2037 1932 2068 tripartita.
