2132 3067
388 118 448 148 :32⁴¹

646 214 696 236 5152
721 206 792 243 Quo
816 205 882 234 sinc
907 214 964 233 nec
989 213 1100 243 regum
1126 202 1296 243 quisquam
1321 199 1467 232 diadema
1492 205 1642 241 meretur,

807 255 962 295 Quisquis
986 252 1045 284 sub
1071 252 1198 284 Christo
1223 252 1313 294 degit
1335 253 1368 282 in
1390 252 1537 294 imperio.

720 305 782 336 Ilic
807 307 912 343 ctiam,
937 306 963 335 si
987 305 1034 335 vis
1059 303 1126 335 sola
1149 304 1309 334 exteriora
1332 308 1454 343 notare,

803 361 931 396 Quanta
956 361 1061 398 potest
1085 354 1197 386 oculus
1221 355 1362 385 exterior
1385 365 1508 395 capere,

720 409 789 439 Nou
815 409 951 438 carisma
975 407 1076 445 vides,
1101 407 1186 448 quod
1210 407 1327 437 crisma
1349 416 1464 437 sonare
1489 405 1616 437 videtur
2052 420 2066 440 5

646 468 698 491 520
806 460 848 490 Et
871 459 954 490 redit
977 459 1009 489 in
1033 457 1166 489 dubium
1191 468 1288 488 causa
1310 456 1415 488 soluta
1439 457 1538 498 prius.

720 512 860 553 Spiritus
883 517 940 545 est,
965 511 1018 552 qui
1042 508 1184 540 vivificat
1208 514 1384 550 potumque
1408 508 1591 551 cibumque,

803 562 845 592 Et
869 562 990 592 maiora
1014 561 1100 599 facit,
1125 570 1207 602 quae
1231 559 1292 591 sibi
1315 570 1409 590 nemo
1434 561 1530 602 capit.

719 613 858 654 Spiritus
882 619 938 653 est,
963 613 1016 654 qui
1041 612 1144 652 tangit
1166 622 1283 652 aquam
1309 618 1443 652 peccata
1467 611 1638 652 lavantem,

802 665 941 705 ¹<pinitus
965 669 1022 701 est,
1047 663 1137 694 cuius
1160 663 1265 704 gratia
1287 662 1355 694 sola
1379 663 1476 695 lavat.
2052 678 2078 697 ιο

643 724 693 746 525
718 716 860 757 Spiritus
886 720 944 754 est,
969 715 1022 756 qui
1047 715 1163 745 crisma
1187 714 1272 754 facit,
1296 713 1336 745 de
1361 725 1492 746 munere
1516 716 1606 746 cuius

806 766 855 797 Ad
880 765 1106 808 quodcumque
1129 764 1227 805 iubet,
1251 766 1355 806 gratia
1378 765 1475 808 plena
1498 765 1578 797 fluit.

722 817 791 848 Hoc
815 829 855 848 ex
880 822 1042 858 unguento
1066 816 1115 848 vel
1139 817 1288 848 crismate
1312 817 1416 849 fronte
1441 823 1597 859 peruncta

802 870 879 900 Post
902 868 1063 899 lavacrum
1087 874 1212 910 septem
1237 879 1372 900 munera
1394 870 1598 911 suscipimus.

719 921 812 960 Quod
839 932 895 962 per
919 921 1113 962 baptismum
1139 919 1280 950 nondum
1306 926 1491 962 poteramus
1515 921 1644 961 habere,
2053 933 2079 953 15

643 980 694 1003 530
804 973 962 1011 Quamvis
987 971 1086 1003 abluti
1111 972 1333 1003 sanctificante
1356 972 1428 1004 fide.

721 1024 858 1065 Spiritus
883 1030 940 1063 est,
966 1024 1019 1065 qui
1044 1024 1194 1065 purificat
1217 1023 1412 1065 baptismate
1435 1029 1586 1064 mentem,

803 1076 943 1117 Spiritus
967 1080 1015 1105 cst
1037 1076 1142 1109 ctiam,
1168 1075 1222 1116 qui
1247 1075 1352 1116 magis
1376 1082 1480 1107 armat
1502 1086 1583 1107 eam.

721 1127 763 1157 Et
787 1128 861 1169 quia
885 1126 1050 1168 pugnandi
1073 1131 1171 1158 restat
1194 1126 1283 1158 locus
1306 1132 1403 1168 atque
1427 1126 1566 1168 palestra

803 1178 914 1209 Mundi
938 1178 1114 1220 suscipitur
1137 1184 1167 1208 et
1190 1189 1273 1210 nova
1296 1178 1335 1209 lis
1361 1179 1472 1218 oritur,
2052 1191 2079 1210 20
2130 1196 2132 1212 ι

641 1238 693 1260 535
719 1229 832 1261 Gratia
856 1229 1012 1261 dividitur
1035 1234 1066 1260 et
1088 1241 1222 1261 munera
1245 1229 1509 1272 multiplicantur,

802 1280 1014 1312 Indivisibilis
1038 1286 1177 1313 attamen
1202 1282 1272 1324 ipse
1295 1285 1412 1313 manet.

719 1334 831 1364 Gratia
855 1335 960 1375 prima
983 1333 1039 1376 [et]
1064 1338 1207 1373 amor',
1232 1334 1383 1375 quoniam
1406 1334 1545 1365 faciente
1569 1344 1678 1366 amore
1689 1339 1712 1373 ⁸,

802 1384 846 1415 Ut
869 1395 930 1415 non
954 1394 1135 1426 peccemus,
1161 1385 1334 1427 incipimus
1358 1396 1479 1427 sapere.

721 1436 859 1467 Additur
884 1442 914 1467 et
937 1437 1076 1478 pietas
1099 1436 1276 1468 fomentum
1301 1436 1476 1478 religionis,
2053 1447 2080 1467 2⁵

645 1496 696 1519 5⁴10
806 1488 866 1518 Per
890 1499 985 1529 quam
1010 1487 1154 1529 diligitur
1177 1488 1240 1518 iam
1265 1488 1356 1519 Deus
1379 1494 1410 1520 et
1433 1487 1558 1520 colitur.

719 1539 769 1570 De
793 1540 956 1581 pietate
980 1540 1069 1570 venit
1092 1544 1124 1570 et
1147 1550 1283 1571 amore
1307 1541 1512 1581 scientia,
1535 1551 1593 1582 per
1616 1550 1711 1583 quam

802 1591 949 1622 Discitur
972 1596 1002 1621 et
1026 1591 1125 1622 scitur
1147 1591 1264 1632 dignus
1287 1603 1395 1624 amore
1418 1592 1518 1626 Deus,

720 1643 753 1673 Si
778 1648 882 1673 tamen
908 1642 986 1673 liaec
1011 1643 1122 1674 cadem
1147 1654 1210 1674 non
1235 1648 1283 1674 est
1305 1643 1347 1674 ad
1370 1644 1507 1685 grandia
1529 1644 1632 1685 fortis,

804 1694 839 1725 In
865 1705 999 1736 preceps
1024 1695 1124 1725 fertur
1147 1701 1178 1726 ct
1200 1695 1264 1726 duo
1288 1695 1391 1736 prima
1413 1695 1546 1736 premit!
2051 1704 2079 1725 ³⁰

644 1753 695 1776 545
721 1747 763 1776 At
786 1746 846 1777 nisi
871 1745 993 1776 consilii
1018 1752 1124 1777 teneat
1147 1746 1324 1777 moderatio
1347 1747 1473 1786 fortem,

803 1800 875 1836 Quo
900 1797 970 1838 plus
994 1803 1126 1828 conatur
1148 1809 1245 1839 quam
1268 1798 1364 1839 valet,
1388 1799 1591 1840 opprimitur.

719 1849 852 1890 Iamque
876 1849 921 1879 ita
945 1849 1101 1890 disposita
1125 1860 1184 1890 per
1207 1860 1350 1881 amorem
1374 1849 1608 1892 consiliumque

803 1901 1010 1942 Firmataque
1034 1901 1129 1931 domo
1154 1901 1279 1942 proficit
1303 1901 1388 1933 intus
1412 1901 1518 1933 homo.

719 1952 785 1982 Iam
810 1952 896 1983 videt
920 1957 951 1984 et
975 1963 1044 1983 sese
1069 1963 1175 1983 rerum
1200 1951 1370 1984 dulcedine
1394 1953 1508 1995 pascit,
2049 1962 2078 1983 ³⁵

645 2010 696 2033 550
805 2005 893 2042 Quas
918 2004 948 2034 in
973 2004 1115 2034 misterio
1140 2005 1261 2045 cogitat
1283 2009 1378 2046 atque
1402 2003 1490 2045 legit.

721 2054 784 2086 Nec
809 2054 967 2085 desiderio
992 2056 1069 2086 satis
1093 2060 1154 2095 θεῖς
1180 2056 1242 2086 iam
1268 2056 1408 2098 percipit
1430 2056 1538 2097 ipsum

803 2105 1039 2148 Qualicumque
1063 2106 1147 2138 valet
1171 2108 1353 2148 cognitione
1378 2107 1494 2138 Deum.

721 2156 791 2187 Non
815 2158 897 2188 sicut
919 2158 1026 2199 superi
1051 2158 1146 2199 cives,
1171 2170 1251 2200 quos
1275 2159 1435 2190 credimus
1459 2170 1529 2190 esse

805 2209 845 2239 Et
869 2209 979 2240 laudes
1002 2208 1047 2240 illi
1070 2211 1239 2241 continuas
1263 2221 1395 2251 canere3
2050 2220 2078 2240 ιο

647 2267 698 2288 5255»
723 2260 785 2290 Sed
811 2262 893 2290 sicut
919 2260 1035 2291 l‘aulus
1059 2261 1192 2302 speculo
1217 2262 1265 2292 vcl
1290 2263 1451 2303 enigmate
1475 2261 1563 2301 dicit,

808 2311 919 2341 Donec
944 2312 1122 2353 perfectum
1148 2314 1211 2344 iam
1236 2314 1397 2344 tribuatur
1420 2314 1458 2345 ci.

724 2362 809 2393 llaec
832 2370 880 2393 cst
905 2363 1064 2403 pontificis
1088 2364 1221 2405 largicio
1246 2366 1387 2407 propria,
1411 2366 1493 2396 sicut

806 2413 967 2452 Diximus,
991 2426 1031 2445 cx
1056 2426 1114 2446 usu
1138 2415 1188 2447 vcl
1213 2417 1335 2447 ratione
1358 2427 1454 2457 nova,

723 2463 766 2494 Nc
792 2465 904 2495 modus
929 2478 946 2496 ιι
972 2466 1112 2497 Domino
1137 2468 1298 2508 praefixus
1321 2469 1551 2509 pretereaturb,
2050 2478 2078 2498 ⁴⁶

646 2522 696 2543 nm·
805 2516 941 2553 Qunmlo
966 2529 1058 2558 pares
1081 2518 1217 2549 famulos
1241 2519 1343 2550 noluit
1367 2531 1436 2551 esse
1461 2529 1545 2551 suos.

723 2565 814 2603 Quod
841 2567 967 2606 Moysvs
993 2571 1086 2599 ctiam
1113 2581 1169 2610 per
1192 2570 1295 2611 legem
1319 2572 1523 2612 significavit.

805 2618 940 2655 (μιηιιιίω
965 2620 1148 2651 sacerdotes
1174 2622 1423 2665 pontificemque
1447 2622 1536 2655 dedit

725 2668 827 2708 Atque
853 2670 1060 2702 ministerium
1087 2672 1263 2705 distiucxit,
1288 2675 1505 2716 pontificique.

910 113 1095 141 RANGERII
1120 111 1291 139 EPISCOPI
1315 111 1501 139 LUCENSIS
2125 0 2132 344 1

2129 446 2132 463 i

2130 466 2132 484 ι

2130 485 2132 507 Ι

2129 663 2132 683 i

2129 710 2132 732 l

499 2775 511 2787 ¹*
548 2774 627 2796 1¹¹¹¹¹³¹¹
651 2767 720 2789 *5¹¹²*
748 2786 751 2789 -
776 2785 780 2789 -
805 2786 808 2790 -
831 2769 883 2791 *5¹11*
898 2777 913 2791 ι’Ἰ
1002 2770 1046 2793 sci
1069 2779 1098 2793 ’.ν
1120 2780 1142 2795 v,
1160 2772 1206 2794 511
1234 2778 1259 2794 m
1283 2780 1363 2802 :vlu-a
1386 2773 1521 2804 Irycndnm
1543 2783 1598 2798 esse
1615 2778 1696 2806 paret.
1791 2773 1816 2804 b)
1838 2776 1987 2806 proteratur
2006 2781 2026 2797 c.
2047 2776 2075 2797 5⁰
2095 2798 2099 2801 ,
