2132 3067
284 265 312 284 cs.

225 295 294 314 Eccli.
308 295 343 317 (οἳ,
355 295 372 312 ἵν,

227 749 310 772 ΙῈοςᾸ
317 749 374 771 7,·19.

225 903 375 927 attegiam

266 1057 374 1080 inin-1.

255 1109 284 1127 it),
298 1109 329 1131 11y
342 1107 375 1126 17.

255 1161 283 1179 il).
298 1161 329 1179 1‘2.
341 1161 374 1179 13.

226 1199 253 1218 cf,
264 1199 330 1219 nug.»
339 1199 373 1217 1³1.

262 1235 283 1253 p.
293 1229 342 1247 «187,

251 1713 279 1732 rt'.
293 1714 310 1732 3,
323 1713 378 1735 κομι.

276 1745 308 1762 ιι.
321 1744 353 1762 ι’·ῑ.

393 135 455 164 454
879 130 956 157 HL'G
963 130 1050 157 ONIS
1074 129 1251 156 MONACHI
1274 128 1548 156 FLORIACENSIS

395 226 463 266 ipse
487 222 673 261 tradiderat,
698 220 891 262 operabatur
915 219 1006 259 signa
1031 224 1063 249 ct
1085 218 1235 260 prodigia
1259 228 1367 248 eoram
1384 217 1553 248 Pharaone
1569 222 1601 248 et
1617 217 1827 249 obtimatibus
1845 218 1924 248 eius.
1963 217 2039 248 Post

395 276 528 306 Movsen
553 285 626 304 vero
651 272 792 302 surrexit
817 271 906 301 lesus
931 270 1014 300 filius
1039 270 1144 308 Nave3
1168 270 1260 300 cuius
1284 269 1420 310 imperio
1444 269 1606 310 inpeditus
1630 274 1679 299 est
1701 268 1748 300 sol
1771 269 1811 300 ab
1835 269 1948 300 itinere
1972 279 2040 308 suo,

394 310 496 357 donec
520 328 723 366 expugnaret
747 323 854 353 hostes
879 321 987 363 populi
1014 321 1084 352 Dei.
1132 321 1194 352 Hic
1217 331 1346 362 quoque
1368 319 1429 350 fuit
1451 320 1500 350 vir
1523 331 1661 361 magnus
1685 325 1716 351 et
1738 320 1840 359 sortis,
1864 319 2040 363 secundum

395 388 508 408 nomen
534 387 627 406 suum
653 376 733 405 inter
757 385 849 415 reges
872 379 968 415 atque
993 372 1166 414 prophetas
1190 383 1305 414 gerens
1330 372 1467 412 figuram
1493 370 1669 402 Salvatoris
1692 373 1803 411 nostri,
1834 372 1888 414 qui
1912 377 1961 403 est
1983 382 2042 402 rex

396 430 514 471 pariter
536 433 567 458 ct
589 425 756 464 sacerdos;
781 426 835 467 qui
860 430 891 455 et
913 425 944 455 in
969 424 1073 465 figura
1089 429 1120 455 et
1137 424 1277 455 misterio
1295 423 1442 454 Iordanis
1463 422 1590 454 alveum
1614 424 1772 455 transiens
1796 423 1906 454 divisit
1922 421 2041 465 populo

395 489 509 511 terram
543 477 801 520 repromissionis
832 476 863 506 in
894 475 1035 506 funiculo
1066 475 1314 506 distributionis.
1365 475 1442 506 Post
1473 474 1558 505 hunc
1588 480 1694 506 autem
1725 474 1854 506 Samuel
1884 473 2043 516 propheta

395 531 559 563 renovavit
590 540 734 570 regnum,
766 538 890 569 ungens
922 527 1050 558 Saulem
1082 528 1112 557 in
1144 537 1270 568 regem;
1305 527 1359 568 qui
1393 531 1424 557 et
1455 525 1562 557 hostes
1590 525 1703 568 populi
1728 526 1789 558 Dei
1821 527 1986 568 superavit
2011 532 2043 558 et

396 584 472 614 tines
497 582 585 623 regni
609 581 657 612 sui
682 580 819 610 feliciter
841 579 1017 620 ampliavit.
1064 578 1318 620 Verumptamen
1350 584 1463 620 postea
1492 578 1640 609 fortunae
1669 589 1747 609 suae
1775 577 2043 620 prosperitatibus

395 642 533 673 evectuS,
568 633 759 674 superbiens
791 631 861 662 Deo
892 629 1064 671 displicuit.
1125 629 1219 661 Unde
1249 640 1307 671 pro
1339 640 1376 661 eo
1406 629 1503 660 modo
1534 630 1639 660 dictus
1670 629 1830 672 propheta
1859 629 2044 671 frequenter

394 686 568 717 Dominum
601 684 720 722 oravit3
756 682 812 713 sed
843 688 950 713 tamen
980 681 1153 712 exauditus
1183 692 1245 712 non
1278 686 1335 712 est.
1389 681 1455 712 Iam
1490 682 1574 712 enim
1610 682 1693 712 iusto
1728 681 1848 712 iudicio
1879 681 1940 712 Dei
1971 691 2045 712 con-

395 737 586 778 dempnatus
610 741 667 766 est.
714 735 791 765 Post
808 733 937 764 Saulem
963 738 1070 764 autem
1096 733 1244 774 regnavit
1259 731 1380 774 David,
1405 733 1458 774 qui
1484 734 1714 775 interpretatur
1737 735 1805 764 ‘rex
1827 732 1964 772 fortisv,
1989 733 2042 775 qui

394 789 472 819 vicit
495 787 622 819 Goliam
655 788 777 817 hostem
810 786 1078 826 inmanissimum,
1109 784 1298 826 significans
1329 795 1438 825 regem
1469 784 1558 816 illum
1587 785 1808 825 fortissimum,
1840 785 1894 827 qui
1925 784 2045 815 devicit

395 839 558 872 diabolum
583 839 684 870 tocius
709 838 839 869 humani
861 837 988 878 generis
1005 837 1183 867 inimicum.
1222 836 1322 867 Porro
1339 835 1447 866 David
1473 837 1504 867 in
1529 842 1595 868 toto
1620 836 1716 868 corde
1739 847 1797 867 suo
1821 835 1938 867 dilexit
1960 846 2045 874 eum,

395 893 448 935 qui
473 891 627 923 exaltavit
650 890 748 930 illum,
779 894 809 920 et
838 890 960 930 primus
992 887 1100 919 intulit
1123 888 1253 919 archam
1278 888 1341 918 Dei
1365 889 1397 918 in
1422 887 1594 920 Ierusalem
1620 899 1691 919 cum
1715 887 1866 919 laudibus
1889 893 1921 919 et
1943 887 2045 929 gloria

395 955 526 985 magna:
558 942 724 984 ediditque
754 941 904 972 volumen
935 941 1112 982 egregium,
1145 939 1232 982 quod
1259 939 1440 981 appellatur
1463 939 1660 982 psalterium.
1712 941 1921 982 Quapropter
1944 945 2044 984 trans-

396 995 466 1028 tulit
491 996 580 1026 Dcus
605 999 773 1036 peccatum
805 992 886 1023 illius
916 997 947 1023 et
976 992 1179 1022 confirmavit
1209 1002 1343 1033 regnum
1368 993 1436 1023 eius
1465 993 1497 1022 in
1527 991 1644 1023 multas
1672 992 1907 1034 generationes.
1962 990 2043 1023 Cum

396 1049 481 1078 enim
507 1047 537 1077 in
563 1045 695 1081 occuth
719 1055 782 1075 non
808 1045 837 1074 in
863 1049 983 1085 aperto,
1008 1043 1106 1075 Uriae
1130 1043 1239 1074 militis
1263 1044 1312 1074 sui
1335 1054 1469 1074 uxorem
1493 1043 1643 1075 adulterii
1664 1043 1813 1085 contagio
1831 1042 2045 1074 maculasset³

396 1105 427 1130 et
451 1097 655 1140 postmodum
680 1097 785 1138 ipsum
810 1096 932 1133 Uriam,
963 1101 997 1126 ut
1020 1096 1143 1126 facinus
1167 1095 1343 1126 admissum
1368 1095 1433 1136 tegi
1458 1100 1577 1137 posset,
1603 1095 1765 1126 hostiumb
1788 1094 1938 1126 manibus
1962 1094 2045 1126 mala

395 1149 506 1181 fraude
531 1148 636 1179 necari
662 1148 798 1186 fecisset,
829 1152 954 1178 Nathau²
979 1146 1068 1178 illum
1092 1153 1222 1184 propheta
1246 1146 1284 1177 de
1309 1157 1366 1178 suo
1390 1147 1532 1178 facinore
1556 1147 1738 1178 invectione
1761 1145 1915 1188 publiea⁰
1938 1146 2045 1178 redar-

395 1213 497 1243 guens
522 1201 710 1241 increpavit,
735 1210 761 1230 ct
784 1206 950 1229 const-ssione
975 1208 1124 1237 correptum
1149 1208 1344 1237 consequenter
1366 1205 1489 1229 absolvit.
1537 1199 1612 1230 Post
1634 1198 1743 1230 David
1766 1204 1873 1229 autem
1899 1198 2047 1240 regnavit

396 1252 547 1283 ¹<alomon
571 1251 655 1282 tilius
679 1252 756 1283 cius.
803 1250 865 1282 Hie
889 1250 1034 1281 condidit
1058 1250 1211 1292 templum
1237 1250 1367 1281 domino
1393 1250 1461 1281 Deo
1487 1261 1544 1282 suo
1568 1261 1607 1281 ex
1632 1249 1727 1291 lignis
1750 1249 1993 1292 inputribilibus
2016 1256 2048 1281 et

397 1305 550 1346 preciosis
573 1303 746 1345 lapidibus,
771 1305 801 1334 in
826 1314 889 1345 quo
914 1308 1025 1333 saneta
1051 1303 1251 1344 figurabatur
1274 1301 1446 1342 aecclesia3
1478 1308 1509 1333 et
1533 1302 1701 1333 constituit
1723 1302 1756 1332 in
1780 1312 1818 1332 eo
1842 1301 2046 1333 sacerdotum

397 1357 500 1387 officia
525 1356 556 1386 in
580 1355 766 1386 ministeriis
790 1355 866 1393 suis,
898 1362 928 1385 et
951 1353 1065 1385 levitas
1090 1355 1121 1385 in
1145 1353 1256 1385 ordine
1280 1365 1348 1393 suo,
1372 1360 1407 1385 ut
1430 1355 1650 1385 ministrarent
1673 1353 1813 1384 Domino
1837 1353 1929 1384 iuxta
1950 1354 2047 1385 ritum

397 1408 647 1448 uniuscuiusque
672 1407 745 1446 dici,
770 1407 853 1436 sicut
875 1412 1083 1447 praeceperat
1099 1407 1127 1437 ei
1144 1406 1250 1437 David
1277 1412 1367 1447 pater
1391 1407 1468 1437 eius.
1514 1405 1578 1437 Sed
1603 1411 1634 1436 et
1657 1404 1708 1435 hic
1728 1404 1867 1446 repletus
1889 1406 2049 1447 sapientia

398 1459 578 1501 composuit
601 1459 776 1500 syrasirim,
801 1459 830 1489 in
856 1468 918 1499 quo
943 1469 1000 1500 per
1023 1457 1242 1499 epitalamium
1260 1469 1389 1489 carmen
1407 1458 1493 1488 canit
1508 1458 1634 1488 mistice
1651 1457 1909 1488 coniunctionem
1928 1456 2046 1489 Christi

398 1519 429 1542 et
453 1511 637 1542 aecclesiae.
692 1511 728 1541 In
754 1509 935 1551 proverbiis
960 1521 1088 1552 quoque
1113 1514 1144 1540 et
1169 1510 1198 1540 in
1223 1509 1544 1551 interpretationibus
1568 1509 1672 1540 faetus
1697 1513 1745 1540 est
1766 1507 1987 1548 ammirabilis,
2019 1515 2049 1540 et

398 1563 598 1603 divulgatum
631 1568 680 1593 cst
710 1573 825 1593 nomen
855 1563 923 1593 eius
954 1562 1048 1603 longe
1071 1561 1208 1604 lateque.
1255 1561 1320 1593 Sed
1345 1573 1417 1592 cum
1443 1561 1579 1603 polleret
1601 1561 1729 1602 magnis
1753 1560 1868 1602 opibus
1893 1566 1924 1592 et
1946 1560 2049 1602 gloria

400 1627 515 1656 magna
538 1616 643 1654 nimis,
669 1614 886 1645 intumescens
911 1614 1007 1645 corde
1029 1614 1201 1645 effrenatus
1225 1621 1272 1644 est
1296 1614 1327 1644 in
1352 1613 1530 1654 libidinem,
1554 1620 1584 1644 et
1602 1613 1724 1643 exarsit
1740 1613 1772 1643 in
1788 1613 2050 1654 concupiscentia

398 1667 587 1697 feminarum
613 1666 877 1706 alienigenarum,
902 1673 932 1697 et
955 1666 1088 1707 insuper
1111 1665 1258 1697 adoravit
1281 1665 1357 1696 deos
1375 1676 1494 1696 earum.
1533 1666 1637 1704 Quam
1656 1663 1697 1695 ob
1715 1675 1780 1695 rem
1799 1663 1984 1706 indignatus
2001 1670 2051 1695 est

400 1719 559 1749 Dominus
591 1724 621 1749 ct
653 1719 824 1749 concitavit
855 1718 1010 1748 adversus
1042 1728 1114 1748 cum
1147 1716 1326 1756 Ieroboam,
1357 1716 1456 1747 filium
1481 1715 1598 1757 Nabat,
1629 1727 1759 1748 servum
1791 1716 1903 1758 ipsius.
1949 1715 2051 1748 Scidit

400 1781 527 1811 quoque
552 1781 686 1810 regnum
712 1769 751 1800 de
775 1781 871 1800 manu
896 1769 952 1800 filii
977 1770 1056 1800 eius.
1102 1769 1184 1800 Nam
1210 1769 1241 1799 in
1266 1768 1440 1800 Ierusalem
1465 1768 1615 1809 regnavit
1638 1768 1795 1807 Roboam,
1818 1766 1903 1799 filius
1927 1768 2050 1810 ipsius*

401 1822 591 1861 Salomonis,
616 1832 713 1862 super
737 1820 845 1851 decem
870 1833 945 1852 vero
971 1822 1075 1853 tribus
1100 1820 1199 1852 Israel
1223 1821 1369 1862 regnavit
1391 1819 1572 1858 Ieroboam⁷
1598 1819 1681 1850 filius
1705 1819 1820 1850 Nabat.
1867 1819 1931 1851 Sed
1955 1831 1994 1851 ne
2017 1820 2049 1850 in

401 1873 534 1913 singulis
559 1874 707 1911 inmorer,
737 1873 812 1903 dum
839 1879 987 1912 regnaret
1011 1873 1216 1915 postmodum
1242 1873 1272 1903 in
1296 1871 1470 1904 Ierusalem
1495 1883 1552 1902 rex
1577 1871 1734 1902 Ezechias
1757 1877 1789 1902 et
1811 1871 1942 1903 fecisset
1964 1872 2050 1914 quod

401 1932 467 1955 erat
493 1924 646 1966 plat-itum
672 1935 781 1955 eoram
808 1925 938 1955 domino
963 1926 1044 1965 Deo,
1070 1926 1159 1956 iuxta
1184 1926 1292 1955 omnia
1316 1935 1398 1967 quae
1422 1923 1543 1954 fecerat
1559 1923 1670 1954 David
1694 1929 1786 1964 pater
1809 1923 1887 1961 eius,
1910 1923 2052 1955 surrexit

401 1983 511 2007 contra
541 1987 612 2006 cuin
639 1976 858 2007 Sennacherib
891 1988 948 2007 rex
974 1978 1168 2008 Assiriorum
1202 1976 1301 2007 inulto
1331 1975 1468 2007 vallatus
1499 1976 1653 2007 exercitu.
1706 1975 1797 2005 Tunc
1828 1985 1964 2016 surgens
1994 1986 2050 2007 rex

404 2027 559 2058 lim-chias
583 2035 613 2058 ct
638 2027 758 2057 Isaias‘·
784 2027 941 2069 propheta
972 2036 1144 2059 oraverunt
1172 2028 1212 2059 ad
1238 2028 1432 2060 Dominum:
1464 2038 1545 2069 quos
1570 2027 1729 2058 Dominus
1759 2025 1957 2058 exaudivit³.
2010 2026 2051 2058 Et

299 2108 311 2126 .,
338 2081 379 2122 5⁴⁴⁴
402 2080 432 2109 in
457 2080 569 2110 castris
587 2078 806 2110 Sennacherib
824 2080 957 2120 angelus
975 2080 1149 2119 deseendit,
1175 2081 1228 2122 qui
1253 2079 1291 2111 de
1315 2081 1384 2111 eius
1408 2080 1552 2110 exercitu
1577 2083 1703 2110 centum
1729 2078 1893 2120 octoginta
1908 2078 2052 2121 quinque

403 2131 489 2161 milia
515 2132 678 2161 interfecit.
726 2131 830 2171 Igitur
854 2142 945 2172 reges
968 2131 1099 2172 gloriosi
1124 2143 1141 2162 a
1166 2132 1237 2162 Deo
1262 2132 1407 2174 inspirati
1433 2142 1490 2172 pro
1513 2130 1638 2161 viribus
1666 2131 1732 2161 suis
1762 2135 1906 2161 sanctam
1931 2129 2051 2162 extule-

402 2190 473 2213 runt
497 2182 703 2220 aecclesiam3
736 2188 766 2214 ct
789 2194 899 2213 eorum
925 2184 977 2224 pia
1001 2195 1077 2214 cura
1101 2195 1138 2215 ac
1164 2183 1310 2224 vigilanti
1335 2182 1476 2214 sollertia
1500 2181 1641 2214 adolevit
1664 2182 1801 2224 primum
1827 2182 1858 2212 in
1882 2181 1992 2223 Iudea,
2021 2188 2053 2214 et

403 2234 530 2264 deinum
557 2235 585 2264 in
611 2233 760 2273 gentibus
785 2245 858 2265 suos
883 2234 1031 2276 palmites
1055 2235 1211 2266 dilatavit.
1261 2234 1497 2266 Nichilominus
1521 2234 1616 2265 etiam
1641 2234 1741 2265 sancti
1766 2233 1942 2276 prophetae
1965 2233 2051 2265 illam

404 2296 532 2315 suarum
565 2286 716 2316 virtutum
750 2285 866 2316 decore
899 2287 1017 2327 pariter
1048 2294 1256 2327 ornaverunt,
1292 2293 1323 2319 et
1356 2297 1434 2317 auro
1468 2296 1544 2316 suae
1579 2285 1757 2328 sapientiae
1790 2285 2052 2317 nobilitaverunt.

405 2336 536 2366 (mustat
567 2348 643 2374 orgo
676 2348 766 2377 reges
797 2344 892 2379 atquc
926 2339 1098 2379 prophetas
1129 2339 1350 2370 sanctissimos
1380 2338 1501 2369 vicaria
1532 2338 1579 2368 sui
1615 2348 1675 2379 ope
1707 2348 1834 2379 semper
1863 2337 2052 2379 indiguisse.

405 2387 603 2417 :tt-eclesiam
629 2394 734 2418 autem
753 2389 940 2429 sinagogam
959 2389 1102 2431 appello:
1128 2392 1277 2432 quoniam
1303 2389 1355 2421 illa
1379 2400 1461 2432 quae
1485 2390 1517 2419 in
1541 2400 1577 2420 ea
1601 2389 1722 2421 fiebant
1737 2389 1915 2431 praesentis
1931 2387 2051 2421 aeccle-

404 2439 469 2469 siae
495 2439 627 2478 liguram
652 2439 822 2477 gerebant:
848 2446 877 2470 et
902 2441 932 2470 in
958 2440 1009 2471 illo
1035 2442 1195 2473 sac-riticio
1213 2442 1332 2473 Christi
1350 2441 1551 2484 figurabatur
1573 2441 1704 2481 occisio,
1728 2441 1822 2472 cuius
1846 2451 1958 2472 sumus
1982 2449 2051 2471 san-

515 2546 542 2568 a)
565 2544 728 2568 maculas-cd
754 2546 775 2567 1.
845 2545 869 2567 bi
895 2551 942 2570 nst.
966 2548 987 2570 ι’.
1053 2550 1076 2570 c}
1101 2547 1209 2579 puplica
1232 2550 1252 2572 1.
1275 2548 1299 2571 2.
1358 2548 1387 2575 d)
1410 2547 1489 2573 rerba
1508 2547 1592 2579 ipsius
1615 2560 1646 2564 —
1667 2545 1739 2571 filius
1759 2554 1808 2571 om.
1832 2546 1855 2571 l.
1913 2545 1938 2577 ο)
1960 2545 2005 2570 Ys.
2026 2545 2051 2570 2.

517 2638 541 2661 ¹³
568 2637 611 2667 ‘ss-
639 2637 704 2661 ῙΨῘ·
732 2638 847 2669 lz'lgsnwf,
873 2638 890 2663 l.
917 2638 976 2669 ΓΙΙ,
1002 2649 1023 2664 (“.
1044 2640 1070 2671 G,
1101 2641 1143 2666 ed,
1169 2641 1305 2666 Arm-alus
1330 2641 1386 2671 III,
1412 2650 1438 2668 ι).
1457 2640 1527 2666 323.
1652 2640 1682 2673 2)
1711 2639 1802 2674 Epist.
1827 2639 1938 2666 Gelaein'
1959 2639 1984 2666 Ῑ.
2013 2639 2052 2665 ad

406 2689 488 2721 episc.
517 2688 693 2713 llardaetrzirnr.
729 2688 811 2713 Tla'm'.
839 2689 927 2722 lz‘pist.
951 2695 1027 2722 ans,
1055 2690 1171 2717 It'nman.
1198 2692 1220 2724 l,
1243 2702 1271 2725 p.
1292 2692 1370 2724 4OS;
1403 2692 1485 2725 HUUO
1510 2692 1592 2717 Flav.
1613 2700 1642 2725 p.
1660 2691 1738 2717 437:
1765 2689 1880 2717 Nathan
1907 2689 2052 2725 propheta

407 2738 500 2773 palam
526 2738 701 2772 publiceque
727 2738 752 2763 in
779 2738 851 2764 savit·
876 2740 935 2767 rezi
963 2740 1053 2765 Davi-l
1079 2746 1104 2766 et
1130 2742 1311 2767 commissum
1337 2742 1522 2768 denunciavit
1546 2750 1673 2768 errorem
1698 2745 1726 2768 et
1749 2741 1843 2776 ipsum
1874 2740 2050 2768 commisisse

407 2799 462 2815 non
488 2790 575 2815 ravan
602 2795 626 2814 vt
654 2790 835 2815 runt'vssionc
861 2795 1019 2815 curret-tuin
1046 2799 1257 2826 vonquueinor
1281 2793 1415 2820 absolvit.
1504 2794 1533 2827 3)
1559 2793 1602 2827 Cf.
1628 2794 1690 2821 Lib.
1710 2794 1732 2824 Ι,
1757 2802 1780 2820 e.
1799 2793 1826 2827 4,
1846 2802 1877 2827 p.
1895 2792 1965 2822 468.

2065 692 2132 722 ¹⁰:

2065 951 2091 971 15

2069 1728 2098 1748 ³0

2070 2243 2099 2263 40

2069 2540 2116 2573 αεὶ
