<?xml version="1.0" encoding="UTF-8"?>
<!DOCTYPE html PUBLIC "-//W3C//DTD XHTML 1.0 Transitional//EN"
    "http://www.w3.org/TR/xhtml1/DTD/xhtml1-transitional.dtd">
<html xmlns="http://www.w3.org/1999/xhtml" xml:lang="en" lang="en">
 <head>
  <title>
</title>
<meta http-equiv="Content-Type" content="text/html;charset=utf-8" />
  <meta name='ocr-system' content='tesseract 3.04.00' />
  <meta name='ocr-capabilities' content='ocr_page ocr_carea ocr_par ocr_line ocrx_word'/>
</head>
<body>
  <div class='ocr_page' id='page_1' title='image "./monumenta02geseuoft_0181.png"; bbox 0 0 2132 3067; ppageno 0'>
   <div class='ocr_carea' id='block_1_1' title="bbox 59 715 85 735">
    <p class='ocr_par' dir='ltr' id='par_1_1' title="bbox 59 715 85 735">
     <span class='ocr_line' id='line_1_1' title="bbox 59 715 85 735; baseline -0.038 0"><span class='ocrx_word' id='word_1_1' title='bbox 59 715 85 735; x_wconf 88' lang='lat'>10</span> 
     </span>
    </p>
   </div>
   <div class='ocr_carea' id='block_1_2' title="bbox 62 973 88 993">
    <p class='ocr_par' dir='ltr' id='par_1_2' title="bbox 62 973 88 993">
     <span class='ocr_line' id='line_1_2' title="bbox 62 973 88 993; baseline 0.038 -1"><span class='ocrx_word' id='word_1_2' title='bbox 62 973 88 993; x_wconf 80' lang='lat'>15</span> 
     </span>
    </p>
   </div>
   <div class='ocr_carea' id='block_1_3' title="bbox 60 1235 87 1254">
    <p class='ocr_par' dir='ltr' id='par_1_3' title="bbox 60 1235 87 1254">
     <span class='ocr_line' id='line_1_3' title="bbox 60 1235 87 1254; baseline 0 0"><span class='ocrx_word' id='word_1_3' title='bbox 60 1235 87 1254; x_wconf 77' lang='lat'>20</span> 
     </span>
    </p>
   </div>
   <div class='ocr_carea' id='block_1_4' title="bbox 61 1493 88 1512">
    <p class='ocr_par' dir='ltr' id='par_1_4' title="bbox 61 1493 88 1512">
     <span class='ocr_line' id='line_1_4' title="bbox 61 1493 88 1512; baseline 0 0"><span class='ocrx_word' id='word_1_4' title='bbox 61 1493 88 1512; x_wconf 82' lang='lat'>2⁵</span> 
     </span>
    </p>
   </div>
   <div class='ocr_carea' id='block_1_5' title="bbox 63 1751 89 1771">
    <p class='ocr_par' dir='ltr' id='par_1_5' title="bbox 63 1751 89 1771">
     <span class='ocr_line' id='line_1_5' title="bbox 63 1751 89 1771; baseline 0 0"><span class='ocrx_word' id='word_1_5' title='bbox 63 1751 89 1771; x_wconf 78' lang='grc'>80</span> 
     </span>
    </p>
   </div>
   <div class='ocr_carea' id='block_1_6' title="bbox 63 2009 90 2029">
    <p class='ocr_par' dir='ltr' id='par_1_6' title="bbox 63 2009 90 2029">
     <span class='ocr_line' id='line_1_6' title="bbox 63 2009 90 2029; baseline 0 0"><span class='ocrx_word' id='word_1_6' title='bbox 63 2009 90 2029; x_wconf 77' lang='grc'>35</span> 
     </span>
    </p>
   </div>
   <div class='ocr_carea' id='block_1_7' title="bbox 63 2268 90 2286">
    <p class='ocr_par' dir='ltr' id='par_1_7' title="bbox 63 2268 90 2286">
     <span class='ocr_line' id='line_1_7' title="bbox 63 2268 90 2286; baseline 0 0"><span class='ocrx_word' id='word_1_7' title='bbox 63 2268 90 2286; x_wconf 69' lang='lat'>⁴0</span> 
     </span>
    </p>
   </div>
   <div class='ocr_carea' id='block_1_8' title="bbox 67 2556 93 2574">
    <p class='ocr_par' dir='ltr' id='par_1_8' title="bbox 67 2556 93 2574">
     <span class='ocr_line' id='line_1_8' title="bbox 67 2556 93 2574; baseline 0 0"><span class='ocrx_word' id='word_1_8' title='bbox 67 2556 93 2574; x_wconf 69' lang='lat'>⁴5</span> 
     </span>
    </p>
   </div>
   <div class='ocr_carea' id='block_1_9' title="bbox 67 2826 94 2845">
    <p class='ocr_par' dir='ltr' id='par_1_9' title="bbox 67 2826 94 2845">
     <span class='ocr_line' id='line_1_9' title="bbox 67 2826 94 2845; baseline 0 0"><span class='ocrx_word' id='word_1_9' title='bbox 67 2826 94 2845; x_wconf 85' lang='lat'>50</span> 
     </span>
    </p>
   </div>
   <div class='ocr_carea' id='block_1_10' title="bbox 820 150 1744 181">
    <p class='ocr_par' dir='ltr' id='par_1_10' title="bbox 820 150 1744 181">
     <span class='ocr_line' id='line_1_10' title="bbox 820 150 1744 181; baseline 0.002 -3"><span class='ocrx_word' id='word_1_10' title='bbox 820 152 1026 179; x_wconf 76' lang='lat' dir='ltr'>APPENDIX.</span> <span class='ocrx_word' id='word_1_11' title='bbox 1690 152 1699 180; x_wconf 92' lang='grc'><strong>1</strong></span> <span class='ocrx_word' id='word_1_12' title='bbox 1707 150 1744 181; x_wconf 64' lang='grc'>(37</span> 
     </span>
    </p>
   </div>
   <div class='ocr_carea' id='block_1_11' title="bbox 104 238 1759 2504">
    <p class='ocr_par' dir='ltr' id='par_1_11' title="bbox 104 238 1757 1054">
     <span class='ocr_line' id='line_1_11' title="bbox 104 238 1752 284; baseline 0.001 -13"><span class='ocrx_word' id='word_1_13' title='bbox 104 240 199 278; x_wconf 80' lang='lat' dir='ltr'>bitur,</span> <span class='ocrx_word' id='word_1_14' title='bbox 229 238 379 270; x_wconf 86' lang='lat' dir='ltr'>videlicet</span> <span class='ocrx_word' id='word_1_15' title='bbox 408 244 442 269; x_wconf 91' lang='lat' dir='ltr'>ut</span> <span class='ocrx_word' id='word_1_16' title='bbox 472 244 502 270; x_wconf 86' lang='lat' dir='ltr'>et</span> <span class='ocrx_word' id='word_1_17' title='bbox 533 244 606 280; x_wconf 86' lang='lat' dir='ltr'>post</span> <span class='ocrx_word' id='word_1_18' title='bbox 635 244 768 270; x_wconf 84' lang='lat' dir='ltr'>mortem</span> <span class='ocrx_word' id='word_1_19' title='bbox 800 239 944 281; x_wconf 81' lang='lat' dir='ltr'>ligatoris</span> <span class='ocrx_word' id='word_1_20' title='bbox 974 252 1076 282; x_wconf 80' lang='lat' dir='ltr'>aeque</span> <span class='ocrx_word' id='word_1_21' title='bbox 1106 248 1292 283; x_wconf 83' lang='lat' dir='ltr'>permaneat</span> <span class='ocrx_word' id='word_1_22' title='bbox 1323 242 1450 283; x_wconf 82' lang='lat' dir='ltr'>ligatus,</span> <span class='ocrx_word' id='word_1_23' title='bbox 1479 243 1533 284; x_wconf 86' lang='lat' dir='ltr'>qui</span> <span class='ocrx_word' id='word_1_24' title='bbox 1564 253 1626 272; x_wconf 90' lang='lat' dir='ltr'>non</span> <span class='ocrx_word' id='word_1_25' title='bbox 1658 242 1752 273; x_wconf 83' lang='lat' dir='ltr'>suerit</span> 
     </span>
     <span class='ocr_line' id='line_1_12' title="bbox 104 290 1753 335; baseline 0.001 -12"><span class='ocrx_word' id='word_1_26' title='bbox 104 291 320 324; x_wconf 88' lang='lat' dir='ltr'>ecclesiastico</span> <span class='ocrx_word' id='word_1_27' title='bbox 352 301 439 321; x_wconf 90' lang='lat' dir='ltr'>more</span> <span class='ocrx_word' id='word_1_28' title='bbox 469 290 707 322; x_wconf 64' lang='lat' dir='ltr'>reconciliatus</span> <span class='ocrx_word' id='word_1_29' title='bbox 760 291 855 322; x_wconf 88' lang='lat' dir='ltr'>Libet</span> <span class='ocrx_word' id='word_1_30' title='bbox 885 298 992 323; x_wconf 84' lang='lat' dir='ltr'>autem</span> <span class='ocrx_word' id='word_1_31' title='bbox 1025 295 1212 324; x_wconf 81' lang='lat' dir='ltr'>sententiam</span> <span class='ocrx_word' id='word_1_32' title='bbox 1246 293 1331 324; x_wconf 82' lang='lat' dir='ltr'>beati</span> <span class='ocrx_word' id='word_1_33' title='bbox 1363 293 1518 335; x_wconf 72' lang='lat' dir='ltr'>Cypriani</span> <span class='ocrx_word' id='word_1_34' title='bbox 1550 294 1689 324; x_wconf 86' lang='lat' dir='ltr'>martiris</span> <span class='ocrx_word' id='word_1_35' title='bbox 1721 300 1753 324; x_wconf 90' lang='lat' dir='ltr'>ct</span> 
     </span>
     <span class='ocr_line' id='line_1_13' title="bbox 104 341 1752 387; baseline 0.001 -13"><span class='ocrx_word' id='word_1_36' title='bbox 104 343 226 384; x_wconf 85' lang='lat' dir='ltr'>egregii</span> <span class='ocrx_word' id='word_1_37' title='bbox 259 342 401 373; x_wconf 86' lang='lat' dir='ltr'>doctoris</span> <span class='ocrx_word' id='word_1_38' title='bbox 431 341 471 372; x_wconf 90' lang='lat' dir='ltr'>de</span> <span class='ocrx_word' id='word_1_39' title='bbox 500 342 829 373; x_wconf 81' lang='lat' dir='ltr'>communicatoribus</span> <span class='ocrx_word' id='word_1_40' title='bbox 860 345 1210 375; x_wconf 76' lang='lat' dir='ltr'>excommunicatorum</span> <span class='ocrx_word' id='word_1_41' title='bbox 1236 345 1438 383; x_wconf 74' lang='lat' dir='ltr'>subnectere,</span> <span class='ocrx_word' id='word_1_42' title='bbox 1467 351 1500 376; x_wconf 87' lang='lat' dir='ltr'>ut</span> <span class='ocrx_word' id='word_1_43' title='bbox 1531 346 1591 386; x_wconf 86' lang='lat' dir='ltr'>ipsi</span> <span class='ocrx_word' id='word_1_44' title='bbox 1619 356 1752 387; x_wconf 84' lang='lat' dir='ltr'>perpen-</span> 
     </span>
     <span class='ocr_line' id='line_1_14' title="bbox 104 392 1751 436; baseline 0.001 -11"><span class='ocrx_word' id='word_1_45' title='bbox 104 394 191 435; x_wconf 81' lang='lat' dir='ltr'>dant,</span> <span class='ocrx_word' id='word_1_46' title='bbox 215 399 334 436; x_wconf 72' lang='lat' dir='ltr'>quama</span> <span class='ocrx_word' id='word_1_47' title='bbox 357 392 537 435; x_wconf 81' lang='lat' dir='ltr'>periculose</span> <span class='ocrx_word' id='word_1_48' title='bbox 560 393 621 424; x_wconf 92' lang='lat' dir='ltr'>sibi</span> <span class='ocrx_word' id='word_1_49' title='bbox 645 394 724 435; x_wconf 78' lang='lat' dir='ltr'>ipsis</span> <span class='ocrx_word' id='word_1_50' title='bbox 748 394 788 425; x_wconf 89' lang='lat' dir='ltr'>ab</span> <span class='ocrx_word' id='word_1_51' title='bbox 813 405 922 425; x_wconf 87' lang='lat' dir='ltr'>eorum</span> <span class='ocrx_word' id='word_1_52' title='bbox 948 397 1114 426; x_wconf 84' lang='lat' dir='ltr'>consorcio</span> <span class='ocrx_word' id='word_1_53' title='bbox 1138 407 1200 426; x_wconf 89' lang='lat' dir='ltr'>non</span> <span class='ocrx_word' id='word_1_54' title='bbox 1225 402 1368 427; x_wconf 71' lang='lat' dir='ltr'>caveant.</span> <span class='ocrx_word' id='word_1_55' title='bbox 1422 396 1572 427; x_wconf 71' lang='lat' dir='ltr'>Scribens</span> <span class='ocrx_word' id='word_1_56' title='bbox 1604 397 1687 427; x_wconf 86' lang='lat' dir='ltr'>enim</span> <span class='ocrx_word' id='word_1_57' title='bbox 1711 395 1751 427; x_wconf 81' lang='lat' dir='ltr'>ad</span> 
     </span>
     <span class='ocr_line' id='line_1_15' title="bbox 104 445 1754 488; baseline 0.001 -11"><span class='ocrx_word' id='word_1_58' title='bbox 104 446 258 488; x_wconf 85' lang='lat' dir='ltr'>Magnum</span> <span class='ocrx_word' id='word_1_59' title='bbox 283 445 548 487; x_wconf 84' lang='lat' dir='ltr'>presbyterum1:</span> <span class='ocrx_word' id='word_1_60' title='bbox 579 445 780 485; x_wconf 71' lang='lat' dir='ltr'>Invenimus,</span> <span class='ocrx_word' id='word_1_61' title='bbox 805 446 916 488; x_wconf 69' lang='lat' dir='ltr'>inquit,</span> <span class='ocrx_word' id='word_1_62' title='bbox 943 448 975 478; x_wconf 83' lang='lat' dir='ltr'>in</span> <span class='ocrx_word' id='word_1_63' title='bbox 1000 447 1233 487; x_wconf 70' lang='lat' dir='ltr'>talifacz&#39;nore</span> <span class='ocrx_word' id='word_1_64' title='bbox 1259 459 1323 478; x_wconf 85' lang='lat' dir='ltr'>non</span> <span class='ocrx_word' id='word_1_65' title='bbox 1348 447 1450 477; x_wconf 78' lang='lat' dir='ltr'>solnm</span> <span class='ocrx_word' id='word_1_66' title='bbox 1475 448 1572 478; x_wconf 80' lang='lat' dir='ltr'>duces</span> <span class='ocrx_word' id='word_1_67' title='bbox 1594 452 1621 478; x_wconf 91' lang='lat' dir='ltr'>et</span> <span class='ocrx_word' id='word_1_68' title='bbox 1645 452 1754 478; x_wconf 81' lang='lat' dir='ltr'>aucto-</span> 
     </span>
     <span class='ocr_line' id='line_1_16' title="bbox 106 497 1751 540; baseline 0.001 -12"><span class='ocrx_word' id='word_1_69' title='bbox 106 509 165 535; x_wconf 85' lang='lat' dir='ltr'>res,</span> <span class='ocrx_word' id='word_1_70' title='bbox 188 497 244 528; x_wconf 82' lang='lat' dir='ltr'>sed</span> <span class='ocrx_word' id='word_1_71' title='bbox 266 502 293 528; x_wconf 83' lang='lat' dir='ltr'>et</span> <span class='ocrx_word' id='word_1_72' title='bbox 313 497 500 538; x_wconf 73' lang='lat' dir='ltr'>participes</span> <span class='ocrx_word' id='word_1_73' title='bbox 513 498 630 537; x_wconf 78' lang='lat' dir='ltr'>poenis</span> <span class='ocrx_word' id='word_1_74' title='bbox 648 498 823 536; x_wconf 74' lang='lat' dir='ltr'>destinari,</span> <span class='ocrx_word' id='word_1_75' title='bbox 849 499 916 529; x_wconf 71' lang='lat' dir='ltr'>nisi</span> <span class='ocrx_word' id='word_1_76' title='bbox 931 510 963 529; x_wconf 84' lang='lat' dir='ltr'>se</span> <span class='ocrx_word' id='word_1_77' title='bbox 980 511 998 529; x_wconf 79' lang='grc' dir='ltr'>(ι</span> <span class='ocrx_word' id='word_1_78' title='bbox 1017 501 1242 530; x_wconf 71' lang='lat' dir='ltr'>communione</span> <span class='ocrx_word' id='word_1_79' title='bbox 1260 500 1418 529; x_wconf 74' lang='lat' dir='ltr'>malornm</span> <span class='ocrx_word' id='word_1_80' title='bbox 1436 500 1664 540; x_wconf 68' lang='lat' dir='ltr'>separaverint</span> <span class='ocrx_word' id='word_1_81' title='bbox 1677 511 1751 540; x_wconf 76' lang='lat' dir='ltr'>pre-</span> 
     </span>
     <span class='ocr_line' id='line_1_17' title="bbox 104 548 1752 592; baseline 0 -12"><span class='ocrx_word' id='word_1_82' title='bbox 104 551 242 592; x_wconf 79' lang='lat' dir='ltr'>cipiente</span> <span class='ocrx_word' id='word_1_83' title='bbox 260 560 323 589; x_wconf 75' lang='lat' dir='ltr'>per</span> <span class='ocrx_word' id='word_1_84' title='bbox 340 548 473 590; x_wconf 76' lang='lat' dir='ltr'>M&#39;oysen</span> <span class='ocrx_word' id='word_1_85' title='bbox 492 548 636 579; x_wconf 76' lang='lat' dir='ltr'>Domino</span> <span class='ocrx_word' id='word_1_86' title='bbox 652 552 697 586; x_wconf 84' lang='lat' dir='ltr'>[et</span> <span class='ocrx_word' id='word_1_87' title='bbox 714 549 874 586; x_wconf 74' lang='lat' dir='ltr'>(Ze&#39;cente]:</span> <span class='ocrx_word' id='word_1_88' title='bbox 898 550 1128 591; x_wconf 65' lang='lat' dir='ltr'>‘Separamini</span> <span class='ocrx_word' id='word_1_89' title='bbox 1151 562 1170 579; x_wconf 71' lang='grc' dir='ltr'>(ι</span> <span class='ocrx_word' id='word_1_90' title='bbox 1192 550 1414 581; x_wconf 71' lang='lat' dir='ltr'>tabernaculis</span> <span class='ocrx_word' id='word_1_91' title='bbox 1436 551 1599 580; x_wconf 72' lang='lat' dir='ltr'>hominnm</span> <span class='ocrx_word' id='word_1_92' title='bbox 1619 551 1752 581; x_wconf 78' lang='lat' dir='ltr'>istorum</span> 
     </span>
     <span class='ocr_line' id='line_1_18' title="bbox 105 599 1752 642; baseline 0 -10"><span class='ocrx_word' id='word_1_93' title='bbox 105 601 369 639; x_wconf 77' lang='lat' dir='ltr'>durissimorum,</span> <span class='ocrx_word' id='word_1_94' title='bbox 393 605 421 631; x_wconf 84' lang='lat' dir='ltr'>et</span> <span class='ocrx_word' id='word_1_95' title='bbox 437 599 535 631; x_wconf 77' lang='lat' dir='ltr'>nolite</span> <span class='ocrx_word' id='word_1_96' title='bbox 551 605 687 641; x_wconf 60' lang='lat' dir='ltr'>tangere</span> <span class='ocrx_word' id='word_1_97' title='bbox 703 600 742 630; x_wconf 81' lang='lat' dir='ltr'>ab</span> <span class='ocrx_word' id='word_1_98' title='bbox 760 601 918 640; x_wconf 74' lang='lat' dir='ltr'>omnibus,</span> <span class='ocrx_word' id='word_1_99' title='bbox 944 613 1026 642; x_wconf 74' lang='lat' dir='ltr'>quae</span> <span class='ocrx_word' id='word_1_100' title='bbox 1043 606 1119 632; x_wconf 79' lang='lat' dir='ltr'>sunt</span> <span class='ocrx_word' id='word_1_101' title='bbox 1142 603 1199 640; x_wconf 73' lang='lat' dir='ltr'>eis,</span> <span class='ocrx_word' id='word_1_102' title='bbox 1224 613 1262 632; x_wconf 83' lang='lat' dir='ltr'>ne</span> <span class='ocrx_word' id='word_1_103' title='bbox 1279 603 1374 633; x_wconf 74' lang='lat' dir='ltr'>simul</span> <span class='ocrx_word' id='word_1_104' title='bbox 1396 603 1539 642; x_wconf 45' lang='lat' dir='ltr'>pereatis</span> <span class='ocrx_word' id='word_1_105' title='bbox 1559 603 1592 632; x_wconf 84' lang='grc' dir='ltr'><strong><em>ιή</em></strong></span> <span class='ocrx_word' id='word_1_106' title='bbox 1611 603 1752 642; x_wconf 76' lang='lat' dir='ltr'>peccatis</span> 
     </span>
     <span class='ocr_line' id='line_1_19' title="bbox 105 651 1754 694; baseline 0 -11"><span class='ocrx_word' id='word_1_107' title='bbox 105 653 234 691; x_wconf 79' lang='lat' dir='ltr'>eorum&#39;,</span> <span class='ocrx_word' id='word_1_108' title='bbox 251 657 278 682; x_wconf 88' lang='lat' dir='ltr'>et</span> <span class='ocrx_word' id='word_1_109' title='bbox 295 652 400 693; x_wconf 74' lang='lat' dir='ltr'>quaeb</span> <span class='ocrx_word' id='word_1_110' title='bbox 417 652 622 683; x_wconf 68' lang='lat' dir='ltr'>conminutas</span> <span class='ocrx_word' id='word_1_111' title='bbox 635 651 800 682; x_wconf 75' lang='lat' dir='ltr'>Dominus</span> <span class='ocrx_word' id='word_1_112' title='bbox 812 663 875 693; x_wconf 72' lang='lat' dir='ltr'>pez·</span> <span class='ocrx_word' id='word_1_113' title='bbox 889 653 1161 693; x_wconf 64' lang='lat' dir='ltr'>stloysenfnerat,</span> <span class='ocrx_word' id='word_1_114' title='bbox 1180 653 1334 694; x_wconf 69' lang='lat' dir='ltr'>implevit,</span> <span class='ocrx_word' id='word_1_115' title='bbox 1352 658 1383 682; x_wconf 74' lang='lat' dir='ltr'>nt</span> <span class='ocrx_word' id='word_1_116' title='bbox 1401 654 1549 694; x_wconf 74' lang='lat' dir='ltr'>quisquis</span> <span class='ocrx_word' id='word_1_117' title='bbox 1566 664 1598 683; x_wconf 83' lang='lat' dir='ltr'>se</span> <span class='ocrx_word' id='word_1_118' title='bbox 1615 664 1635 682; x_wconf 83' lang='lat' dir='ltr'>a</span> <span class='ocrx_word' id='word_1_119' title='bbox 1655 652 1754 684; x_wconf 78' lang='lat' dir='ltr'>Chore</span> 
     </span>
     <span class='ocr_line' id='line_1_20' title="bbox 106 703 1754 745; baseline -0.001 -10"><span class='ocrx_word' id='word_1_120' title='bbox 106 708 133 735; x_wconf 84' lang='lat' dir='ltr'>et</span> <span class='ocrx_word' id='word_1_121' title='bbox 149 703 286 734; x_wconf 73' lang='lat' dir='ltr'>Dathan</span> <span class='ocrx_word' id='word_1_122' title='bbox 311 708 338 733; x_wconf 79' lang='lat' dir='ltr'>et</span> <span class='ocrx_word' id='word_1_123' title='bbox 353 703 481 734; x_wconf 77' lang='lat' dir='ltr'>Abiron</span> <span class='ocrx_word' id='word_1_124' title='bbox 506 714 570 734; x_wconf 82' lang='lat' dir='ltr'>non.</span> <span class='ocrx_word' id='word_1_125' title='bbox 594 708 792 744; x_wconf 77' lang='lat' dir='ltr'>separasset,</span> <span class='ocrx_word' id='word_1_126' title='bbox 811 709 960 744; x_wconf 69' lang='lat' dir='ltr'>poenasc</span> <span class='ocrx_word' id='word_1_127' title='bbox 980 716 1044 745; x_wconf 76' lang='lat' dir='ltr'>pro</span> <span class='ocrx_word' id='word_1_128' title='bbox 1068 704 1254 745; x_wconf 34' lang='lat' dir='ltr'>&#39;impietated</span> <span class='ocrx_word' id='word_1_129' title='bbox 1276 704 1483 745; x_wconf 63' lang='lat' dir='ltr'>persolveret.</span> <span class='ocrx_word' id='word_1_130' title='bbox 1524 703 1593 740; x_wconf 76' lang='lat' dir='ltr'>Quo</span> <span class='ocrx_word' id='word_1_131' title='bbox 1611 704 1754 744; x_wconf 73' lang='lat' dir='ltr'>eaeempco</span> 
     </span>
     <span class='ocr_line' id='line_1_21' title="bbox 108 754 1754 796; baseline -0.001 -10"><span class='ocrx_word' id='word_1_132' title='bbox 108 755 290 786; x_wconf 77' lang='lat' dir='ltr'>ostenditur</span> <span class='ocrx_word' id='word_1_133' title='bbox 317 759 345 785; x_wconf 80' lang='lat' dir='ltr'>et</span> <span class='ocrx_word' id='word_1_134' title='bbox 369 754 533 795; x_wconf 77' lang='lat' dir='ltr'>probatur</span> <span class='ocrx_word' id='word_1_135' title='bbox 561 755 715 786; x_wconf 68' lang='lat' dir='ltr'>obnoaeios</span> <span class='ocrx_word' id='word_1_136' title='bbox 746 760 875 786; x_wconf 76' lang='lat' dir='ltr'>omnese</span> <span class='ocrx_word' id='word_1_137' title='bbox 901 756 1018 796; x_wconf 77' lang='lat' dir='ltr'>culpae</span> <span class='ocrx_word' id='word_1_138' title='bbox 1048 761 1075 786; x_wconf 86' lang='lat' dir='ltr'>et</span> <span class='ocrx_word' id='word_1_139' title='bbox 1105 767 1229 796; x_wconf 75' lang='lat' dir='ltr'>poenae</span> <span class='ocrx_word' id='word_1_140' title='bbox 1249 756 1399 795; x_wconf 72' lang='lat' dir='ltr'>futuros,</span> <span class='ocrx_word' id='word_1_141' title='bbox 1428 757 1484 796; x_wconf 67' lang='lat' dir='ltr'>qni</span> <span class='ocrx_word' id='word_1_142' title='bbox 1506 767 1538 786; x_wconf 76' lang='lat' dir='ltr'>se</span> <span class='ocrx_word' id='word_1_143' title='bbox 1560 757 1754 786; x_wconf 73' lang='lat' dir='ltr'>scismaticis</span> 
     </span>
     <span class='ocr_line' id='line_1_22' title="bbox 107 806 1755 848; baseline -0.001 -10"><span class='ocrx_word' id='word_1_144' title='bbox 107 811 219 838; x_wconf 80' lang='lat' dir='ltr'>contra</span> <span class='ocrx_word' id='word_1_145' title='bbox 236 807 423 848; x_wconf 76' lang='lat' dir='ltr'>prepositos</span> <span class='ocrx_word' id='word_1_146' title='bbox 446 810 473 837; x_wconf 82' lang='lat' dir='ltr'>et</span> <span class='ocrx_word' id='word_1_147' title='bbox 495 806 679 837; x_wconf 76' lang='lat' dir='ltr'>sacerdotes</span> <span class='ocrx_word' id='word_1_148' title='bbox 703 806 894 848; x_wconf 65' lang='lat' dir='ltr'>irreligiosa</span> <span class='ocrx_word' id='word_1_149' title='bbox 919 809 1093 838; x_wconf 73' lang='lat' dir='ltr'>temeritate</span> <span class='ocrx_word' id='word_1_150' title='bbox 1117 808 1319 838; x_wconf 72' lang='lat' dir='ltr'>miscuerint.</span> <span class='ocrx_word' id='word_1_151' title='bbox 1364 806 1507 837; x_wconf 82' lang='lat' dir='ltr'>Caveant</span> <span class='ocrx_word' id='word_1_152' title='bbox 1538 818 1614 847; x_wconf 85' lang='lat' dir='ltr'>crgo</span> <span class='ocrx_word' id='word_1_153' title='bbox 1645 817 1755 837; x_wconf 87' lang='lat' dir='ltr'>omnes</span> 
     </span>
     <span class='ocr_line' id='line_1_23' title="bbox 107 857 1755 900; baseline -0.001 -11"><span class='ocrx_word' id='word_1_154' title='bbox 107 864 171 889; x_wconf 88' lang='lat' dir='ltr'>tam</span> <span class='ocrx_word' id='word_1_155' title='bbox 195 858 360 889; x_wconf 86' lang='lat' dir='ltr'>subiectus</span> <span class='ocrx_word' id='word_1_156' title='bbox 383 868 479 899; x_wconf 86' lang='lat' dir='ltr'>quam</span> <span class='ocrx_word' id='word_1_157' title='bbox 504 857 657 899; x_wconf 85' lang='lat' dir='ltr'>prelatus,</span> <span class='ocrx_word' id='word_1_158' title='bbox 681 863 744 889; x_wconf 85' lang='lat' dir='ltr'>tam</span> <span class='ocrx_word' id='word_1_159' title='bbox 771 858 924 889; x_wconf 79' lang='lat' dir='ltr'>secularis</span> <span class='ocrx_word' id='word_1_160' title='bbox 945 869 1041 900; x_wconf 78' lang='lat' dir='ltr'>quam</span> <span class='ocrx_word' id='word_1_161' title='bbox 1059 858 1238 899; x_wconf 80' lang='lat' dir='ltr'>religiosus,</span> <span class='ocrx_word' id='word_1_162' title='bbox 1263 870 1281 888; x_wconf 84' lang='lat' dir='ltr'>a</span> <span class='ocrx_word' id='word_1_163' title='bbox 1298 858 1522 888; x_wconf 86' lang='lat' dir='ltr'>communione</span> <span class='ocrx_word' id='word_1_164' title='bbox 1539 859 1755 888; x_wconf 77' lang='lat' dir='ltr'>excommuni-</span> 
     </span>
     <span class='ocr_line' id='line_1_24' title="bbox 107 908 1756 952; baseline -0.002 -11"><span class='ocrx_word' id='word_1_165' title='bbox 107 916 262 949; x_wconf 83' lang='lat' dir='ltr'>catorum,</span> <span class='ocrx_word' id='word_1_166' title='bbox 286 909 382 951; x_wconf 78' lang='lat' dir='ltr'>quiab</span> <span class='ocrx_word' id='word_1_167' title='bbox 406 908 512 939; x_wconf 89' lang='lat' dir='ltr'>nullus</span> <span class='ocrx_word' id='word_1_168' title='bbox 537 909 666 940; x_wconf 88' lang='lat' dir='ltr'>omnino</span> <span class='ocrx_word' id='word_1_169' title='bbox 691 910 864 952; x_wconf 83' lang='lat' dir='ltr'>excipitur,</span> <span class='ocrx_word' id='word_1_170' title='bbox 888 921 960 941; x_wconf 88' lang='lat' dir='ltr'>cum</span> <span class='ocrx_word' id='word_1_171' title='bbox 986 910 1136 941; x_wconf 86' lang='lat' dir='ltr'>omnibus</span> <span class='ocrx_word' id='word_1_172' title='bbox 1154 909 1336 940; x_wconf 86' lang='lat' dir='ltr'>huiusmodi</span> <span class='ocrx_word' id='word_1_173' title='bbox 1354 909 1536 940; x_wconf 87' lang='lat' dir='ltr'>communio</span> <span class='ocrx_word' id='word_1_174' title='bbox 1554 908 1613 939; x_wconf 86' lang='lat' dir='ltr'>sub</span> <span class='ocrx_word' id='word_1_175' title='bbox 1630 919 1756 939; x_wconf 84' lang='lat' dir='ltr'>excom-</span> 
     </span>
     <span class='ocr_line' id='line_1_25' title="bbox 108 960 1757 1003; baseline -0.002 -11"><span class='ocrx_word' id='word_1_176' title='bbox 108 961 330 993; x_wconf 82' lang='lat' dir='ltr'>municaeione</span> <span class='ocrx_word' id='word_1_177' title='bbox 353 960 394 992; x_wconf 85' lang='lat' dir='ltr'>ab</span> <span class='ocrx_word' id='word_1_178' title='bbox 418 961 498 1002; x_wconf 89' lang='lat' dir='ltr'>ipsis</span> <span class='ocrx_word' id='word_1_179' title='bbox 522 961 678 1003; x_wconf 85' lang='lat' dir='ltr'>apostolis</span> <span class='ocrx_word' id='word_1_180' title='bbox 702 961 904 992; x_wconf 79' lang='lat' dir='ltr'>interdicitur</span> <span class='ocrx_word' id='word_1_181' title='bbox 927 967 958 992; x_wconf 88' lang='lat' dir='ltr'>et</span> <span class='ocrx_word' id='word_1_182' title='bbox 980 962 1086 993; x_wconf 84' lang='lat' dir='ltr'>saltim</span> <span class='ocrx_word' id='word_1_183' title='bbox 1111 973 1182 992; x_wconf 91' lang='lat' dir='ltr'>cum</span> <span class='ocrx_word' id='word_1_184' title='bbox 1207 961 1494 992; x_wconf 79' lang='lat' dir='ltr'>excommunicatis</span> <span class='ocrx_word' id='word_1_185' title='bbox 1518 961 1620 1001; x_wconf 69' lang='lat' dir='ltr'>perire</span> <span class='ocrx_word' id='word_1_186' title='bbox 1648 961 1757 990; x_wconf 63' lang='lat' dir='ltr'>timea-</span> 
     </span>
     <span class='ocr_line' id='line_1_26' title="bbox 108 1013 1522 1054; baseline -0.002 -9"><span class='ocrx_word' id='word_1_187' title='bbox 108 1024 188 1052; x_wconf 83' lang='lat' dir='ltr'>mus,</span> <span class='ocrx_word' id='word_1_188' title='bbox 212 1013 239 1044; x_wconf 90' lang='lat' dir='ltr'>si</span> <span class='ocrx_word' id='word_1_189' title='bbox 261 1023 320 1044; x_wconf 91' lang='lat' dir='ltr'>nec</span> <span class='ocrx_word' id='word_1_190' title='bbox 345 1023 402 1054; x_wconf 91' lang='lat' dir='ltr'>pro</span> <span class='ocrx_word' id='word_1_191' title='bbox 427 1013 616 1044; x_wconf 87' lang='lat' dir='ltr'>reverencia</span> <span class='ocrx_word' id='word_1_192' title='bbox 639 1013 834 1054; x_wconf 85' lang='lat' dir='ltr'>apostolicae</span> <span class='ocrx_word' id='word_1_193' title='bbox 857 1013 1091 1044; x_wconf 82' lang='lat' dir='ltr'>interdictionis</span> <span class='ocrx_word' id='word_1_194' title='bbox 1115 1025 1171 1045; x_wconf 85' lang='lat' dir='ltr'>eos</span> <span class='ocrx_word' id='word_1_195' title='bbox 1194 1013 1338 1044; x_wconf 78' lang='lat' dir='ltr'>devitare</span> <span class='ocrx_word' id='word_1_196' title='bbox 1362 1023 1522 1042; x_wconf 86' lang='lat' dir='ltr'>curamus.</span> 
     </span>
    </p>

    <p class='ocr_par' dir='ltr' id='par_1_12' title="bbox 107 1062 1759 2504">
     <span class='ocr_line' id='line_1_27' title="bbox 214 1062 1756 1107; baseline -0.003 -12"><span class='ocrx_word' id='word_1_197' title='bbox 214 1065 281 1107; x_wconf 89' lang='lat' dir='ltr'>Ipsi</span> <span class='ocrx_word' id='word_1_198' title='bbox 310 1065 407 1096; x_wconf 89' lang='lat' dir='ltr'>etiam</span> <span class='ocrx_word' id='word_1_199' title='bbox 440 1065 730 1096; x_wconf 81' lang='lat' dir='ltr'>communicatores</span> <span class='ocrx_word' id='word_1_200' title='bbox 761 1066 1116 1097; x_wconf 80' lang='lat' dir='ltr'>excommunicatorum</span> <span class='ocrx_word' id='word_1_201' title='bbox 1149 1064 1315 1096; x_wconf 84' lang='lat' dir='ltr'>devitandi</span> <span class='ocrx_word' id='word_1_202' title='bbox 1352 1070 1441 1102; x_wconf 86' lang='lat' dir='ltr'>sunt,</span> <span class='ocrx_word' id='word_1_203' title='bbox 1477 1064 1535 1094; x_wconf 88' lang='lat' dir='ltr'>etsi</span> <span class='ocrx_word' id='word_1_204' title='bbox 1573 1062 1756 1093; x_wconf 84' lang='lat' dir='ltr'>communio</span> 
     </span>
     <span class='ocr_line' id='line_1_28' title="bbox 109 1113 1759 1149; baseline -0.003 -1"><span class='ocrx_word' id='word_1_205' title='bbox 109 1128 220 1148; x_wconf 87' lang='lat' dir='ltr'>eorum</span> <span class='ocrx_word' id='word_1_206' title='bbox 243 1127 307 1148; x_wconf 91' lang='lat' dir='ltr'>non</span> <span class='ocrx_word' id='word_1_207' title='bbox 331 1117 391 1148; x_wconf 92' lang='lat' dir='ltr'>sub</span> <span class='ocrx_word' id='word_1_208' title='bbox 415 1117 751 1148; x_wconf 80' lang='lat' dir='ltr'>excommunicatione</span> <span class='ocrx_word' id='word_1_209' title='bbox 776 1123 839 1148; x_wconf 83' lang='lat' dir='ltr'>tam</span> <span class='ocrx_word' id='word_1_210' title='bbox 864 1117 1030 1149; x_wconf 87' lang='lat' dir='ltr'>evidenter</span> <span class='ocrx_word' id='word_1_211' title='bbox 1052 1122 1086 1148; x_wconf 87' lang='lat' dir='ltr'>ut</span> <span class='ocrx_word' id='word_1_212' title='bbox 1109 1116 1460 1148; x_wconf 80' lang='lat' dir='ltr'>excommunicatorum</span> <span class='ocrx_word' id='word_1_213' title='bbox 1479 1115 1572 1146; x_wconf 86' lang='lat' dir='ltr'>nobis</span> <span class='ocrx_word' id='word_1_214' title='bbox 1588 1113 1759 1144; x_wconf 80' lang='lat' dir='ltr'>interdicta</span> 
     </span>
     <span class='ocr_line' id='line_1_29' title="bbox 107 1167 1756 1211; baseline -0.002 -12"><span class='ocrx_word' id='word_1_215' title='bbox 107 1168 243 1209; x_wconf 87' lang='lat' dir='ltr'>legatur.</span> <span class='ocrx_word' id='word_1_216' title='bbox 287 1167 369 1199; x_wconf 86' lang='lat' dir='ltr'>Nam</span> <span class='ocrx_word' id='word_1_217' title='bbox 393 1168 425 1198; x_wconf 92' lang='lat' dir='ltr'>in</span> <span class='ocrx_word' id='word_1_218' title='bbox 450 1169 551 1199; x_wconf 87' lang='lat' dir='ltr'>sacris</span> <span class='ocrx_word' id='word_1_219' title='bbox 575 1169 754 1200; x_wconf 85' lang='lat' dir='ltr'>canonibus</span> <span class='ocrx_word' id='word_1_220' title='bbox 778 1179 989 1210; x_wconf 80' lang='lat' dir='ltr'>sepenumero</span> <span class='ocrx_word' id='word_1_221' title='bbox 1013 1169 1207 1211; x_wconf 74' lang='lat' dir='ltr'>repperitur,</span> <span class='ocrx_word' id='word_1_222' title='bbox 1239 1174 1273 1198; x_wconf 90' lang='lat' dir='ltr'>ut</span> <span class='ocrx_word' id='word_1_223' title='bbox 1302 1168 1357 1209; x_wconf 91' lang='lat' dir='ltr'>qui</span> <span class='ocrx_word' id='word_1_224' title='bbox 1386 1167 1601 1198; x_wconf 77' lang='lat' dir='ltr'>communicat</span> <span class='ocrx_word' id='word_1_225' title='bbox 1629 1176 1756 1196; x_wconf 80' lang='lat' dir='ltr'>excom-</span> 
     </span>
     <span class='ocr_line' id='line_1_30' title="bbox 107 1217 1756 1262; baseline -0.003 -11"><span class='ocrx_word' id='word_1_226' title='bbox 107 1221 271 1251; x_wconf 85' lang='lat' dir='ltr'>municato</span> <span class='ocrx_word' id='word_1_227' title='bbox 295 1221 612 1259; x_wconf 82' lang='lat' dir='ltr'>excommunicetur3</span> <span class='ocrx_word' id='word_1_228' title='bbox 644 1231 702 1251; x_wconf 90' lang='lat' dir='ltr'>nec</span> <span class='ocrx_word' id='word_1_229' title='bbox 732 1220 862 1251; x_wconf 79' lang='lat' dir='ltr'>tamens</span> <span class='ocrx_word' id='word_1_230' title='bbox 892 1220 935 1252; x_wconf 92' lang='lat' dir='ltr'>ibi</span> <span class='ocrx_word' id='word_1_231' title='bbox 964 1221 1147 1262; x_wconf 81' lang='lat' dir='ltr'>specialiter</span> <span class='ocrx_word' id='word_1_232' title='bbox 1175 1220 1324 1259; x_wconf 84' lang='lat' dir='ltr'>adicitur,</span> <span class='ocrx_word' id='word_1_233' title='bbox 1354 1224 1389 1250; x_wconf 88' lang='lat' dir='ltr'>ut</span> <span class='ocrx_word' id='word_1_234' title='bbox 1417 1225 1448 1250; x_wconf 90' lang='lat' dir='ltr'>et</span> <span class='ocrx_word' id='word_1_235' title='bbox 1476 1217 1756 1249; x_wconf 82' lang='lat' dir='ltr'>communicatoris</span> 
     </span>
     <span class='ocr_line' id='line_1_31' title="bbox 108 1269 1755 1314; baseline -0.002 -12"><span class='ocrx_word' id='word_1_236' title='bbox 108 1272 361 1303; x_wconf 86' lang='lat' dir='ltr'>communicator</span> <span class='ocrx_word' id='word_1_237' title='bbox 384 1271 444 1303; x_wconf 89' lang='lat' dir='ltr'>sub</span> <span class='ocrx_word' id='word_1_238' title='bbox 469 1272 809 1303; x_wconf 85' lang='lat' dir='ltr'>excommunicacione</span> <span class='ocrx_word' id='word_1_239' title='bbox 833 1272 1038 1314; x_wconf 84' lang='lat' dir='ltr'>dampnetur.</span> <span class='ocrx_word' id='word_1_240' title='bbox 1084 1272 1208 1313; x_wconf 88' lang='lat' dir='ltr'>Nempe</span> <span class='ocrx_word' id='word_1_241' title='bbox 1226 1271 1336 1311; x_wconf 79' lang='lat' dir='ltr'>multa,</span> <span class='ocrx_word' id='word_1_242' title='bbox 1360 1272 1458 1301; x_wconf 89' lang='lat' dir='ltr'>immo</span> <span class='ocrx_word' id='word_1_243' title='bbox 1476 1269 1567 1312; x_wconf 87' lang='lat' dir='ltr'>plura</span> <span class='ocrx_word' id='word_1_244' title='bbox 1584 1274 1657 1299; x_wconf 89' lang='lat' dir='ltr'>sunt</span> <span class='ocrx_word' id='word_1_245' title='bbox 1673 1279 1755 1310; x_wconf 86' lang='lat' dir='ltr'>quae</span> 
     </span>
     <span class='ocr_line' id='line_1_32' title="bbox 108 1319 1756 1366; baseline -0.002 -12"><span class='ocrx_word' id='word_1_246' title='bbox 108 1334 265 1366; x_wconf 84' lang='lat' dir='ltr'>nusquam</span> <span class='ocrx_word' id='word_1_247' title='bbox 290 1322 340 1355; x_wconf 86' lang='lat' dir='ltr'>vel</span> <span class='ocrx_word' id='word_1_248' title='bbox 363 1322 423 1354; x_wconf 86' lang='lat' dir='ltr'>sub</span> <span class='ocrx_word' id='word_1_249' title='bbox 447 1323 578 1366; x_wconf 85' lang='lat' dir='ltr'>speciali</span> <span class='ocrx_word' id='word_1_250' title='bbox 602 1323 827 1366; x_wconf 85' lang='lat' dir='ltr'>prohibicione</span> <span class='ocrx_word' id='word_1_251' title='bbox 851 1324 969 1355; x_wconf 86' lang='lat' dir='ltr'>nedum</span> <span class='ocrx_word' id='word_1_252' title='bbox 994 1324 1336 1356; x_wconf 74' lang='lat' dir='ltr'>exeommunicaeione</span> <span class='ocrx_word' id='word_1_253' title='bbox 1353 1322 1446 1353; x_wconf 87' lang='lat' dir='ltr'>nobis</span> <span class='ocrx_word' id='word_1_254' title='bbox 1464 1320 1624 1364; x_wconf 78' lang='lat' dir='ltr'>prohibita</span> <span class='ocrx_word' id='word_1_255' title='bbox 1648 1319 1756 1361; x_wconf 81' lang='lat' dir='ltr'>legun-</span> 
     </span>
     <span class='ocr_line' id='line_1_33' title="bbox 108 1370 1755 1418; baseline -0.003 -12"><span class='ocrx_word' id='word_1_256' title='bbox 108 1380 168 1414; x_wconf 88' lang='lat' dir='ltr'>tur,</span> <span class='ocrx_word' id='word_1_257' title='bbox 191 1379 226 1406; x_wconf 89' lang='lat' dir='ltr'>ut</span> <span class='ocrx_word' id='word_1_258' title='bbox 248 1385 378 1406; x_wconf 86' lang='lat' dir='ltr'>carnem</span> <span class='ocrx_word' id='word_1_259' title='bbox 409 1375 579 1407; x_wconf 86' lang='lat' dir='ltr'>comedere</span> <span class='ocrx_word' id='word_1_260' title='bbox 602 1376 634 1407; x_wconf 90' lang='lat' dir='ltr'>in</span> <span class='ocrx_word' id='word_1_261' title='bbox 663 1386 840 1418; x_wconf 85' lang='lat' dir='ltr'>parasceue</span> <span class='ocrx_word' id='word_1_262' title='bbox 872 1381 903 1408; x_wconf 89' lang='lat' dir='ltr'>et</span> <span class='ocrx_word' id='word_1_263' title='bbox 932 1376 996 1407; x_wconf 77' lang='lat' dir='ltr'>alia</span> <span class='ocrx_word' id='word_1_264' title='bbox 1019 1375 1215 1416; x_wconf 85' lang='lat' dir='ltr'>huiusmodi,</span> <span class='ocrx_word' id='word_1_265' title='bbox 1246 1385 1328 1417; x_wconf 80' lang='lat' dir='ltr'>quae</span> <span class='ocrx_word' id='word_1_266' title='bbox 1351 1380 1459 1405; x_wconf 85' lang='lat' dir='ltr'>tamen</span> <span class='ocrx_word' id='word_1_267' title='bbox 1482 1383 1540 1415; x_wconf 90' lang='lat' dir='ltr'>pro</span> <span class='ocrx_word' id='word_1_268' title='bbox 1563 1371 1631 1403; x_wconf 78' lang='lat' dir='ltr'>sola</span> <span class='ocrx_word' id='word_1_269' title='bbox 1653 1370 1755 1402; x_wconf 84' lang='lat' dir='ltr'>eccle-</span> 
     </span>
     <span class='ocr_line' id='line_1_34' title="bbox 107 1423 1758 1469; baseline -0.003 -11"><span class='ocrx_word' id='word_1_270' title='bbox 107 1427 238 1458; x_wconf 85' lang='lat' dir='ltr'>siastica</span> <span class='ocrx_word' id='word_1_271' title='bbox 261 1426 493 1458; x_wconf 86' lang='lat' dir='ltr'>consuetudine</span> <span class='ocrx_word' id='word_1_272' title='bbox 518 1428 700 1459; x_wconf 87' lang='lat' dir='ltr'>necessario</span> <span class='ocrx_word' id='word_1_273' title='bbox 725 1427 917 1468; x_wconf 83' lang='lat' dir='ltr'>devitamus,</span> <span class='ocrx_word' id='word_1_274' title='bbox 947 1439 986 1459; x_wconf 89' lang='lat' dir='ltr'>ne</span> <span class='ocrx_word' id='word_1_275' title='bbox 1018 1429 1110 1459; x_wconf 80' lang='lat' dir='ltr'>iuxta</span> <span class='ocrx_word' id='word_1_276' title='bbox 1133 1427 1351 1469; x_wconf 84' lang='lat' dir='ltr'>Augustinum</span> <span class='ocrx_word' id='word_1_277' title='bbox 1381 1425 1422 1456; x_wconf 86' lang='lat' dir='ltr'>ad</span> <span class='ocrx_word' id='word_1_278' title='bbox 1447 1423 1641 1456; x_wconf 84' lang='lat' dir='ltr'>Casulanum</span> <span class='ocrx_word' id='word_1_279' title='bbox 1673 1434 1758 1465; x_wconf 85' lang='lat' dir='ltr'>pres-</span> 
     </span>
     <span class='ocr_line' id='line_1_35' title="bbox 108 1474 1759 1522; baseline -0.003 -13"><span class='ocrx_word' id='word_1_280' title='bbox 108 1477 260 1520; x_wconf 85' lang='lat' dir='ltr'>byterum</span> <span class='ocrx_word' id='word_1_281' title='bbox 284 1483 320 1509; x_wconf 87' lang='lat' dir='ltr'>ut</span> <span class='ocrx_word' id='word_1_282' title='bbox 342 1479 598 1520; x_wconf 80' lang='lat' dir='ltr'>prevaricatores</span> <span class='ocrx_word' id='word_1_283' title='bbox 615 1479 743 1511; x_wconf 86' lang='lat' dir='ltr'>divinae</span> <span class='ocrx_word' id='word_1_284' title='bbox 760 1479 840 1522; x_wconf 83' lang='lat' dir='ltr'>legis</span> <span class='ocrx_word' id='word_1_285' title='bbox 857 1480 1068 1511; x_wconf 65' lang='lat' dir='ltr'>iudieemurz.</span> <span class='ocrx_word' id='word_1_286' title='bbox 1115 1478 1149 1511; x_wconf 87' lang='lat' dir='ltr'>Si</span> <span class='ocrx_word' id='word_1_287' title='bbox 1174 1490 1251 1520; x_wconf 75' lang='lat' dir='ltr'>ergo</span> <span class='ocrx_word' id='word_1_288' title='bbox 1275 1477 1414 1520; x_wconf 89' lang='lat' dir='ltr'>plurima</span> <span class='ocrx_word' id='word_1_289' title='bbox 1437 1487 1494 1518; x_wconf 89' lang='lat' dir='ltr'>pro</span> <span class='ocrx_word' id='word_1_290' title='bbox 1519 1475 1587 1507; x_wconf 88' lang='lat' dir='ltr'>sola</span> <span class='ocrx_word' id='word_1_291' title='bbox 1610 1474 1759 1506; x_wconf 84' lang='lat' dir='ltr'>ccclesia-</span> 
     </span>
     <span class='ocr_line' id='line_1_36' title="bbox 108 1525 1758 1573; baseline -0.003 -12"><span class='ocrx_word' id='word_1_292' title='bbox 108 1530 189 1562; x_wconf 85' lang='lat' dir='ltr'>stica</span> <span class='ocrx_word' id='word_1_293' title='bbox 213 1530 446 1561; x_wconf 88' lang='lat' dir='ltr'>consuetudine</span> <span class='ocrx_word' id='word_1_294' title='bbox 470 1530 662 1572; x_wconf 78' lang='lat' dir='ltr'>devitamus,</span> <span class='ocrx_word' id='word_1_295' title='bbox 687 1537 807 1573; x_wconf 83' lang='lat' dir='ltr'>quanto</span> <span class='ocrx_word' id='word_1_296' title='bbox 831 1532 934 1573; x_wconf 85' lang='lat' dir='ltr'>magis</span> <span class='ocrx_word' id='word_1_297' title='bbox 958 1531 1047 1572; x_wconf 88' lang='lat' dir='ltr'>illud,</span> <span class='ocrx_word' id='word_1_298' title='bbox 1071 1531 1158 1573; x_wconf 86' lang='lat' dir='ltr'>quod</span> <span class='ocrx_word' id='word_1_299' title='bbox 1181 1541 1200 1561; x_wconf 84' lang='lat' dir='ltr'>a</span> <span class='ocrx_word' id='word_1_300' title='bbox 1224 1530 1341 1561; x_wconf 84' lang='lat' dir='ltr'>sanctis</span> <span class='ocrx_word' id='word_1_301' title='bbox 1357 1528 1505 1570; x_wconf 87' lang='lat' dir='ltr'>patribus</span> <span class='ocrx_word' id='word_1_302' title='bbox 1529 1528 1589 1558; x_wconf 85' lang='lat' dir='ltr'>etsi</span> <span class='ocrx_word' id='word_1_303' title='bbox 1612 1537 1676 1557; x_wconf 87' lang='lat' dir='ltr'>non</span> <span class='ocrx_word' id='word_1_304' title='bbox 1699 1525 1758 1556; x_wconf 86' lang='lat' dir='ltr'>sub</span> 
     </span>
     <span class='ocr_line' id='line_1_37' title="bbox 107 1578 1759 1626; baseline -0.004 -12"><span class='ocrx_word' id='word_1_305' title='bbox 107 1583 456 1623; x_wconf 81' lang='lat' dir='ltr'>excommunicacione,</span> <span class='ocrx_word' id='word_1_306' title='bbox 480 1587 587 1614; x_wconf 85' lang='lat' dir='ltr'>tamen</span> <span class='ocrx_word' id='word_1_307' title='bbox 611 1583 795 1615; x_wconf 82' lang='lat' dir='ltr'>firmissime</span> <span class='ocrx_word' id='word_1_308' title='bbox 819 1584 1038 1626; x_wconf 82' lang='lat' dir='ltr'>proscriptum</span> <span class='ocrx_word' id='word_1_309' title='bbox 1063 1582 1286 1624; x_wconf 84' lang='lat' dir='ltr'>cognovimus,</span> <span class='ocrx_word' id='word_1_310' title='bbox 1309 1580 1433 1612; x_wconf 87' lang='lat' dir='ltr'>scilicet</span> <span class='ocrx_word' id='word_1_311' title='bbox 1454 1591 1493 1610; x_wconf 90' lang='lat' dir='ltr'>ne</span> <span class='ocrx_word' id='word_1_312' title='bbox 1510 1578 1759 1610; x_wconf 86' lang='lat' dir='ltr'>communicato-</span> 
     </span>
     <span class='ocr_line' id='line_1_38' title="bbox 108 1629 1757 1674; baseline -0.004 -10"><span class='ocrx_word' id='word_1_313' title='bbox 108 1634 198 1665; x_wconf 88' lang='lat' dir='ltr'>ribus</span> <span class='ocrx_word' id='word_1_314' title='bbox 221 1635 577 1666; x_wconf 85' lang='lat' dir='ltr'>excommunicatorum</span> <span class='ocrx_word' id='word_1_315' title='bbox 602 1636 890 1667; x_wconf 87' lang='lat' dir='ltr'>communicemus.</span> <span class='ocrx_word' id='word_1_316' title='bbox 941 1635 1024 1665; x_wconf 83' lang='lat' dir='ltr'>Nam</span> <span class='ocrx_word' id='word_1_317' title='bbox 1049 1634 1162 1666; x_wconf 87' lang='lat' dir='ltr'>beatus</span> <span class='ocrx_word' id='word_1_318' title='bbox 1190 1633 1339 1664; x_wconf 83' lang='lat' dir='ltr'>Gelasius</span> <span class='ocrx_word' id='word_1_319' title='bbox 1363 1642 1459 1674; x_wconf 89' lang='lat' dir='ltr'>papa,</span> <span class='ocrx_word' id='word_1_320' title='bbox 1491 1631 1545 1673; x_wconf 86' lang='lat' dir='ltr'>qui</span> <span class='ocrx_word' id='word_1_321' title='bbox 1569 1635 1600 1661; x_wconf 88' lang='lat' dir='ltr'>et</span> <span class='ocrx_word' id='word_1_322' title='bbox 1622 1629 1757 1660; x_wconf 86' lang='lat' dir='ltr'>aliorum</span> 
     </span>
     <span class='ocr_line' id='line_1_39' title="bbox 109 1681 1759 1729; baseline -0.003 -13"><span class='ocrx_word' id='word_1_323' title='bbox 109 1690 289 1717; x_wconf 85' lang='lat' dir='ltr'>sanctorum</span> <span class='ocrx_word' id='word_1_324' title='bbox 319 1687 439 1728; x_wconf 84' lang='lat' dir='ltr'>scripta</span> <span class='ocrx_word' id='word_1_325' title='bbox 461 1686 640 1729; x_wconf 80' lang='lat' dir='ltr'>apostoliea</span> <span class='ocrx_word' id='word_1_326' title='bbox 663 1687 854 1718; x_wconf 84' lang='lat' dir='ltr'>auctoritate</span> <span class='ocrx_word' id='word_1_327' title='bbox 878 1687 1094 1727; x_wconf 80' lang='lat' dir='ltr'>canonizavit,</span> <span class='ocrx_word' id='word_1_328' title='bbox 1124 1685 1269 1717; x_wconf 87' lang='lat' dir='ltr'>scribens</span> <span class='ocrx_word' id='word_1_329' title='bbox 1292 1684 1332 1716; x_wconf 84' lang='lat' dir='ltr'>ad</span> <span class='ocrx_word' id='word_1_330' title='bbox 1357 1684 1528 1726; x_wconf 87' lang='lat' dir='ltr'>episcopos</span> <span class='ocrx_word' id='word_1_331' title='bbox 1552 1681 1759 1712; x_wconf 43' lang='lat' dir='ltr'>Dardania&amp;</span> 
     </span>
     <span class='ocr_line' id='line_1_40' title="bbox 109 1734 1759 1781; baseline -0.003 -13"><span class='ocrx_word' id='word_1_332' title='bbox 109 1736 192 1768; x_wconf 75' lang='lat' dir='ltr'>hunc</span> <span class='ocrx_word' id='word_1_333' title='bbox 215 1739 411 1769; x_wconf 87' lang='lat' dir='ltr'>sentenciam</span> <span class='ocrx_word' id='word_1_334' title='bbox 436 1738 670 1781; x_wconf 83' lang='lat' dir='ltr'>promulgavit:</span> <span class='ocrx_word' id='word_1_335' title='bbox 694 1738 819 1778; x_wconf 73' lang='lat' dir='ltr'>Nz&#39;elzil,</span> <span class='ocrx_word' id='word_1_336' title='bbox 843 1739 957 1781; x_wconf 83' lang='lat' dir='ltr'>inquit,</span> <span class='ocrx_word' id='word_1_337' title='bbox 981 1738 1072 1770; x_wconf 53' lang='lat' dir='ltr'>&#39;nobis</span> <span class='ocrx_word' id='word_1_338' title='bbox 1095 1748 1259 1769; x_wconf 78' lang='lat' dir='ltr'>commune</span> <span class='ocrx_word' id='word_1_339' title='bbox 1275 1748 1346 1767; x_wconf 83' lang='lat' dir='ltr'>cnm</span> <span class='ocrx_word' id='word_1_340' title='bbox 1364 1735 1546 1766; x_wconf 77' lang='lat' dir='ltr'>hominibus</span> <span class='ocrx_word' id='word_1_341' title='bbox 1562 1734 1759 1765; x_wconf 75' lang='lat' dir='ltr'>communio-</span> 
     </span>
     <span class='ocr_line' id='line_1_41' title="bbox 109 1784 1759 1833; baseline -0.004 -14"><span class='ocrx_word' id='word_1_342' title='bbox 109 1790 161 1821; x_wconf 81' lang='lat' dir='ltr'>nis</span> <span class='ocrx_word' id='word_1_343' title='bbox 183 1794 346 1831; x_wconf 73' lang='lat' dir='ltr'>externae,</span> <span class='ocrx_word' id='word_1_344' title='bbox 369 1790 401 1820; x_wconf 92' lang='lat' dir='ltr'>in</span> <span class='ocrx_word' id='word_1_345' title='bbox 426 1789 474 1821; x_wconf 90' lang='lat' dir='ltr'>his</span> <span class='ocrx_word' id='word_1_346' title='bbox 498 1791 653 1833; x_wconf 90' lang='lat' dir='ltr'>precipue</span> <span class='ocrx_word' id='word_1_347' title='bbox 676 1790 784 1832; x_wconf 87' lang='lat' dir='ltr'>rebus,</span> <span class='ocrx_word' id='word_1_348' title='bbox 807 1801 887 1833; x_wconf 84' lang='lat' dir='ltr'>quas</span> <span class='ocrx_word' id='word_1_349' title='bbox 911 1795 1040 1821; x_wconf 86' lang='lat' dir='ltr'>sanctos</span> <span class='ocrx_word' id='word_1_350' title='bbox 1064 1795 1172 1832; x_wconf 85' lang='lat' dir='ltr'>patres</span> <span class='ocrx_word' id='word_1_351' title='bbox 1196 1788 1290 1820; x_wconf 87' lang='lat' dir='ltr'>nobis</span> <span class='ocrx_word' id='word_1_352' title='bbox 1313 1786 1517 1829; x_wconf 83' lang='lat' dir='ltr'>prohibuisse</span> <span class='ocrx_word' id='word_1_353' title='bbox 1541 1784 1759 1826; x_wconf 85' lang='lat' dir='ltr'>cognovimus.</span> 
     </span>
     <span class='ocr_line' id='line_1_42' title="bbox 110 1836 1755 1884; baseline -0.005 -12"><span class='ocrx_word' id='word_1_354' title='bbox 110 1840 198 1872; x_wconf 86' lang='lat' dir='ltr'>Idem</span> <span class='ocrx_word' id='word_1_355' title='bbox 230 1841 262 1872; x_wconf 88' lang='lat' dir='ltr'>in</span> <span class='ocrx_word' id='word_1_356' title='bbox 293 1841 520 1884; x_wconf 86' lang='lat' dir='ltr'>sequentibus:</span> <span class='ocrx_word' id='word_1_357' title='bbox 555 1842 645 1878; x_wconf 73' lang='lat' dir='ltr'>Quid</span> <span class='ocrx_word' id='word_1_358' title='bbox 676 1844 779 1883; x_wconf 71' lang='lat' dir='ltr'>iuvat,</span> <span class='ocrx_word' id='word_1_359' title='bbox 810 1844 840 1874; x_wconf 59' lang='lat' dir='ltr'>sc·</span> <span class='ocrx_word' id='word_1_360' title='bbox 869 1844 942 1884; x_wconf 79' lang='lat' dir='ltr'>quis</span> <span class='ocrx_word' id='word_1_361' title='bbox 972 1842 1076 1873; x_wconf 75' lang='lat' dir='ltr'>alicui</span> <span class='ocrx_word' id='word_1_362' title='bbox 1106 1840 1306 1871; x_wconf 71' lang='lat' dir='ltr'>evidenciori</span> <span class='ocrx_word' id='word_1_363' title='bbox 1331 1839 1467 1870; x_wconf 78' lang='lat' dir='ltr'>heretico</span> <span class='ocrx_word' id='word_1_364' title='bbox 1493 1849 1558 1868; x_wconf 86' lang='lat' dir='ltr'>non</span> <span class='ocrx_word' id='word_1_365' title='bbox 1581 1836 1755 1867; x_wconf 76' lang='lat' dir='ltr'>communi-</span> 
     </span>
     <span class='ocr_line' id='line_1_43' title="bbox 110 1886 1758 1936; baseline -0.005 -13"><span class='ocrx_word' id='word_1_366' title='bbox 110 1898 178 1924; x_wconf 59' lang='lat' dir='ltr'>cet&amp;</span> <span class='ocrx_word' id='word_1_367' title='bbox 199 1898 227 1924; x_wconf 82' lang='lat' dir='ltr'>et</span> <span class='ocrx_word' id='word_1_368' title='bbox 251 1893 303 1924; x_wconf 75' lang='lat' dir='ltr'>his</span> <span class='ocrx_word' id='word_1_369' title='bbox 325 1898 431 1925; x_wconf 82' lang='lat' dir='ltr'>tamen</span> <span class='ocrx_word' id='word_1_370' title='bbox 456 1895 679 1926; x_wconf 81' lang='lat' dir='ltr'>communione</span> <span class='ocrx_word' id='word_1_371' title='bbox 703 1896 877 1936; x_wconf 70' lang='lat' dir='ltr'>iunyatur,</span> <span class='ocrx_word' id='word_1_372' title='bbox 901 1895 957 1935; x_wconf 74' lang='lat' dir='ltr'>qui</span> <span class='ocrx_word' id='word_1_373' title='bbox 981 1893 1020 1924; x_wconf 76' lang='lat' dir='ltr'>ab</span> <span class='ocrx_word' id='word_1_374' title='bbox 1046 1892 1158 1924; x_wconf 74' lang='lat' dir='ltr'>illius¹1</span> <span class='ocrx_word' id='word_1_375' title='bbox 1182 1902 1246 1922; x_wconf 74' lang='lat' dir='ltr'>vnon</span> <span class='ocrx_word' id='word_1_376' title='bbox 1271 1895 1347 1921; x_wconf 81' lang='lat' dir='ltr'>sunt</span> <span class='ocrx_word' id='word_1_377' title='bbox 1370 1890 1592 1921; x_wconf 75' lang='lat' dir='ltr'>communione</span> <span class='ocrx_word' id='word_1_378' title='bbox 1615 1886 1758 1918; x_wconf 72' lang='lat' dir='ltr'>diversi?</span> 
     </span>
     <span class='ocr_line' id='line_1_44' title="bbox 109 1939 1756 1988; baseline -0.005 -12"><span class='ocrx_word' id='word_1_379' title='bbox 109 1944 157 1976; x_wconf 86' lang='lat' dir='ltr'>Ne</span> <span class='ocrx_word' id='word_1_380' title='bbox 181 1945 253 1987; x_wconf 87' lang='lat' dir='ltr'>quis</span> <span class='ocrx_word' id='word_1_381' title='bbox 275 1950 383 1977; x_wconf 82' lang='lat' dir='ltr'>autem</span> <span class='ocrx_word' id='word_1_382' title='bbox 409 1945 489 1976; x_wconf 83' lang='lat' dir='ltr'>hane</span> <span class='ocrx_word' id='word_1_383' title='bbox 512 1946 709 1977; x_wconf 88' lang='lat' dir='ltr'>sentenciam</span> <span class='ocrx_word' id='word_1_384' title='bbox 734 1945 827 1988; x_wconf 82' lang='lat' dir='ltr'>quasi</span> <span class='ocrx_word' id='word_1_385' title='bbox 851 1946 957 1976; x_wconf 87' lang='lat' dir='ltr'>minus</span> <span class='ocrx_word' id='word_1_386' title='bbox 981 1949 1083 1976; x_wconf 84' lang='lat' dir='ltr'>ratam</span> <span class='ocrx_word' id='word_1_387' title='bbox 1107 1947 1324 1984; x_wconf 85' lang='lat' dir='ltr'>contempnat,</span> <span class='ocrx_word' id='word_1_388' title='bbox 1355 1952 1394 1972; x_wconf 94' lang='lat' dir='ltr'>eo</span> <span class='ocrx_word' id='word_1_389' title='bbox 1425 1939 1511 1982; x_wconf 85' lang='lat' dir='ltr'>quod</span> <span class='ocrx_word' id='word_1_390' title='bbox 1539 1950 1675 1981; x_wconf 88' lang='lat' dir='ltr'>poenam</span> <span class='ocrx_word' id='word_1_391' title='bbox 1704 1949 1756 1968; x_wconf 81' lang='lat' dir='ltr'>ex-</span> 
     </span>
     <span class='ocr_line' id='line_1_45' title="bbox 110 1988 1757 2039; baseline -0.005 -12"><span class='ocrx_word' id='word_1_392' title='bbox 110 1997 418 2028; x_wconf 84' lang='lat' dir='ltr'>communicacionis</span> <span class='ocrx_word' id='word_1_393' title='bbox 449 1997 632 2039; x_wconf 84' lang='lat' dir='ltr'>specialiter</span> <span class='ocrx_word' id='word_1_394' title='bbox 659 1998 850 2039; x_wconf 85' lang='lat' dir='ltr'>asscriptam</span> <span class='ocrx_word' id='word_1_395' title='bbox 883 2007 946 2027; x_wconf 92' lang='lat' dir='ltr'>non</span> <span class='ocrx_word' id='word_1_396' title='bbox 974 1995 1101 2034; x_wconf 85' lang='lat' dir='ltr'>habeat,</span> <span class='ocrx_word' id='word_1_397' title='bbox 1132 1993 1303 2035; x_wconf 83' lang='lat' dir='ltr'>diligenter</span> <span class='ocrx_word' id='word_1_398' title='bbox 1332 1992 1507 2031; x_wconf 66' lang='lat' dir='ltr'>attendati,</span> <span class='ocrx_word' id='word_1_399' title='bbox 1539 1990 1615 2033; x_wconf 85' lang='lat' dir='ltr'>quid</span> <span class='ocrx_word' id='word_1_400' title='bbox 1645 1988 1757 2020; x_wconf 87' lang='lat' dir='ltr'>beatus</span> 
     </span>
     <span class='ocr_line' id='line_1_46' title="bbox 110 2041 1757 2091; baseline -0.005 -12"><span class='ocrx_word' id='word_1_401' title='bbox 110 2047 261 2079; x_wconf 85' lang='lat' dir='ltr'>Nicolaus</span> <span class='ocrx_word' id='word_1_402' title='bbox 276 2059 361 2091; x_wconf 85' lang='lat' dir='ltr'>papa</span> <span class='ocrx_word' id='word_1_403' title='bbox 378 2049 500 2091; x_wconf 86' lang='lat' dir='ltr'>primus</span> <span class='ocrx_word' id='word_1_404' title='bbox 510 2050 553 2071; x_wconf 53' lang='grc' dir='ltr'>ΙΝ</span> <span class='ocrx_word' id='word_1_405' title='bbox 575 2049 718 2091; x_wconf 84' lang='lat' dir='ltr'>generali</span> <span class='ocrx_word' id='word_1_406' title='bbox 742 2048 867 2090; x_wconf 84' lang='lat' dir='ltr'>synodo</span> <span class='ocrx_word' id='word_1_407' title='bbox 885 2047 1064 2090; x_wconf 85' lang='lat' dir='ltr'>presidens,</span> <span class='ocrx_word' id='word_1_408' title='bbox 1088 2045 1229 2088; x_wconf 83' lang='lat' dir='ltr'>generali</span> <span class='ocrx_word' id='word_1_409' title='bbox 1253 2044 1398 2076; x_wconf 87' lang='lat' dir='ltr'>eiusdem</span> <span class='ocrx_word' id='word_1_410' title='bbox 1423 2042 1537 2085; x_wconf 80' lang='lat' dir='ltr'>synodi</span> <span class='ocrx_word' id='word_1_411' title='bbox 1562 2041 1681 2072; x_wconf 86' lang='lat' dir='ltr'>iudicio</span> <span class='ocrx_word' id='word_1_412' title='bbox 1705 2041 1757 2071; x_wconf 88' lang='lat' dir='ltr'>de-</span> 
     </span>
     <span class='ocr_line' id='line_1_47' title="bbox 112 2095 1756 2143; baseline -0.005 -13"><span class='ocrx_word' id='word_1_413' title='bbox 112 2106 234 2132; x_wconf 83' lang='lat' dir='ltr'>cernat:</span> <span class='ocrx_word' id='word_1_414' title='bbox 266 2100 305 2132; x_wconf 80' lang='lat' dir='ltr'>Si</span> <span class='ocrx_word' id='word_1_415' title='bbox 328 2102 414 2143; x_wconf 80' lang='lat' dir='ltr'>quis,</span> <span class='ocrx_word' id='word_1_416' title='bbox 443 2101 558 2143; x_wconf 89' lang='lat' dir='ltr'>inquit,</span> <span class='ocrx_word' id='word_1_417' title='bbox 588 2102 756 2143; x_wconf 74' lang='lat' dir='ltr'>doymatcz,</span> <span class='ocrx_word' id='word_1_418' title='bbox 780 2100 953 2139; x_wconf 79' lang='lat' dir='ltr'>mandata,</span> <span class='ocrx_word' id='word_1_419' title='bbox 976 2098 1163 2137; x_wconf 76' lang='lat' dir='ltr'>interdicta,</span> <span class='ocrx_word' id='word_1_420' title='bbox 1191 2098 1375 2128; x_wconf 74' lang='lat' dir='ltr'>sanctiones</span> <span class='ocrx_word' id='word_1_421' title='bbox 1399 2097 1466 2126; x_wconf 75' lang='lat' dir='ltr'>sive</span> <span class='ocrx_word' id='word_1_422' title='bbox 1490 2095 1616 2125; x_wconf 69' lang='lat' dir='ltr'>decreta</span> <span class='ocrx_word' id='word_1_423' title='bbox 1642 2105 1662 2124; x_wconf 84' lang='lat' dir='ltr'>a</span> <span class='ocrx_word' id='word_1_424' title='bbox 1682 2104 1756 2133; x_wconf 69' lang='lat' dir='ltr'>pre·</span> 
     </span>
     <span class='ocr_line' id='line_1_48' title="bbox 111 2143 1756 2194; baseline -0.006 -11"><span class='ocrx_word' id='word_1_425' title='bbox 111 2151 177 2183; x_wconf 83' lang='lat' dir='ltr'>sule</span> <span class='ocrx_word' id='word_1_426' title='bbox 201 2151 288 2183; x_wconf 79' lang='lat' dir='ltr'>sedis</span> <span class='ocrx_word' id='word_1_427' title='bbox 312 2152 513 2194; x_wconf 80' lang='lat' dir='ltr'>apostolicae</span> <span class='ocrx_word' id='word_1_428' title='bbox 537 2152 753 2194; x_wconf 67' lang='lat' dir='ltr'>promulyata</span> <span class='ocrx_word' id='word_1_429' title='bbox 776 2152 1011 2192; x_wconf 70' lang='lat' dir='ltr'>contempserit,</span> <span class='ocrx_word' id='word_1_430' title='bbox 1041 2149 1217 2181; x_wconf 70' lang='lat' dir='ltr'>anathema</span> <span class='ocrx_word' id='word_1_431' title='bbox 1247 2149 1298 2179; x_wconf 80' lang='lat' dir='ltr'>sit.</span> <span class='ocrx_word' id='word_1_432' title='bbox 1343 2147 1411 2178; x_wconf 87' lang='lat' dir='ltr'>Nec</span> <span class='ocrx_word' id='word_1_433' title='bbox 1435 2146 1495 2177; x_wconf 91' lang='lat' dir='ltr'>hoc</span> <span class='ocrx_word' id='word_1_434' title='bbox 1519 2146 1629 2187; x_wconf 87' lang='lat' dir='ltr'>utique</span> <span class='ocrx_word' id='word_1_435' title='bbox 1653 2143 1756 2174; x_wconf 81' lang='lat' dir='ltr'>sancti</span> 
     </span>
     <span class='ocr_line' id='line_1_49' title="bbox 112 2196 1756 2245; baseline -0.005 -11"><span class='ocrx_word' id='word_1_436' title='bbox 112 2209 218 2245; x_wconf 85' lang='lat' dir='ltr'>patres</span> <span class='ocrx_word' id='word_1_437' title='bbox 241 2204 458 2235; x_wconf 87' lang='lat' dir='ltr'>necessarium</span> <span class='ocrx_word' id='word_1_438' title='bbox 482 2203 550 2235; x_wconf 88' lang='lat' dir='ltr'>fore</span> <span class='ocrx_word' id='word_1_439' title='bbox 574 2204 807 2242; x_wconf 82' lang='lat' dir='ltr'>iudicaverunt,</span> <span class='ocrx_word' id='word_1_440' title='bbox 838 2209 873 2234; x_wconf 91' lang='lat' dir='ltr'>ut</span> <span class='ocrx_word' id='word_1_441' title='bbox 903 2201 1029 2243; x_wconf 84' lang='lat' dir='ltr'>singula</span> <span class='ocrx_word' id='word_1_442' title='bbox 1058 2211 1203 2243; x_wconf 84' lang='lat' dir='ltr'>quaeque</span> <span class='ocrx_word' id='word_1_443' title='bbox 1228 2199 1429 2241; x_wconf 83' lang='lat' dir='ltr'>prohibenda</span> <span class='ocrx_word' id='word_1_444' title='bbox 1451 2196 1606 2239; x_wconf 86' lang='lat' dir='ltr'>singulari</span> <span class='ocrx_word' id='word_1_445' title='bbox 1629 2206 1756 2227; x_wconf 82' lang='lat' dir='ltr'>excom-</span> 
     </span>
     <span class='ocr_line' id='line_1_50' title="bbox 112 2247 1758 2297; baseline -0.005 -11"><span class='ocrx_word' id='word_1_446' title='bbox 112 2255 333 2287; x_wconf 87' lang='lat' dir='ltr'>municacione</span> <span class='ocrx_word' id='word_1_447' title='bbox 355 2255 572 2297; x_wconf 83' lang='lat' dir='ltr'>prohiberent,</span> <span class='ocrx_word' id='word_1_448' title='bbox 596 2266 668 2287; x_wconf 88' lang='lat' dir='ltr'>cum</span> <span class='ocrx_word' id='word_1_449' title='bbox 693 2255 861 2297; x_wconf 82' lang='lat' dir='ltr'>sepissime</span> <span class='ocrx_word' id='word_1_450' title='bbox 885 2255 1027 2285; x_wconf 87' lang='lat' dir='ltr'>omnium</span> <span class='ocrx_word' id='word_1_451' title='bbox 1052 2252 1342 2284; x_wconf 79' lang='lat' dir='ltr'>ecclesiasticarum</span> <span class='ocrx_word' id='word_1_452' title='bbox 1364 2250 1604 2281; x_wconf 86' lang='lat' dir='ltr'>institucionum</span> <span class='ocrx_word' id='word_1_453' title='bbox 1628 2247 1758 2278; x_wconf 73' lang='lat' dir='ltr'>violato-</span> 
     </span>
     <span class='ocr_line' id='line_1_51' title="bbox 113 2300 1757 2349; baseline -0.007 -10"><span class='ocrx_word' id='word_1_454' title='bbox 113 2318 161 2338; x_wconf 88' lang='lat' dir='ltr'>res</span> <span class='ocrx_word' id='word_1_455' title='bbox 185 2307 243 2338; x_wconf 87' lang='lat' dir='ltr'>sub</span> <span class='ocrx_word' id='word_1_456' title='bbox 268 2307 411 2349; x_wconf 86' lang='lat' dir='ltr'>generali</span> <span class='ocrx_word' id='word_1_457' title='bbox 435 2307 684 2349; x_wconf 83' lang='lat' dir='ltr'>dampnatione¹</span> <span class='ocrx_word' id='word_1_458' title='bbox 712 2306 894 2338; x_wconf 86' lang='lat' dir='ltr'>multarent.</span> <span class='ocrx_word' id='word_1_459' title='bbox 934 2305 998 2337; x_wconf 79' lang='lat' dir='ltr'>Sed</span> <span class='ocrx_word' id='word_1_460' title='bbox 1022 2310 1054 2336; x_wconf 89' lang='lat' dir='ltr'>et</span> <span class='ocrx_word' id='word_1_461' title='bbox 1077 2305 1147 2346; x_wconf 86' lang='lat' dir='ltr'>ipsa</span> <span class='ocrx_word' id='word_1_462' title='bbox 1170 2302 1390 2334; x_wconf 80' lang='lat' dir='ltr'>ecclesiastica</span> <span class='ocrx_word' id='word_1_463' title='bbox 1414 2300 1611 2332; x_wconf 85' lang='lat' dir='ltr'>consuetudo</span> <span class='ocrx_word' id='word_1_464' title='bbox 1635 2304 1757 2330; x_wconf 83' lang='lat' dir='ltr'>senten-</span> 
     </span>
     <span class='ocr_line' id='line_1_52' title="bbox 111 2351 1757 2401; baseline -0.006 -11"><span class='ocrx_word' id='word_1_465' title='bbox 111 2359 194 2390; x_wconf 84' lang='lat' dir='ltr'>ciam</span> <span class='ocrx_word' id='word_1_466' title='bbox 218 2359 303 2390; x_wconf 87' lang='lat' dir='ltr'>beati</span> <span class='ocrx_word' id='word_1_467' title='bbox 327 2358 448 2390; x_wconf 80' lang='lat' dir='ltr'>Gelasii</span> <span class='ocrx_word' id='word_1_468' title='bbox 471 2370 577 2401; x_wconf 88' lang='lat' dir='ltr'>papae</span> <span class='ocrx_word' id='word_1_469' title='bbox 601 2357 773 2389; x_wconf 86' lang='lat' dir='ltr'>observare</span> <span class='ocrx_word' id='word_1_470' title='bbox 797 2363 942 2397; x_wconf 82' lang='lat' dir='ltr'>conatur,</span> <span class='ocrx_word' id='word_1_471' title='bbox 966 2367 1047 2399; x_wconf 87' lang='lat' dir='ltr'>quae</span> <span class='ocrx_word' id='word_1_472' title='bbox 1071 2355 1374 2387; x_wconf 85' lang='lat' dir='ltr'>communicatorem</span> <span class='ocrx_word' id='word_1_473' title='bbox 1394 2351 1663 2383; x_wconf 85' lang='lat' dir='ltr'>excommunicati</span> <span class='ocrx_word' id='word_1_474' title='bbox 1681 2351 1757 2381; x_wconf 85' lang='lat' dir='ltr'>reci—</span> 
     </span>
     <span class='ocr_line' id='line_1_53' title="bbox 113 2402 1756 2452; baseline -0.007 -10"><span class='ocrx_word' id='word_1_475' title='bbox 113 2421 188 2452; x_wconf 81' lang='lat' dir='ltr'>pere</span> <span class='ocrx_word' id='word_1_476' title='bbox 211 2421 275 2442; x_wconf 91' lang='lat' dir='ltr'>non</span> <span class='ocrx_word' id='word_1_477' title='bbox 298 2409 379 2442; x_wconf 85' lang='lat' dir='ltr'>solet</span> <span class='ocrx_word' id='word_1_478' title='bbox 401 2411 462 2442; x_wconf 88' lang='lat' dir='ltr'>nisi</span> <span class='ocrx_word' id='word_1_479' title='bbox 486 2410 741 2442; x_wconf 86' lang='lat' dir='ltr'>reconciliatum.</span> <span class='ocrx_word' id='word_1_480' title='bbox 779 2409 892 2442; x_wconf 75' lang='lat' dir='ltr'>Nz’clzil</span> <span class='ocrx_word' id='word_1_481' title='bbox 909 2414 1014 2440; x_wconf 71' lang='lat' dir='ltr'>autem</span> <span class='ocrx_word' id='word_1_482' title='bbox 1032 2408 1168 2447; x_wconf 79' lang='lat' dir='ltr'>firmins</span> <span class='ocrx_word' id='word_1_483' title='bbox 1185 2406 1356 2438; x_wconf 76' lang='lat' dir='ltr'>tenendum</span> <span class='ocrx_word' id='word_1_484' title='bbox 1373 2409 1427 2444; x_wconf 82' lang='lat' dir='ltr'>est,</span> <span class='ocrx_word' id='word_1_485' title='bbox 1452 2409 1485 2434; x_wconf 89' lang='lat' dir='ltr'>ut</span> <span class='ocrx_word' id='word_1_486' title='bbox 1502 2408 1631 2434; x_wconf 83' lang='lat' dir='ltr'>sanctus</span> <span class='ocrx_word' id='word_1_487' title='bbox 1649 2402 1756 2441; x_wconf 78' lang='lat' dir='ltr'>Augu-</span> 
     </span>
     <span class='ocr_line' id='line_1_54' title="bbox 113 2457 1425 2504; baseline -0.005 -12"><span class='ocrx_word' id='word_1_488' title='bbox 113 2463 235 2493; x_wconf 82' lang='lat' dir='ltr'>stinus⁵</span> <span class='ocrx_word' id='word_1_489' title='bbox 259 2467 405 2502; x_wconf 85' lang='lat' dir='ltr'>testatur,</span> <span class='ocrx_word' id='word_1_490' title='bbox 430 2474 527 2504; x_wconf 81' lang='lat' dir='ltr'>quam</span> <span class='ocrx_word' id='word_1_491' title='bbox 551 2462 645 2501; x_wconf 78' lang='lat' dir='ltr'>illud,</span> <span class='ocrx_word' id='word_1_492' title='bbox 670 2464 704 2493; x_wconf 78' lang='lat' dir='ltr'>in</span> <span class='ocrx_word' id='word_1_493' title='bbox 728 2474 789 2504; x_wconf 70' lang='lat' dir='ltr'>qno</span> <span class='ocrx_word' id='word_1_494' title='bbox 815 2463 932 2492; x_wconf 66' lang='lat' dir='ltr'>rev-itas</span> <span class='ocrx_word' id='word_1_495' title='bbox 955 2459 1186 2491; x_wconf 70' lang='lat' dir='ltr'>consuetudini</span> <span class='ocrx_word' id='word_1_496' title='bbox 1209 2457 1425 2498; x_wconf 66' lang='lat' dir='ltr'>suffr-aqutur.</span> 
     </span>
    </p>
   </div>
   <div class='ocr_carea' id='block_1_12' title="bbox 114 2542 1756 2674">
    <p class='ocr_par' dir='ltr' id='par_1_13' title="bbox 114 2542 1756 2674">
     <span class='ocr_line' id='line_1_55' title="bbox 224 2542 1755 2582; baseline -0.006 -9"><span class='ocrx_word' id='word_1_497' title='bbox 224 2550 249 2580; x_wconf 80' lang='lat' dir='ltr'>a)</span> <span class='ocrx_word' id='word_1_498' title='bbox 272 2549 342 2573; x_wconf 66' lang='lat' dir='ltr'>deest</span> <span class='ocrx_word' id='word_1_499' title='bbox 363 2551 388 2574; x_wconf 79' lang='lat'>4.</span> <span class='ocrx_word' id='word_1_500' title='bbox 455 2550 482 2581; x_wconf 89' lang='lat' dir='ltr'>b)</span> <span class='ocrx_word' id='word_1_501' title='bbox 503 2549 574 2582; x_wconf 83' lang='lat' dir='ltr'>quod</span> <span class='ocrx_word' id='word_1_502' title='bbox 596 2549 636 2577; x_wconf 84' lang='lat' dir='ltr'>G.,</span> <span class='ocrx_word' id='word_1_503' title='bbox 658 2549 736 2581; x_wconf 69' lang='lat' dir='ltr'>Cypr.</span> <span class='ocrx_word' id='word_1_504' title='bbox 804 2555 829 2574; x_wconf 80' lang='lat' dir='ltr'>c)</span> <span class='ocrx_word' id='word_1_505' title='bbox 851 2549 939 2572; x_wconf 81' lang='lat' dir='ltr'>statim</span> <span class='ocrx_word' id='word_1_506' title='bbox 962 2547 1025 2571; x_wconf 70' lang='lat' dir='ltr'>add.</span> <span class='ocrx_word' id='word_1_507' title='bbox 1048 2546 1089 2574; x_wconf 86' lang='lat' dir='ltr'>G.,</span> <span class='ocrx_word' id='word_1_508' title='bbox 1112 2545 1188 2577; x_wconf 66' lang='lat' dir='ltr'>Cgspr.</span> <span class='ocrx_word' id='word_1_509' title='bbox 1256 2544 1282 2574; x_wconf 83' lang='lat' dir='ltr'>d)</span> <span class='ocrx_word' id='word_1_510' title='bbox 1306 2544 1388 2575; x_wconf 77' lang='lat' dir='ltr'>impia</span> <span class='ocrx_word' id='word_1_511' title='bbox 1409 2543 1595 2566; x_wconf 86' lang='lat' dir='ltr'>communione</span> <span class='ocrx_word' id='word_1_512' title='bbox 1617 2542 1657 2570; x_wconf 64' lang='grc' dir='ltr'>(ὴ,</span> <span class='ocrx_word' id='word_1_513' title='bbox 1679 2542 1755 2570; x_wconf 62' lang='lat' dir='ltr'>t&#39;sspr.</span> 
     </span>
     <span class='ocr_line' id='line_1_56' title="bbox 114 2586 1756 2627; baseline -0.007 -7"><span class='ocrx_word' id='word_1_514' title='bbox 114 2596 139 2624; x_wconf 74' lang='lat' dir='ltr'>e)</span> <span class='ocrx_word' id='word_1_515' title='bbox 160 2598 185 2619; x_wconf 81' lang='lat' dir='ltr'>et</span> <span class='ocrx_word' id='word_1_516' title='bbox 205 2595 268 2620; x_wconf 81' lang='lat' dir='ltr'>add.</span> <span class='ocrx_word' id='word_1_517' title='bbox 289 2594 331 2625; x_wconf 61' lang='lat' dir='ltr'>G„</span> <span class='ocrx_word' id='word_1_518' title='bbox 352 2595 431 2627; x_wconf 75' lang='lat' dir='ltr'>Cypr.</span> <span class='ocrx_word' id='word_1_519' title='bbox 507 2595 527 2625; x_wconf 83' lang='lat' dir='ltr'>f)</span> <span class='ocrx_word' id='word_1_520' title='bbox 549 2599 652 2620; x_wconf 82' lang='lat' dir='ltr'>tantum</span> <span class='ocrx_word' id='word_1_521' title='bbox 681 2596 711 2619; x_wconf 78' lang='lat' dir='ltr'>G.</span> <span class='ocrx_word' id='word_1_522' title='bbox 787 2596 816 2625; x_wconf 66' lang='lat' dir='ltr'>g)</span> <span class='ocrx_word' id='word_1_523' title='bbox 838 2594 1017 2618; x_wconf 80' lang='lat' dir='ltr'>communicat</span> <span class='ocrx_word' id='word_1_524' title='bbox 1038 2593 1061 2615; x_wconf 78' lang='grc'>-1,</span> <span class='ocrx_word' id='word_1_525' title='bbox 1139 2591 1165 2621; x_wconf 82' lang='lat' dir='ltr'>h)</span> <span class='ocrx_word' id='word_1_526' title='bbox 1188 2590 1240 2614; x_wconf 74' lang='lat' dir='ltr'>illis</span> <span class='ocrx_word' id='word_1_527' title='bbox 1262 2591 1285 2613; x_wconf 79' lang='grc'>4.</span> <span class='ocrx_word' id='word_1_528' title='bbox 1363 2590 1382 2615; x_wconf 65' lang='grc' dir='ltr'>ἰ)</span> <span class='ocrx_word' id='word_1_529' title='bbox 1404 2588 1556 2612; x_wconf 76' lang='lat' dir='ltr'>attendatur</span> <span class='ocrx_word' id='word_1_530' title='bbox 1577 2587 1607 2610; x_wconf 84' lang='lat' dir='ltr'>G.</span> <span class='ocrx_word' id='word_1_531' title='bbox 1681 2586 1707 2613; x_wconf 69' lang='lat' dir='ltr'>k&gt;</span> <span class='ocrx_word' id='word_1_532' title='bbox 1730 2586 1756 2608; x_wconf 85' lang='lat' dir='ltr'>in</span> 
     </span>
     <span class='ocr_line' id='line_1_57' title="bbox 115 2640 572 2674; baseline 0.002 -9"><span class='ocrx_word' id='word_1_533' title='bbox 115 2640 178 2666; x_wconf 78' lang='lat' dir='ltr'>add.</span> <span class='ocrx_word' id='word_1_534' title='bbox 199 2640 231 2666; x_wconf 83' lang='lat' dir='ltr'>G.</span> <span class='ocrx_word' id='word_1_535' title='bbox 308 2641 327 2674; x_wconf 93' lang='lat' dir='ltr'>l)</span> <span class='ocrx_word' id='word_1_536' title='bbox 349 2641 526 2673; x_wconf 74' lang='lat' dir='ltr'>dampnarent</span> <span class='ocrx_word' id='word_1_537' title='bbox 546 2641 572 2666; x_wconf 83' lang='lat'>4.</span> 
     </span>
    </p>
   </div>
   <div class='ocr_carea' id='block_1_13' title="bbox 116 2705 1756 2852">
    <p class='ocr_par' dir='ltr' id='par_1_14' title="bbox 116 2705 1756 2852">
     <span class='ocr_line' id='line_1_58' title="bbox 224 2705 1756 2750; baseline -0.014 -1"><span class='ocrx_word' id='word_1_538' title='bbox 224 2715 250 2749; x_wconf 86' lang='grc'>1)</span> <span class='ocrx_word' id='word_1_539' title='bbox 277 2715 334 2750; x_wconf 79' lang='lat' dir='ltr'>Ep.</span> <span class='ocrx_word' id='word_1_540' title='bbox 353 2715 401 2749; x_wconf 84' lang='lat'>69,</span> <span class='ocrx_word' id='word_1_541' title='bbox 425 2725 447 2743; x_wconf 64' lang='grc' dir='ltr'>ο.</span> <span class='ocrx_word' id='word_1_542' title='bbox 467 2716 494 2748; x_wconf 83' lang='lat'>9,</span> <span class='ocrx_word' id='word_1_543' title='bbox 519 2716 561 2742; x_wconf 70' lang='lat' dir='ltr'>ed.</span> <span class='ocrx_word' id='word_1_544' title='bbox 585 2715 687 2742; x_wconf 68' lang='lat' dir='ltr'>Hartez</span> <span class='ocrx_word' id='word_1_545' title='bbox 707 2724 738 2749; x_wconf 79' lang='lat' dir='ltr'>p.</span> <span class='ocrx_word' id='word_1_546' title='bbox 758 2714 825 2742; x_wconf 82' lang='lat'>758.</span> <span class='ocrx_word' id='word_1_547' title='bbox 926 2714 955 2747; x_wconf 75' lang='lat'>2)</span> <span class='ocrx_word' id='word_1_548' title='bbox 980 2712 1025 2745; x_wconf 68' lang='lat' dir='ltr'>of.</span> <span class='ocrx_word' id='word_1_549' title='bbox 1051 2712 1110 2737; x_wconf 68' lang='lat' dir='ltr'>Lib.</span> <span class='ocrx_word' id='word_1_550' title='bbox 1135 2711 1168 2736; x_wconf 56' lang='grc' dir='ltr'>(ιο</span> <span class='ocrx_word' id='word_1_551' title='bbox 1191 2711 1238 2735; x_wconf 53' lang='grc' dir='ltr'>ιῑιρ</span> <span class='ocrx_word' id='word_1_552' title='bbox 1263 2710 1285 2741; x_wconf 88' lang='lat' dir='ltr'>l,</span> <span class='ocrx_word' id='word_1_553' title='bbox 1306 2720 1336 2743; x_wconf 68' lang='lat' dir='ltr'>p.</span> <span class='ocrx_word' id='word_1_554' title='bbox 1356 2709 1424 2741; x_wconf 76' lang='lat'>270,</span> <span class='ocrx_word' id='word_1_555' title='bbox 1450 2718 1473 2733; x_wconf 63' lang='grc' dir='ltr'>η.</span> <span class='ocrx_word' id='word_1_556' title='bbox 1493 2708 1520 2735; x_wconf 75' lang='grc'>4,</span> <span class='ocrx_word' id='word_1_557' title='bbox 1619 2706 1648 2739; x_wconf 82' lang='lat'>3)</span> <span class='ocrx_word' id='word_1_558' title='bbox 1672 2705 1756 2730; x_wconf 53' lang='lat' dir='ltr'>Im„</span> 
     </span>
     <span class='ocr_line' id='line_1_59' title="bbox 116 2756 1756 2801; baseline -0.007 -10"><span class='ocrx_word' id='word_1_559' title='bbox 116 2767 279 2801; x_wconf 77' lang='lat' dir='ltr'>orientales;</span> <span class='ocrx_word' id='word_1_560' title='bbox 303 2766 340 2800; x_wconf 84' lang='lat' dir='ltr'>cs.</span> <span class='ocrx_word' id='word_1_561' title='bbox 357 2776 445 2801; x_wconf 80' lang='lat' dir='ltr'>supra</span> <span class='ocrx_word' id='word_1_562' title='bbox 464 2776 496 2801; x_wconf 83' lang='lat' dir='ltr'>p.</span> <span class='ocrx_word' id='word_1_563' title='bbox 516 2766 573 2792; x_wconf 86' lang='lat'>104</span> <span class='ocrx_word' id='word_1_564' title='bbox 598 2766 658 2801; x_wconf 82' lang='lat' dir='ltr'>(nbi</span> <span class='ocrx_word' id='word_1_565' title='bbox 682 2767 709 2792; x_wconf 83' lang='lat' dir='ltr'>z&#39;n</span> <span class='ocrx_word' id='word_1_566' title='bbox 734 2767 828 2792; x_wconf 63' lang='lat' dir='ltr'>(adnot.</span> <span class='ocrx_word' id='word_1_567' title='bbox 847 2766 873 2797; x_wconf 83' lang='lat'>3,</span> <span class='ocrx_word' id='word_1_568' title='bbox 896 2774 926 2798; x_wconf 67' lang='grc' dir='ltr'>Ι).</span> <span class='ocrx_word' id='word_1_569' title='bbox 945 2764 1015 2790; x_wconf 75' lang='grc'>425.</span> <span class='ocrx_word' id='word_1_570' title='bbox 1038 2763 1179 2796; x_wconf 67' lang='lat' dir='ltr'>leqendm</span> <span class='ocrx_word' id='word_1_571' title='bbox 1205 2761 1255 2794; x_wconf 75' lang='lat' dir='ltr'>est)</span> <span class='ocrx_word' id='word_1_572' title='bbox 1284 2762 1349 2787; x_wconf 89' lang='lat'>113.</span> <span class='ocrx_word' id='word_1_573' title='bbox 1418 2760 1447 2789; x_wconf 66' lang='lat'>4)</span> <span class='ocrx_word' id='word_1_574' title='bbox 1472 2759 1515 2792; x_wconf 66' lang='lat' dir='ltr'>(f.</span> <span class='ocrx_word' id='word_1_575' title='bbox 1533 2767 1617 2791; x_wconf 69' lang='lat' dir='ltr'>snpra</span> <span class='ocrx_word' id='word_1_576' title='bbox 1639 2766 1668 2790; x_wconf 86' lang='lat' dir='ltr'>p.</span> <span class='ocrx_word' id='word_1_577' title='bbox 1690 2756 1756 2781; x_wconf 68' lang='lat'>1:163,</span> 
     </span>
     <span class='ocr_line' id='line_1_60' title="bbox 117 2817 447 2852; baseline 0 -8"><span class='ocrx_word' id='word_1_578' title='bbox 117 2818 146 2852; x_wconf 88' lang='lat'>5)</span> <span class='ocrx_word' id='word_1_579' title='bbox 168 2817 198 2844; x_wconf 87' lang='lat' dir='ltr'>V.</span> <span class='ocrx_word' id='word_1_580' title='bbox 221 2827 308 2851; x_wconf 77' lang='lat' dir='ltr'>supra</span> <span class='ocrx_word' id='word_1_581' title='bbox 328 2827 357 2852; x_wconf 84' lang='lat' dir='ltr'>p.</span> <span class='ocrx_word' id='word_1_582' title='bbox 378 2818 447 2845; x_wconf 88' lang='grc'><strong>106.</strong></span> 
     </span>
    </p>
   </div>
   <div class='ocr_carea' id='block_1_14' title="bbox 1773 575 1923 597">
    <p class='ocr_par' dir='ltr' id='par_1_15' title="bbox 1773 575 1923 597">
     <span class='ocr_line' id='line_1_61' title="bbox 1773 575 1923 597; baseline 0.007 -4"><span class='ocrx_word' id='word_1_583' title='bbox 1773 575 1923 597; x_wconf 44' lang='lat' dir='ltr'>Numnam».</span> 
     </span>
    </p>
   </div>
  </div>
 </body>
</html>
