2132 3067
394 132 582 160 EPISTOLA
606 132 779 160 HL’GONIS
805 132 1043 161 CARDINALIS
1067 134 1121 160 AD
1147 135 1387 162 MATHJLDAM
1410 136 1446 163 X.
1685 133 1747 165 419

96 223 242 260 decerno,
266 232 315 259 ne,
341 221 367 251 si
391 232 431 252 ex
457 221 552 252 corde
577 232 634 252 suo
653 221 895 263 prophetaverit
906 227 928 260 ³,
953 232 993 252 ex
1010 224 1109 254 veteri
1133 223 1205 265 lege
1229 225 1342 255 mortis
1365 225 1523 256 sententia
1539 225 1682 265 feriatur,
1706 237 1746 257 ex

97 283 177 304 novo
201 278 392 303 testamento
417 271 652 314 depositionisb
676 273 848 304 severitate
873 273 1035 314 puniatur.
1082 274 1166 306 Hinc
1189 282 1248 316 est,
1274 276 1360 318 quod
1378 277 1493 308 Petrus
1511 277 1745 319 depositionem

95 326 253 356 minatur¹
278 324 455 355 successori
479 334 536 354 suo
562 324 730 363 Clementi,
754 324 944 355 admirande
969 327 1147 357 sanctitatis
1172 327 1250 367 viro,
1283 328 1308 358 si
1332 334 1405 369 post
1429 328 1615 361 electionem
1640 330 1746 371 negle-

93 382 205 418 genter
235 374 462 417 predicaverit,
495 376 520 405 si
550 374 706 416 ligaverit,
739 375 824 417 quod
848 386 912 406 non
936 376 1069 417 expedit
1092 377 1194 418 ligari,
1219 385 1249 409 et
1273 379 1385 418 solvic,
1417 381 1500 422 quod
1527 392 1589 412 non
1613 382 1746 424 expedit

61 442 74 461 5
93 427 183 459 solvi.
235 427 320 458 Hinc
350 433 407 461 est.
440 426 524 468 quod
555 426 701 458 Romana
731 426 895 462 aecclesia,
926 428 1098 469 privilegio
1129 434 1160 459 et
1192 436 1349 471 potestate
1381 432 1466 462 Petri
1496 434 1593 464 verbo
1627 433 1745 464 Christi

93 479 240 518 donatad‚
273 489 330 520 per
353 489 451 509 unum
477 477 683 509 cardinalem.
718 478 846 509 beatum
872 478 1061 519 Eusebium,
1093 479 1206 521 ligavit
1230 481 1358 522 publice
1383 490 1541 514 errantem
1567 484 1743 521 Liberium,

94 532 180 573 prius
205 531 357 562 canonice
381 529 519 560 electum
544 535 575 560 et
597 540 655 571 pro
679 529 741 560 fide
766 529 921 560 catholica
945 530 1077 561 exilium
1103 537 1134 562 et
1157 532 1299 573 pericula
1323 534 1496 565 immodica
1520 547 1708 577 perpessum
1721 542 1743 567 ².

93 583 164 614 Hoc
191 581 363 624 privilegio
394 581 537 612 munitus
560 581 724 612 Eusebius
748 581 914 612 Liberium
946 582 1127 613 recedendo
1158 583 1198 614 ab
1230 585 1297 615 eius
1328 587 1552 618 communione
1576 587 1689 629 ligavit
1713 594 1743 618 et

91 646 162 665 eum
198 634 373 666 hereticum
409 632 585 664 declaravit
619 639 649 663 et
683 633 723 664 ab
755 633 822 663 eius
857 635 1084 665 communione
1115 635 1250 666 Romam
1286 638 1451 668 revocavit
1485 639 1576 669 iuxta
1609 639 1740 670 verbum

45 699 72 719 ιο
92 687 231 726 Domini,
263 685 449 728 specialiter
471 685 566 715 Petro
591 690 622 714 et
646 695 703 725 per
726 684 857 715 Petrum
882 684 1048 716 Romanae
1078 686 1253 718 aecclesiae
1285 688 1438 720 dicentis:
1470 691 1509 721 Si
1532 691 1643 722 oculus
1666 696 1742 722 tuus
1764 707 1913 728 Mantuae.

89 738 296 770 scandalizat
318 743 356 775 te,
388 736 420 766 id
445 742 502 774 est,
534 737 560 766 si
585 742 706 777 pastor,
738 737 792 777 qui
825 737 916 778 quasi
949 736 1059 768 oculus
1090 738 1130 769 ad
1163 739 1396 780 providendum
1422 741 1573 782 presidet,
1606 744 1637 772 in
1661 742 1741 781 facie

89 789 265 822 aecclesiae
289 789 444 820 erraverit
466 798 484 817 a
508 787 580 827 fide,
605 799 679 819 erue
703 799 773 818 eum
798 793 825 818 et
845 789 960 830 proice
984 789 1041 820 abs
1064 794 1100 820 te.
1148 790 1232 821 Hinc
1256 792 1351 822 etiam
1377 803 1439 822 non
1464 794 1639 834 incongrue
1665 794 1741 824 dici-

89 847 155 873 tur:
179 841 218 873 Si
241 840 427 872 aecclesiam
446 850 512 870 non
529 840 684 880 audierit,
707 841 748 870 sit
771 840 829 870 tibi
850 842 934 871 sicut
958 840 1106 872 ethnicus
1130 847 1157 872 et
1178 842 1390 883 publicanus.
1436 844 1477 875 Et
1502 845 1614 876 beatus
1631 846 1740 887 Augu·
1761 862 1836 880 mie.
1851 861 1881 880 ιτ,

89 894 206 925 stinus:
233 893 363 934 Cepisti,
386 891 521 933 inquitss,
545 892 662 922 habere
675 891 822 932 fratrem
846 896 936 922 tumn
953 896 1119 934 {uniquam
1139 893 1369 935 publicanum,
1392 895 1479 937 Cissus
1501 908 1571 927 eum
1590 898 1621 926 1'77
1640 902 1739 937 terra,

43 957 69 977 15
87 945 143 976 sed
166 949 201 975 ut
223 945 306 976 iuste
319 944 440 985 facias
466 943 546 974 vide.
591 943 679 974 Nam
697 943 825 974 iniusta
842 943 975 974 vincula
994 944 1130 975 iusticia
1147 945 1335 986 disrumpit.
1383 946 1463 977 Illud
1481 949 1577 978 etiam
1596 949 1739 980 conside-

89 995 223 1027 randum
233 1000 257 1034 ⁴,
284 994 380 1037 quod,
408 996 492 1025 sicut
515 994 618 1025 Cham
641 995 723 1025 iuste
748 994 960 1033 maledicitur,
985 996 1040 1037 qui
1065 995 1237 1027 humanam
1262 998 1361 1039 patris
1385 1000 1635 1040 temptacionem
1660 1001 1738 1041 risit,
1760 1014 1839 1033 ernon.
1852 1015 1911 1034 1³:25.

88 1049 132 1080 ita
148 1047 337 1080 benedictus
352 1047 440 1078 Deus
456 1045 578 1085 Heliae,
597 1047 651 1088 qui
667 1045 878 1078 DCCC¹⁰⁵Lta
895 1047 1091 1087 sacerdotes,
1109 1047 1268 1079 diabolica
1285 1050 1503 1090 temptacione
1520 1051 1738 1093 apprehensos
1761 1058 1890 1101 &lie-2⁸1⁸,

87 1104 119 1131 et
140 1100 192 1130 ine
215 1100 286 1141 ipso
309 1104 381 1130 actu
406 1098 634 1140 deprehensos,
666 1099 798 1140 propria
828 1110 924 1130 manu
952 1099 1122 1130 interfecit.
1166 1100 1362 1132 Benedictus
1388 1102 1478 1133 Deus
1502 1103 1634 1135 Eusebii
1658 1115 1739 1134 mar·
1788 1089 1808 1106 ¹*
1830 1090 1864 1107 Μ’

88 1152 168 1191 tiris,
192 1152 246 1193 qui
271 1162 311 1181 ex
335 1156 490 1192 precepto
513 1149 594 1191 legis
617 1151 741 1191 primus
765 1151 798 1180 in
821 1156 944 1192 patrem
969 1162 1074 1189 suuni,
1105 1153 1366 1193 apostatantemf
1390 1153 1565 1194 Liberium,
1590 1156 1738 1197 spiritua-

41 1217 68 1236 ιο
87 1203 158 1234 liter
187 1213 317 1234 manum
349 1202 445 1232 misit.
496 1202 568 1232 Hoc
606 1201 776 1244 privilegio
807 1202 954 1233 Romana
983 1202 1143 1234 aecclesia
1175 1205 1338 1236 Anastasii
1367 1217 1473 1248 papae
1503 1208 1739 1248 apostatantisf

87 1255 344 1286 communionem
363 1254 513 1286 deseruit.
539 1254 594 1296 qui
619 1259 875 1296 consequenter&
897 1254 1007 1286 divino
1028 1261 1107 1286 nutu
1126 1267 1296 1296 percussus
1320 1263 1369 1288 est
1379 1263 1399 1297 5,
1423 1264 1456 1289 ut
1480 1264 1626 1300 patenter
1642 1270 1739 1301 appa-

86 1311 155 1338 reat
178 1306 266 1337 Petri
296 1305 502 1347 privilegium
534 1305 643 1347 potius
666 1305 831 1337 Romanae
861 1307 947 1338 sedis
978 1318 1059 1345 esse,
1091 1318 1186 1349 quam
1219 1308 1317 1340 solius
1341 1310 1477 1340 Romani
1506 1311 1679 1352 pontificis,
1708 1317 1739 1342 et

85 1359 212 1391 Deumb
229 1358 330 1400 ligare
345 1358 378 1388 in
396 1357 485 1388 coelo
503 1357 682 1388 Romanum
701 1357 899 1399 pontificem,
917 1370 1010 1401 quem
1030 1358 1175 1390 Romana
1191 1360 1349 1392 aeeclesia
1366 1362 1397 1392 in
1415 1363 1518 1402 terris,
1535 1363 1738 1404 exigentibus

85 1411 217 1450 meritis,
230 1409 389 1451 ligaverit,
422 1409 474 1439 Ex
488 1408 605 1451 quibus
622 1407 688 1439 sole
705 1408 823 1440 clarius
838 1410 1019 1442 ostenditur
1035 1411 1066 1441 in
1084 1410 1136 1441 illa
1153 1417 1245 1452 parte
1264 1420 1487 1445 sacrosanctae
1506 1413 1591 1444 sedis
1610 1425 1738 1446 manere

39 1475 66 1494 25
86 1462 172 1494 Petri
197 1461 412 1504 privilegium,
436 1460 493 1492 ubi
509 1472 551 1491 ex
568 1461 653 1492 Petri
670 1462 832 1503 aequitate
849 1462 950 1493 fertur
966 1462 1122 1493 iudicium
1133 1469 1155 1494 ⁶.
1193 1463 1342 1496 Liberius
1366 1466 1654 1497 excommunicatis
1675 1477 1737 1497 non

85 1513 358 1556 resipiscentibus,
389 1513 542 1543 unitatem
573 1512 750 1544 aecclesiae
774 1513 961 1546 scindendo.
993 1515 1254 1556 communicavit,
1287 1523 1316 1548 et
1348 1518 1419 1559 quii
1455 1517 1534 1548 duas
1566 1518 1737 1551 aecclesias

84 1565 170 1605 fecit,
192 1576 274 1604 eam,
299 1575 383 1607 quae
406 1575 469 1595 non
493 1565 555 1594 nisi
579 1575 643 1595 una
667 1576 738 1596 esse
762 1571 878 1607 potest,
902 1566 1020 1605 amisit,
1045 1567 1084 1598 de
1106 1579 1169 1610 qua
1185 1569 1339 1610 scriptum
1357 1575 1419 1600 est:
1442 1569 1516 1601 Una
1533 1571 1639 1601 amica
1658 1583 1736 1602 mea.
1759 1583 1886 1602 oannes

86 1618 276 1649 Anastasius
307 1621 398 1648 extra
429 1615 620 1647 aecclesiam
645 1615 685 1647 ab
710 1617 826 1648 Aeatio
851 1617 1030 1659 baptizatos
1054 1626 1084 1650 et
1108 1619 1273 1651 ordinatos
1297 1620 1415 1651 nullam
1440 1621 1595 1652 lesionem
1622 1621 1661 1652 de
1685 1633 1738 1653 ex·

85 1669 312 1700 communicati
337 1678 450 1699 manus
467 1669 674 1710 impositione
690 1669 863 1700 incurrisse
880 1670 1052 1701 Anastasio
1076 1672 1262 1713 imperatori
1280 1683 1338 1714 per
1355 1672 1522 1714 epistolam
1541 1673 1705 1705 mandavit
1717 1681 1736 1714 ⁷,

38 1731 66 1752 ³0
85 1719 140 1752 sed
164 1731 249 1762 papa
273 1720 402 1751 mittens
425 1724 456 1750 et
479 1720 654 1762 imperator
677 1721 839 1762 recipiens
863 1727 1000 1764 uterque
1032 1722 1072 1753 ad
1097 1723 1282 1765 exemplum
1314 1724 1495 1755 seculorum
1519 1724 1644 1766 fulgure
1669 1737 1735 1766 per-

85 1782 196 1803 cussus
228 1772 358 1803 interiit.
403 1771 533 1802 Iudicat
562 1778 670 1804 autem
700 1772 790 1803 Deus
821 1773 918 1804 semel
947 1774 979 1804 in
1011 1773 1042 1804 id
1074 1775 1190 1816 ipsum.
1243 1775 1350 1806 Semel
1384 1776 1539 1807 iudicavit
1573 1777 1605 1807 in
1640 1788 1737 1808 causa

85 1825 230 1855 Ananiae
253 1828 285 1855 et
309 1823 486 1865 Saphyrae,
517 1823 668 1855 fraudare
698 1823 889 1856 aecclesiam
918 1831 1072 1867 quantum
1097 1827 1138 1858 sit
1160 1826 1350 1868 periculum.
1397 1827 1502 1859 Semel
1526 1828 1679 1859 iudicavit
1703 1829 1734 1859 in
1756 1816 1906 1865 on-{amb

85 1886 181 1907 causa
204 1876 368 1907 Anastasii
398 1886 493 1917 pape,
524 1876 813 1907 excommunicatis
845 1878 1083 1908 communicare
1113 1883 1144 1909 et
1170 1877 1304 1910 salutem
1336 1884 1427 1910 extra
1450 1879 1640 1910 aecclesiam
1666 1891 1735 1922 pre-

85 1927 192 1958 dicare
216 1932 371 1969 quantum
396 1928 437 1958 sit
461 1927 677 1970 sacrilegium.
723 1927 829 1959 Semel
853 1928 1011 1960 iudicavit
1034 1930 1066 1960 in
1091 1940 1189 1960 causa
1213 1929 1314 1969 Giezi,
1345 1936 1465 1972 quanta
1488 1931 1527 1961 sit
1551 1930 1639 1972 lepra
1661 1943 1735 1962 ven·
1755 1926 1869 1974 4,{‚³('-²„⁵3j

37 1989 66 2010 ³⁵
85 1977 158 2010 dere
181 1979 350 2009 minimum
374 1979 475 2010 sancti
499 1978 640 2022 Spiritus
664 1979 794 2013 donum,
841 1979 925 2010 Hinc
949 1987 1006 2017 est,
1037 1981 1121 2022 quod
1146 1982 1240 2012 semel
1263 1981 1408 2024 loquitur·
1430 1983 1520 2014 Deus
1543 1988 1570 2012 et
1594 1986 1734 2015 secundo
1755 1998 1886 2023 1‹m33,1-fl.

85 2041 150 2062 non
173 2031 297 2073 repetit.
342 2030 526 2062 Predictam
544 2031 708 2062 Anastasii
726 2042 829 2073 papae
846 2031 1013 2073 epistolam
1033 2032 1164 2073 quidam
1190 2032 1284 2063 huius
1308 2034 1462 2075 temporis
1486 2035 1559 2064 novi
1585 2034 1733 2066 doctores

83 2091 239 2118 renovare
262 2093 326 2113 non
350 2083 548 2114 timuerunt⁶
571 2088 603 2114 et
626 2082 813 2125 baptizandi
836 2083 987 2125 parvulos
1016 2083 1103 2125 apud
1129 2085 1439 2124 excommunicatos,
1470 2086 1624 2127 scriptum
1649 2087 1734 2117 Ana-

85 2134 173 2165 stasii
194 2133 391 2171 renovando,
423 2133 570 2172 heresim,
601 2135 779 2176 antiquitus
803 2135 844 2165 ab
870 2136 939 2176 ipso
965 2135 1034 2167 Deo
1058 2134 1184 2176 fulgure
1209 2135 1429 2177 dampnatam,
1452 2137 1484 2167 iu
1508 2139 1732 2169 auctoritatem

87 2184 275 2226 revocando,
306 2185 467 2217 licentiam
499 2186 657 2218 dederunt
686 2192 718 2217 et
748 2185 808 2216 hoc
841 2186 936 2217 modo
968 2186 1104 2217 salutem
1136 2192 1229 2217 extra
1257 2187 1445 2219 aecclesiam
1475 2189 1734 2230 predicaverunt,

38 2247 67 2266 ιο
86 2237 182 2268 immo
205 2236 264 2268 hac
288 2237 508 2279 predicatione
531 2249 565 2269 se
589 2239 677 2279 ipsos
701 2244 732 2268 et
757 2239 1031 2269 communicantes
1056 2239 1115 2269 sibi
1140 2238 1180 2269 ab
1198 2240 1319 2270 unitate
1342 2240 1530 2281 aecclesiae,
1554 2252 1571 2271 a
1588 2240 1734 2272 doctrina

86 2289 188 2320 sancti
217 2288 357 2330 Spiritus
389 2289 577 2323 diviserunt.
622 2289 665 2320 Et
696 2300 766 2319 cum
800 2300 840 2319 ex
871 2289 1008 2320 simbolo
1039 2289 1219 2321 catholicae
1251 2291 1326 2322 fidei
1357 2291 1538 2333 firmissime
1569 2298 1733 2324 teneamus

86 2350 180 2371 unam
197 2351 267 2372 esse
283 2340 473 2372 catholicam
490 2340 690 2381 aecclesiam,
715 2342 746 2371 in
765 2351 828 2382 qua
845 2340 913 2371 sola
937 2340 1032 2372 datur
1054 2342 1202 2372 remissio
1219 2348 1436 2384 peccatorum,
1462 2344 1593 2385 quidam
1618 2344 1734 2376 novelli

87 2396 118 2422 et
138 2392 274 2423 nimium
298 2391 469 2434 diligentes
500 2393 656 2434 magistri,
689 2403 729 2422 ex
754 2391 861 2423 verbis
885 2392 1050 2424 Anastasii
1074 2394 1295 2425 remissionem
1320 2400 1526 2436 peccatorum
1551 2402 1643 2427 extra
1665 2408 1734 2428 aec-

87 2441 215 2474 clesiam
239 2449 430 2483 asserentes,
453 2444 544 2483 duas,
569 2449 723 2486 quantum
749 2444 779 2474 in
805 2444 883 2485 ipsis
907 2444 978 2483 fuit,
1001 2443 1175 2476 aecclesias
1198 2445 1342 2476 fecerunt
1365 2451 1397 2477 et
1420 2447 1642 2479 inconsutilem
1658 2448 1731 2480 fidei

37 2527 68 2548 4⁶
195 2524 224 2553 a)
243 2525 451 2557 prophanaverit
473 2526 498 2550 2.
611 2527 636 2550 b]
659 2526 842 2557 dispositionis
866 2527 888 2549 l.
910 2526 934 2548 ⁴2.
1050 2526 1076 2550 e>
1103 2527 1138 2551 ita
1161 2529 1184 2551 1.
1207 2528 1222 2550 ‘2
1240 2536 1290 2559 pro
1311 2528 1428 2553 solverit.
1540 2530 1566 2559 df»
1590 2530 1686 2555 devota
1708 2531 1732 2554 ἱ).

87 2569 114 2600 e)
133 2569 204 2595 deest
224 2571 250 2596 2.
324 2571 345 2602 f)
367 2575 499 2604 apostant.
521 2572 546 2595 2.
622 2576 648 2604 g)
673 2574 837 2604 consequent
861 2573 882 2596 1.
959 2571 987 2596 ht
1010 2572 1109 2596 domini
1131 2573 1156 2597 2.
1232 2575 1252 2599 i)
1274 2574 1345 2605 quod
1366 2575 1489 2600 Liberius
1510 2576 1533 2599 d.
1557 2577 1582 2600 2,

0 2597 2 2613 1

1 2635 4 2679 l
194 2646 221 2677 1)
244 2645 338 2680 Epist.
358 2646 503 2673 Clementis
520 2647 544 2673 I.
569 2655 616 2680 ap.
634 2645 838 2672 Reeudo-Isid.
858 2655 890 2680 p.
911 2646 966 2677 32;
989 2647 1027 2678 ej.
1051 2655 1137 2680 supra
1158 2657 1189 2681 p.
1215 2648 1284 2674 394.
1310 2649 1380 2675 407.
1469 2650 1497 2683 '2¹21
1522 2649 1567 2682 Cf,
1593 2651 1729 2675 Benonem

91 2694 111 2726 l,
129 2694 158 2728 2,
179 2705 266 2730 supra
286 2705 317 2730 p.
337 2697 407 2724 375.
485 2698 514 2731 3)
537 2697 635 2725 Sermo
654 2697 702 2729 82,
727 2707 749 2724 c.
768 2697 795 2725 4,
820 2700 833 2727 „S
852 2697 877 2729 ἲ,
905 2696 996 2730 Opera
1018 2697 1046 2729 F,
1071 2698 1122 2724 col.
1140 2698 1199 2724 442
1218 2699 1260 2733 G‚·
1284 2700 1321 2733 cs.
1345 2709 1432 2734 supra
1452 2710 1482 2734 p.
1501 2701 1570 2726 315.
1638 2702 1666 2733 4¹>
1690 2702 1731 2727 Ad

3 2697 6 2777 l
86 2747 227 2779 sequentia
257 2747 295 2780 cs.
319 2748 439 2774 eiusdem
464 2748 594 2782 Huqonis
625 2749 707 2774 verba
738 2748 879 2774 simillima
910 2757 997 2782 snpra
1024 2758 1055 2783 p.
1081 2750 1151 2776 404.
1271 2750 1302 2786 5)
1328 2752 1372 2785 Cf.
1395 2762 1481 2786 supra
1508 2762 1539 2786 p.
1565 2752 1634 2777 393.
1660 2752 1730 2778 39⁶3.

5 2791 7 2827 Ι,
38 2801 68 2822 50
89 2795 118 2831 G)
143 2797 187 2830 C'f.
209 2807 295 2833 snpra
316 2808 346 2833 p.
365 2800 434 2832 395,
460 2809 486 2826 ⁷2.
508 2801 532 2826 1.
622 2800 650 2834 ῖ)
675 2799 719 2832 Cf.
740 2809 771 2834 p.
790 2799 860 2826 399.
879 2800 948 2826 416.

5 2830 29 2965 l,-
1447 2858 1498 2880 w

0 3031 11 3048 ἰ

0 3050 13 3067 Η
