2132 3067
67 687 93 706 10

64 944 90 963 15

62 1200 88 1219 80

60 1457 86 1476 25

58 1715 85 1734 30

56 1971 83 1991 ³5

53 2228 81 2248 ⁴0

53 2485 80 2505 45

640 131 751 156 LIBER
777 131 827 157 DE
851 131 982 159 ANULO
1006 134 1054 160 ET
1078 134 1240 163 BACULO.

538 218 624 256 Quid
648 219 710 249 nisi
736 220 869 261 praebet
893 222 920 251 ei
946 223 1132 263 coniugium
1157 224 1285 256 faeere?

453 268 495 299 Ut
519 270 607 310 prius
632 281 767 301 uxorem
793 271 889 303 ducat
913 273 972 303 sub
997 285 1071 314 rege
1096 274 1238 313 licenter.

536 320 641 359 Quam
666 321 786 353 Christi
811 334 961 363 sponsam
987 326 1112 359 sentiat,
1136 327 1335 358 aecclesiam.

451 371 492 402 Et
517 371 666 411 bigamus
691 373 754 411 fiat,
779 385 850 404 cum
876 374 992 405 debeat
1016 377 1109 407 unius
1134 389 1213 409 csse⁴

373 429 425 451 ⁴560
535 424 624 454 Sicut
648 424 798 465 praefixit
823 425 940 456 Paulus
964 432 995 458 et
1019 428 1165 459 instituit.
1785 445 1807 463 cs
1823 445 1925 467 'runa

450 474 545 512 Quod
569 475 595 504 si
620 475 790 506 ridiculum
814 477 908 507 nimis
933 484 988 508 aut
1011 479 1108 509 nichil
1132 491 1201 510 esse
1226 480 1359 513 videtur.

533 525 654 565 Restat,
679 532 712 557 ut
735 527 766 557 in
792 527 905 558 baculo
929 528 1000 569 plus
1024 529 1144 571 aliquid
1169 531 1291 562 videas.

449 576 628 615 ‘Quand0³
653 588 710 618 per
733 578 887 610 ecclesias
912 591 1023 611 omnes
1048 583 1177 612 omnino
1202 590 1337 622 tenetur,
1784 597 1845 617 mi.

532 628 575 659 Ut
599 629 794 670 quicumque
819 636 924 661 sacrat
949 631 1115 672 quidlibet,
1140 633 1199 664 hoc
1223 634 1351 666 habeat.

385 686 436 708 665
462 679 600 718 Quando
625 679 739 710 domus
763 681 918 712 sacranda
942 682 1013 714 Deo
1039 684 1160 715 secedit
1183 684 1223 716 ab
1248 697 1317 727 usu,

533 731 574 762 Et
597 732 697 762 fetore
722 743 778 762 suo
804 743 874 763 cum
901 733 1003 764 malus
1028 736 1151 774 eicitur,

449 782 590 823 Spiritus
614 783 688 814 inde
712 784 799 814 venit
823 786 876 826 qui
901 793 1017 825 sacrat,
1041 798 1118 828 prae
1143 788 1331 830 foribusque

529 834 614 873 Quid
639 835 724 865 dicat
745 836 845 876 novit,
869 837 922 878 qui
947 848 1039 868 sacra
1062 847 1171 869 nostra
1196 841 1292 881 capit.

448 885 653 927 Principibus
678 886 795 917 clamat
818 892 848 918 et
872 898 941 918 cum
968 896 1086 920 terrore
1110 891 1258 930 minatur,

368 943 420 966 670
532 936 573 968 Ut
596 937 707 968 tollant
732 944 840 979 portas
864 939 991 981 longius
1015 940 1089 971 inde
1114 953 1197 981 suas,

449 987 491 1018 Et
514 988 592 1020 fiant
615 994 726 1030 portae
750 1001 808 1031 pro
833 992 934 1032 portis
959 992 1151 1033 spirituales,

530 1040 573 1071 Ut
597 1052 653 1072 rex
677 1040 842 1082 glorificus
865 1043 1066 1083 ingrediatur
1088 1056 1151 1075 eas

447 1091 536 1123 Haec
561 1098 610 1123 est
633 1093 664 1122 in
691 1093 804 1124 baculo
829 1095 930 1126 virtus
955 1095 993 1126 de
1019 1107 1150 1127 munere
1176 1096 1306 1134 Christi,

529 1144 634 1183 Quam
659 1146 749 1175 novit
773 1156 911 1187 nequam
937 1147 1069 1187 spiritus
1093 1153 1189 1190 atque
1213 1148 1304 1189 fugit.

369 1201 420 1224 675
445 1194 549 1226 Sentit
572 1201 734 1237 pastorem
761 1197 853 1238 signo
877 1198 1016 1238 pastoris
1039 1198 1164 1238 adesse,

530 1247 571 1278 Et
596 1247 747 1278 baculum
773 1249 887 1279 metuit
911 1254 942 1279 ct
965 1249 1047 1291 fugit
1069 1249 1121 1282 ille
1145 1250 1248 1292 lupus.

444 1298 495 1329 Da
519 1305 681 1340 sceptrum
707 1298 814 1340 regale
838 1300 924 1340 mihi,
950 1301 990 1331 da
1014 1301 1124 1332 militis
1147 1313 1234 1332 arma

528 1350 800 1392 Principibusque
824 1351 915 1382 malis
939 1353 1088 1394 praecipe
1112 1354 1192 1384 inire
1215 1354 1340 1394 fugam:

442 1401 509 1432 Iam
536 1402 658 1440 videas,
683 1409 837 1444 quantum
863 1403 973 1434 valeas
997 1415 1149 1435 mucrone
1172 1404 1222 1436 vel
1246 1416 1322 1436 arcu

366 1459 417 1482 680
526 1453 636 1495 Atque
660 1455 781 1484 utinam
808 1455 929 1496 videas,
954 1462 984 1486 et
1009 1467 1123 1497 sapere
1148 1457 1293 1498 incipias.

442 1503 545 1535 Elatis
570 1505 692 1536 foribus
717 1517 733 1536 e
757 1505 876 1547 templo
900 1507 1167 1550 principibusque

526 1556 665 1588 Fortiter
688 1557 839 1596 exclusis,
864 1565 897 1589 ut
921 1564 1007 1589 tenet
1030 1558 1114 1590 alma
1137 1559 1227 1598 fides,

439 1606 560 1649 Incipit
582 1619 652 1639 esse
676 1608 739 1639 Dei
762 1609 876 1640 domus
899 1615 996 1652 atque
1021 1610 1176 1642 habitatio
1201 1611 1330 1647 Christi,

527 1659 572 1691 Ut
595 1661 657 1690 iam
682 1666 795 1702 regnet
819 1660 864 1691 ibi
889 1661 992 1702 gloria
1015 1661 1081 1693 sola
1107 1662 1179 1693 Dei.

364 1717 416 1741 685
440 1711 574 1753 Iamque
597 1711 675 1751 vidi,
699 1712 776 1754 quid
801 1713 840 1744 de
864 1713 988 1755 reliquo
1013 1725 1071 1755 pro
1096 1714 1213 1756 culpab
1237 1722 1399 1757 sequatur,

526 1762 609 1794 Cum
633 1764 713 1794 cinis
735 1764 767 1795 in
792 1765 951 1806 quadrum
974 1766 1145 1807 spargitur,
1170 1771 1200 1797 et
1223 1766 1338 1797 baculo

441 1813 603 1845 Scribitur
626 1816 657 1845 in
682 1816 789 1846 cinere
815 1816 920 1847 Grece
946 1818 1066 1858 prius1,
1091 1817 1164 1848 inde
1189 1817 1311 1857 Latine,

525 1865 617 1896 Hanc
640 1867 716 1908 quia
740 1868 892 1898 noticiam
919 1869 1036 1899 (J'recia
1060 1870 1164 1910 prima
1189 1869 1310 1901 habuit.

438 1917 480 1947 Et
503 1918 577 1959 quia
602 1929 798 1960 quamquam
823 1919 902 1951 alios
926 1921 1034 1961 apices
1059 1926 1088 1951 et
1113 1920 1210 1951 verba
1234 1928 1419 1962 sequantur.

361 1975 413 1998 690
523 1969 596 2000 Una
618 1974 725 2001 tamen
750 1970 864 2002 domus
887 1977 946 2011 est,
971 1983 1066 2013 quam
1091 1972 1180 2003 Deus
1204 1983 1286 2003 unus
1310 1973 1415 2006 habet.

438 2021 481 2050 At
504 2031 577 2050 cum
602 2032 659 2062 per
682 2021 830 2053 baculum
857 2023 937 2053 cinis
961 2024 1081 2064 accipit
1104 2022 1155 2054 ille
1179 2024 1309 2065 figuras,

523 2071 574 2102 Ad
598 2083 653 2103 cor
675 2073 845 2114 pulvereus
870 2075 914 2105 irc
939 2074 1069 2106 iubetur
1093 2075 1198 2113 homo,

438 2122 481 2153 Ut
505 2134 539 2154 se
562 2124 625 2154 iam
650 2125 792 2156 cinerem
816 2125 934 2164 videat,
958 2127 1162 2168 cineremque
1186 2127 1338 2167 futurum,

522 2175 619 2214 Quod
642 2176 723 2207 bene
747 2177 773 2207 si
797 2177 914 2217 scierit,
938 2177 1126 2208 hedificatus
1151 2179 1221 2209 crit.

360 2233 411 2256 695
437 2225 486 2257 Ad
512 2237 684 2258 mensam
710 2229 817 2267 venio,
842 2239 924 2270 quae
950 2229 1077 2260 Christo
1103 2230 1332 2269 sanctificatur,

523 2278 587 2317 Qui
612 2278 694 2320 lapis
718 2285 765 2310 est
790 2291 873 2311 unus
898 2287 929 2312 et
952 2286 1050 2322 caput
1073 2280 1265 2312 aecclesiae:

437 2330 501 2369 Qui
525 2340 583 2360 nos
607 2335 638 2361 et
660 2330 762 2361 reficit
786 2343 878 2363 sacro
901 2338 1044 2374 potuque
1068 2331 1216 2374 ciboque,

521 2381 568 2412 Nc
593 2393 652 2423 per
676 2387 739 2413 tam
764 2382 894 2424 longum
920 2383 1107 2415 deficiamus
1132 2384 1205 2415 iter:

436 2432 499 2471 Qui
524 2444 594 2463 scse
618 2433 710 2464 nobis
735 2435 788 2464 ine
812 2440 924 2476 potum
950 2436 1045 2467 vertit
1068 2442 1099 2466 et
1122 2446 1228 2466 escam

360 2490 410 2513 700
520 2484 561 2514 Et
584 2495 641 2515 nos
665 2485 814 2527 vivificat,
840 2487 969 2528 quando
995 2498 1107 2517 cruore
1133 2487 1228 2518 cibat.

436 2535 531 2574 Quod
554 2536 589 2567 fit
611 2536 643 2566 in
667 2536 726 2568 hac
750 2549 859 2569 mensa
884 2543 950 2569 tota
975 2539 1063 2580 prius
1086 2546 1183 2580 atque
1207 2545 1373 2580 peruncta,
1768 2555 1830 2573 fiir.

518 2587 589 2618 Hoc
614 2589 689 2630 quia
713 2600 771 2630 pro
795 2589 887 2621 nobis
912 2591 1049 2632 sumpsit
1072 2596 1102 2621 et
1126 2591 1195 2632 ipse
1219 2591 1316 2633 prior.

209 2690 234 2721 a)
256 2694 329 2722 quat.
351 2692 374 2715 2.
452 2693 478 2724 b)
498 2700 544 2724 per
564 2694 651 2718 clama
672 2703 692 2718 c.
769 2701 795 2725 c)
816 2696 841 2719 vi
861 2704 881 2719 c.

207 2788 234 2822 l)
257 2789 423 2816 ‘anathema'
446 2791 559 2818 scilieet.

1462 2850 1511 2871 ,35⁵
