2132 3067
73 704 98 724 10

70 962 98 980 15

69 1217 96 1236 20

69 1474 96 1493 25

68 1735 96 1755 80

70 1993 97 2012 85

70 2249 98 2269 40

72 2543 100 2562 ⁴5

745 142 796 168 ΠΙ.
835 143 1139 171 APOLOGETICUS.
1729 143 1764 173 ῙΤ

121 235 250 261 sanctus
275 230 454 261 ieronimus
478 230 510 260 in
534 228 746 270 apollogetico
770 230 810 260 ad
836 231 1112 263 pammachium:
1144 234 1314 276 Episcopi,
1332 236 1524 277 presbyteri,
1549 236 1684 265 diaconi
1711 241 1766 265 ant

120 282 265 323 virqines
293 280 491 322 asymam-³,
524 285 581 310 aut
605 281 708 319 vidui,
739 281 786 312 vel
815 287 897 313 certe
920 289 993 322 post
1016 285 1231 315 sacerdotium
1264 288 1297 316 in
1328 293 1493 318 aeternnm
1513 287 1641 328 pudici.
1687 285 1766 316 Item

120 331 234 363 beatus
264 331 460 363 Zacharias²
491 332 540 362 vir
568 331 764 373 apostolicus
795 333 938 363 scribens
971 334 1009 364 ad
1043 340 1187 365 sanctum
1221 336 1422 368 Bonifacium
1447 337 1765 378 Magontiaecnsemb

119 383 402 424 archiepiscopum
439 384 482 413 ita
514 382 670 414 decrevit:
718 383 806 423 Cum,
837 385 951 426 inquit,
985 391 1040 415 tna
1066 387 1272 426 fraternitas
1308 390 1339 418 in
1376 390 1513 420 concilio
1545 389 1765 429 Maquntinoc

118 435 296 466 consederit
319 447 388 466 cum
406 434 635 465 Karlomanno
651 435 918 466 eaeceltentissimo
937 437 1015 474 viro,
1040 439 1069 468 si
1085 448 1166 478 quos
1189 441 1347 480 repereris
1364 442 1540 480 episcopos,
1562 440 1766 481 presbyteros

119 492 176 517 aut
205 486 360 518 diaconos
389 491 503 518 contra
533 497 673 516 ccmones
705 486 751 516 vel
773 491 895 517 statuta
916 493 1052 528 patrum.
1075 491 1260 529 eoecessisse,
1286 491 1319 520 id
1343 496 1388 520 est
1413 492 1446 520 in
1472 491 1639 527 adulterio,
1666 490 1710 521 cel
1735 492 1764 521 si

117 537 228 579 plures
258 549 375 569 umores
407 538 602 576 habuerunt,
633 537 794 568 ueletiam
821 537 898 568 aliis
921 538 1086 579 capitulis,
1111 540 1254 582 quibu-5⁶
1287 552 1428 572 canones
1460 542 1605 572 obviasse
1638 543 1764 581 reperit,

118 594 176 620 tua
195 590 354 619 sanctitas
375 589 469 620 nulla
492 589 622 619 ratione
646 588 829 629 apostolica
853 591 1046 620 auctoritate
1068 593 1237 631 permittat
1259 603 1311 622 eos
1335 593 1514 622 sacerdotio
1538 593 1659 633 [fnnyi.
1685 594 1763 633 qvia

118 639 197 672 tales
230 652 248 670 a
281 651 338 671 suo
368 645 517 671 tantume
549 651 602 671 ore
624 640 720 680 falso
751 641 967 671 nominantur
990 642 1174 673 sacerdotes
1206 647 1233 673 et
1257 644 1427 674 deteriores
1451 644 1677 674 saecularibus
1701 655 1765 674 esse

119 697 310 733 noscuntur,
334 693 392 733 qui
413 703 445 723 se
469 703 570 733 neque
595 703 613 721 a
628 690 918 730 fornicationibus
942 703 1045 732 neque
1062 705 1081 723 a
1099 693 1243 733 nefariis
1259 695 1479 725 matrimoniis
1496 695 1664 725 abstinent.
1700 695 1765 724 Aut

117 743 198 784 quid
223 743 298 774 inde
320 745 463 774 sentiunt
486 744 611 774 dicente
628 742 807 774 Dominof:
831 742 1022 774 Sacerdotes
1046 746 1108 775 mei
1129 746 1222 775 semet
1246 746 1371 776 nubant
1394 750 1420 776 et
1445 746 1629 785 apostotus:
1659 746 1765 776 Unius

118 795 233 826 uxoris
262 796 368 825 virum
401 799 455 826 etc.
500 794 542 825 Et
572 795 630 825 hoc
663 798 737 824 ante
765 799 950 835 susceptum
979 796 1198 826 sacerdotium
1229 797 1278 826 uti
1307 796 1431 826 licitum
1459 802 1512 827 est.
1558 797 1644 827 Nam
1670 810 1687 826 a
1714 797 1765 827 die

117 847 260 887 suscepti
288 847 466 877 sacerdotii
495 847 591 876 etiam
621 845 660 876 ab
684 847 757 887 ipso
776 847 918 886 proprio
943 848 1098 888 coniugio
1117 847 1320 888 prohibendi
1343 854 1427 878 sunt.
1474 847 1567 878 Unde
1593 855 1625 878 ct
1650 848 1764 878 leroni-

119 908 188 928 mus
221 897 261 928 ad
288 897 522 939 Vigilantium³
557 897 700 928 scribens
735 901 886 927 testatur:
920 897 1086 929 Ecclesiae
1119 899 1262 929 Orientis
1296 904 1323 929 et
1352 899 1490 940 Eyiptig
1524 904 1551 928 et
1583 899 1763 940 apostolica

118 940 213 980 sedes*
230 955 287 980 aut
309 950 455 991 virgines
479 949 613 980 clericos
639 949 809 990 accipiunt
837 953 895 979 aut
919 950 1120 980 continentes
1151 955 1217 980 ant.
1249 951 1279 980 si
1305 961 1421 980 nscores
1445 950 1628 989 habuerint,
1654 951 1766 980 mariti

116 1012 182 1032 esse
206 1001 375 1032 desistunt.
421 1000 593 1039 Quomodo
617 1000 701 1030 enim
726 1000 818 1031 iuxta
841 999 978 1031 eundem
1003 1001 1196 1043 apostolum,
1220 1006 1255 1032 ut
1277 1001 1457 1042 predictum
1482 1007 1539 1037 est,
1570 1012 1604 1031 se
1628 1002 1765 1031 contine-

115 1056 194 1090 rent,
218 1052 243 1082 si
268 1062 340 1082 cum
365 1051 559 1092 coniugibus
582 1052 848 1084 incontinentiam
878 1063 1030 1083 exercere
1055 1052 1232 1084 deberent?
1277 1052 1377 1091 Quae,
1403 1053 1476 1094 quia
1501 1053 1659 1083 contraria
1684 1058 1765 1091 sunt,

115 1103 298 1134 nullatenus
328 1102 423 1134 simul
453 1114 523 1134 esse
556 1110 702 1144 possunt.
748 1103 814 1134 Sed
847 1109 877 1134 et
906 1103 966 1134 hoc
1001 1103 1172 1145 diligenter
1204 1104 1451 1145 inspiciendum,
1486 1104 1570 1145 quod
1603 1103 1767 1145 apostolus

115 1156 244 1186 iusserit
274 1154 349 1196 eligi
378 1154 418 1185 ad
442 1154 658 1185 sacerdotium
689 1166 751 1185 non
782 1155 837 1196 qui
860 1156 923 1185 iam
949 1166 1006 1196 per
1029 1156 1290 1186 incontinentiam
1317 1156 1397 1186 filios
1420 1162 1598 1196 generaret,
1631 1155 1685 1186 sed
1711 1156 1764 1196 qni

117 1206 238 1238 dudum
262 1206 345 1237 filios
368 1205 515 1237 adultosh
539 1211 570 1237 et
592 1206 674 1237 bene
700 1207 836 1237 nutritos
861 1207 1039 1237 habuisset.
1084 1206 1167 1238 Nota
1196 1213 1302 1237 autem
1333 1207 1512 1249 apostolum
1545 1206 1765 1238 inobedientes

116 1264 147 1290 et
169 1258 359 1300 vaniloquos
382 1257 564 1289 nullatenus
588 1259 671 1289 inter
694 1269 802 1289 sacros
827 1258 956 1289 ordines
980 1264 1194 1299 computasse,
1218 1259 1316 1289 immo
1341 1259 1461 1300 peritos
1484 1259 1666 1289 sacerdotes
1691 1269 1765 1289 con-

117 1310 225 1341 εῑίῐυ.ἰἱ
251 1310 443 1351 precepisse.
489 1309 541 1340 Ad
564 1309 621 1340 hos
645 1310 755 1352 utique
778 1310 972 1351 arguendos,
997 1311 1051 1351 qui
1068 1311 1233 1342 universas
1251 1310 1362 1341 domos
1388 1310 1589 1349 subvertunt,
1614 1309 1765 1340 docentes

116 1372 199 1404 quae
222 1372 286 1392 non
310 1366 437 1402 oportet
459 1361 563 1402 turpis
586 1361 667 1392 lucri
684 1363 799 1402 gratia,
824 1372 903 1403 quos
920 1363 1015 1393 etiam
1035 1361 1113 1392 dure
1129 1362 1288 1403 increpari
1312 1361 1411 1400 iubet,
1435 1373 1474 1392 ne
1491 1361 1625 1392 iudaicis
1649 1361 1765 1391 fabulis

116 1413 285 1444 intendant
315 1419 347 1443 et
377 1411 537 1443 mandatis
570 1413 735 1443 hominum
766 1414 1006 1444 aversantiumk
1035 1425 1052 1444 a
1076 1415 1222 1453 veritate,
1254 1418 1287 1443 ut
1318 1413 1362 1444 illi
1387 1414 1440 1455 qui
1464 1414 1554 1443 iuxta
1580 1413 1764 1444 mandatum

118 1464 209 1495 Pauli
233 1463 456 1496 Samosatheni
481 1465 548 1495 sive
573 1464 731 1495 Hebionis
755 1464 916 1495 iudaicam
941 1466 1207 1496 incontinentiam
1225 1464 1407 1495 christianis
1432 1464 1654 1495 sacerdotibus
1671 1464 1765 1495 licere

117 1516 345 1557 dogmatizant.
384 1515 471 1554 Quid
488 1527 565 1557 ergo
590 1517 716 1553 mirum,
740 1517 766 1546 si
791 1522 821 1547 et
844 1522 952 1547 noster
967 1517 1164 1558 apostolicus
1189 1516 1373 1547 huiusmodi
1398 1515 1617 1547 inobedientes
1640 1526 1658 1545 a
1675 1526 1765 1546 sacro

117 1567 221 1599 officio
252 1566 409 1598 dimovit?
443 1578 523 1609 quos
554 1573 585 1598 et
616 1567 798 1609 apostolus¹
829 1569 908 1599 dure
933 1569 1102 1610 increpari,
1130 1580 1191 1599 non
1217 1569 1318 1599 sacris
1341 1567 1507 1598 ordinibus
1531 1568 1764 1597 annumerarim

118 1618 284 1650 decrevit?
328 1618 471 1650 Videsne
500 1620 608 1660 igitur,
640 1631 734 1661 quarn
760 1619 989 1651 inevitabiliter
1019 1621 1081 1651 sint
1111 1620 1315 1651 observanda
1338 1620 1436 1650 nostri
1463 1619 1613 1660 Gregorii
1638 1623 1765 1658 statuta,

116 1681 198 1713 quae
220 1675 262 1700 a·¹
285 1671 502 1701 sacratissimo
525 1671 611 1701 fonte
628 1671 860 1712 scripturarum
880 1671 1026 1702 videmus
1043 1671 1231 1702 derivatao?
1269 1671 1442 1702 Sciendum
1460 1677 1566 1701 autem
1584 1670 1763 1711 apostolum

117 1722 330 1761 constituisse,
355 1727 390 1752 ut
415 1722 585 1753 ordinandi
609 1723 677 1753 sive
701 1723 839 1754 ordinati
864 1724 933 1753 sine
959 1724 1093 1754 crimine
1117 1730 1236 1759 essent,
1261 1734 1323 1753 non
1349 1724 1417 1753 sine
1441 1729 1582 1763 peccam.
1629 1721 1709 1752 Nam
1734 1722 1764 1752 in

117 1773 238 1804 mundo
262 1773 368 1804 nullus
391 1774 505 1804 iuxta?
529 1774 749 1815 Augustinum
775 1775 921 1817 exceptis
946 1775 1090 1816 parvulis
1114 1775 1286 1817 baptizatis
1309 1775 1377 1805 sinc
1402 1779 1531 1815 peccato
1556 1780 1763 1804 conversatur

116 1830 288 1856 attestante
309 1826 380 1866 ipso
405 1824 613 1856 dilectissimo
638 1826 770 1856 Domini
793 1825 952 1857 Iohanne:
991 1827 1030 1858 Si
1053 1827 1244 1866 (timei-imus,
1269 1826 1380 1868 inquit,
1405 1826 1482 1868 qnia
1505 1831 1671 1865 peccatum
1698 1836 1763 1855 non

117 1877 278 1917 habemus,
301 1877 371 1917 ipsi
393 1888 451 1908 nos
473 1877 658 1908 seducimus
681 1883 707 1909 et
734 1880 853 1909 veritas
877 1880 911 1909 in
937 1879 1030 1909 nobis
1053 1890 1118 1909 non
1144 1883 1196 1908 est.
1235 1877 1314 1908 Item
1340 1878 1439 1908 frater
1458 1877 1585 1906 Domini
1611 1875 1763 1913 Iacobus:

117 1929 156 1960 In
179 1929 290 1960 multis
312 1929 398 1959 enim
421 1927 616 1969 offendimus
639 1940 754 1960 omnes.
790 1929 881 1960 Multi
905 1935 1012 1960 autem
1037 1930 1105 1960 sine
1123 1930 1256 1960 erimine
1281 1929 1492 1970 reperiuntur.
1532 1928 1626 1958 Unde
1651 1926 1763 1958 beatus

118 1979 319 2020 Augustinus
343 1980 376 2010 in
399 1985 560 2011 tractatus
583 1980 675 2011 XLI⁰
706 1991 805 2022 super
827 1981 1032 2022 euangelium
1056 1981 1230 2012 Iohannis⁴
1257 1986 1406 2012 testatur:
1442 1979 1527 2010 Sedr
1548 1979 1650 2020 plane
1672 1978 1765 2009 multi

118 2032 198 2063 iusti
220 2031 302 2062 dicti
323 2035 400 2062 sunt
424 2032 494 2062 sine
519 2032 659 2073 querela,
687 2033 773 2074 quod
796 2033 1043 2074 intelliyenclnm
1077 2035 1148 2064 sine
1178 2033 1323 2063 crimine.
1369 2031 1472 2062 Nulla
1503 2031 1608 2061 enimS
1633 2029 1762 2071 querela

119 2084 207 2114 iusta
229 2088 274 2114 est
297 2083 335 2114 de
359 2083 410 2113 his
433 2083 469 2114 in
494 2083 587 2114 rebus
604 2084 769 2123 humanis,
794 2086 852 2126 qui
876 2095 941 2115 non
966 2084 1083 2115 liabent
1107 2086 1240 2115 crimen.
1281 2083 1407 2115 Crimen
1433 2094 1506 2112 vero
1530 2086 1573 2112 cst
1596 2085 1764 2122 peccatum

115 2145 215 2175 qrave
238 2135 446 2165 accusatione
469 2139 496 2164 et
513 2135 726 2166 damnatione
743 2136 983 2177 dignissimum.
1021 2135 1106 2174 Qui*
1131 2135 1230 2176 igitur
1247 2140 1310 2165 tam
1328 2136 1438 2175 'grave
1456 2138 1646 2174 peccatumu
1663 2132 1762 2162 adini-

117 2186 195 2216 serit
209 2186 300 2216 iuxta
314 2184 506 2227 apostolum,
530 2196 658 2217 sacrum
683 2186 827 2217 ordinem
852 2186 996 2217 obtinere
1020 2197 1082 2216 non
1107 2186 1246 2217 debebit.
1292 2186 1336 2217 Ut
1358 2190 1466 2216 autem
1490 2184 1568 2215 haec
1590 2182 1765 2225 apostoliea

119 2237 275 2268 institutio
305 2237 344 2268 de
375 2237 475 2267 sacris
502 2237 668 2268 ordinibus
698 2237 790 2269 nobis
819 2238 999 2270 evidentior
1028 2237 1094 2278 fiat,
1125 2237 1210 2269 beati
1234 2237 1386 2269 leronimi
1411 2236 1645 2277 expositionem
1671 2245 1765 2275 super

120 2288 253 2320 eandem
280 2288 484 2319 considerare
509 2299 572 2319 non
596 2289 715 2331 pigeat,
740 2290 795 2331 qui
819 2300 888 2320 eam
912 2291 943 2320 in
968 2288 1051 2320 libro
1075 2294 1187 2320 contra
1210 2288 1461 2320 Iovinianumv-⁵
1484 2289 1529 2318 ita
1552 2286 1723 2317 dilucidat:

233 2403 260 2434 a)
282 2403 415 2435 eliguntur
434 2402 466 2428 G.
523 2403 552 2432 b)
572 2404 739 2435 Mogonciac.
761 2404 792 2434 33
812 2404 975 2435 mogontiae.
996 2404 1021 2429 4.
1080 2404 1106 2430 c‘)
1127 2411 1159 2428 ez
1178 2404 1297 2435 Mogont.
1319 2411 1386 2427 corr.
1406 2402 1526 2433 Magont.
1549 2402 1579 2430 3;
1599 2401 1718 2431 Mogont.
1740 2401 1763 2422 4.

121 2448 148 2480 d)
171 2449 243 2481 quib.
263 2449 412 2474 canonibus
434 2449 495 2474 obv.
516 2450 643 2481 repererit
662 2448 694 2474 G.
770 2450 795 2480 e)
817 2451 924 2482 proprio
946 2449 977 2474 G.
1042 2449 1063 2481 f)
1083 2449 1141 2474 Deo
1163 2449 1193 2473 G.
1257 2450 1284 2480 g)
1307 2449 1405 2480 Egypti
1426 2448 1451 2472 3.
1473 2448 1497 2471 4.
1555 2446 1582 2476 h)
1605 2445 1719 2470 adolitos

118 2494 138 2525 i)
161 2495 266 2520 const-ui
286 2495 312 2519 2.
387 2495 417 2526 k)
439 2495 544 2519 advers.
565 2495 590 2519 3.
665 2495 685 2526 l)
707 2495 805 2520 Paulus
826 2495 851 2520 4.
918 2496 954 2526 m)
978 2495 1041 2520 adn.
1063 2496 1087 2519 3.
1153 2495 1181 2525 n)
1205 2498 1231 2519 et
1251 2502 1266 2518 a
1286 2494 1311 2519 3.
1333 2494 1357 2517 4.
1416 2493 1444 2523 ο)
1465 2492 1539 2516 diriv.
1561 2493 1586 2516 4.
1644 2492 1673 2524 p)
1693 2492 1765 2516 iuxta

120 2541 188 2572 Aug.
209 2549 231 2566 e.
252 2549 278 2572 p.
299 2541 371 2573 bapt.
392 2541 419 2565 in
438 2549 523 2573 marg.
544 2541 570 2565 3.
664 2542 693 2573 qi
713 2544 828 2565 tractata
848 2541 872 2565 2.
967 2541 991 2572 r)
1012 2541 1068 2565 scil.
1089 2540 1120 2565 G.
1209 2541 1232 2571 s)
1255 2541 1334 2564 etiam
1357 2539 1387 2563 G.
1476 2540 1497 2568 t)
1518 2546 1549 2562 ex
1570 2538 1631 2570 quid
1653 2546 1719 2561 corr.
1740 2538 1763 2559 3.

120 2587 147 2617 u)
169 2585 207 2610 ita
223 2586 249 2611 3.
271 2587 303 2617 4;
325 2586 395 2612 adm.
414 2595 490 2619 pecc.
510 2587 527 2611 i.
549 2595 572 2611 a.
593 2586 639 2613 G.,·
660 2587 730 2611 adm.
752 2588 768 2611 i.
790 2595 814 2612 a.
835 2595 908 2619 pecc.
931 2587 955 2612 2.
1041 2587 1068 2617 v)
1091 2587 1230 2611 Iovianum
1251 2586 1275 2610 2.

232 2694 258 2727 l)
283 2693 375 2727 Epist.
400 2693 450 2720 48.
478 2694 516 2719 ad
540 2694 701 2720 Pammach.
726 2696 740 2725 ξ
757 2693 805 2725 21,
834 2693 904 2727 opp.
928 2697 946 2719 t.
971 2693 996 2726 l,
1027 2693 1078 2719 col.
1103 2693 1158 2718 231
1187 2693 1219 2718 F.
1308 2692 1337 2725 2)
1361 2691 1448 2724 dofle,
1472 2690 1546 2716 Btbl.
1571 2690 1629 2721 JJJ,
1649 2699 1679 2722 2¹·
1699 2689 1765 2719 lib„

121 2743 200 2776 Jaffe‘
222 2753 266 2772 nr.
283 2744 376 2770 2264.
465 2744 495 2778 3)
518 2745 580 2779 §2
608 2744 678 2778 Opp.
703 2749 721 2771 t.
740 2745 780 2775 II,
804 2745 855 2770 cal.
875 2744 932 2769 389
952 2745 986 2770 Ii.
1076 2742 1106 2777 4)
1130 2743 1183 2774 ἐξ),
1208 2743 1250 2770 ed.
1269 2742 1374 2768 Bened.
1399 2746 1418 2767 t.
1437 2741 1493 2773 Ill,
1513 2750 1544 2775 p.
1562 2741 1602 2771 ΙΙ,
1628 2740 1677 2765 col,
1696 2739 1765 2765 574.

123 2794 153 2828 5)
175 2794 238 2820 Lib.
263 2795 287 2827 I,
316 2797 347 2826 ἓξ
370 2795 420 2822 34.
446 2795 494 2827 35,
522 2795 592 2830 opp.
617 2795 656 2826 II,
682 2796 734 2823 col.
759 2795 934 2824 ‘290—293,

1785 600 1812 621 ¹5.
1826 602 1881 622 156¹.

1785 1839 1859 1856 [1011.
1872 1837 1919 1861 με.

1784 1941 1828 1959 Ῑῑω.
1841 1940 1860 1963 3,
1873 1940 1884 1958 ‘2

1783 2144 1806 2162 's
1825 2145 1871 2162 157.
