2101 3072
45 719 71 739 10

45 977 70 997 1⁶

44 1235 71 1255 2⁰

46 1493 72 1513 ¹⁵

47 1751 74 1771 ³0

49 2044 76 2065 ³5

51 2304 78 2322 40

55 2559 82 2578 45

57 2827 84 2847 50

435 152 619 179 GOFFRIDI
642 150 808 178 ABBATIS
834 150 1128 177 VINDOCINENSIS
1152 149 1337 176 LIBELLUS
1362 149 1383 175 1.
1672 143 1731 173 681

91 254 184 286 quam
210 242 366 272 veraciter
394 241 463 272 eius
489 241 631 272 membra
663 240 802 276 fuerunt,
832 241 910 269 mori
944 240 1050 280 potius
1076 250 1132 280 pro
1164 238 1216 269 illo
1242 249 1336 280 quam
1368 242 1477 267 contra
1509 236 1597 267 illum
1626 237 1734 267 vivere

90 294 255 336 eligenteS‚
286 293 378 323 factis
402 291 561 333 amplius³
593 303 687 333 quam
714 291 820 322 verbis
845 291 1072 321 clamaverunt.
1119 294 1263 329 Quorum
1289 291 1460 320 victorioso
1490 289 1646 327 sanguine
1671 287 1734 318 lau-

90 351 176 377 reata
199 350 309 375 sancta
327 344 471 374 Romana
495 343 651 374 aecclesia
675 342 749 373 olim
775 343 933 384 superatis
959 342 1102 372 hostibus
1127 341 1348 382 triumphavit,
1373 352 1455 383 quae
1481 342 1511 370 in
1537 341 1602 370 suis
1627 339 1735 370 docto>

90 397 178 428 ribus
203 400 234 426 et
257 396 336 426 mori
362 406 419 436 pro
445 394 573 425 Christo
598 406 726 435 semper
750 396 874 435 optavit
904 402 934 425 et
958 394 1018 425 sibi
1045 395 1151 424 vivere
1175 394 1347 423 recusavit.
1394 393 1472 422 Hiib
1498 392 1595 422 sancti
1622 391 1681 421 viri
1706 391 1735 420 in

90 447 245 480 aethereis
269 445 490 477 mansionibus
513 457 583 476 cum
609 457 666 476 suo
690 446 832 476 Domino
858 447 919 476 iam
945 445 1099 485 exultant,
1129 444 1182 475 ubi
1209 456 1264 486 pro
1290 449 1390 474 niorto
1414 442 1585 484 temporali
1611 442 1734 473 beatam

91 498 361 532 immortalitatem
390 498 499 539 adepti
526 508 609 535 suos,
640 496 695 528 sed
720 508 782 527 non
808 497 982 538 degeneres
1014 507 1216 527 successores
1242 502 1426 537 expectant.
1472 494 1566 533 Quod
1591 495 1616 524 si
1640 493 1735 523 alicui

90 562 198 583 eorum
216 550 353 580 victoria
376 561 438 579 non
456 550 547 579 affuit
565 549 735 590 passionis,
760 560 823 578 non
848 549 923 579 illud
949 550 1044 579 timor
1067 549 1210 588 negavit,
1235 559 1273 577 ne
1298 552 1361 578 tam
1381 547 1486 588 passio
1507 546 1616 578 defuit.
1641 556 1735 587 quam

91 603 158 634 dies
181 601 374 633 certaminis.
420 600 553 631 Talibus
579 601 723 642 patronis
748 607 832 631 terra
856 600 1006 640 laetatur,
1037 600 1158 631 caelum
1190 599 1327 636 exultat,
1361 604 1392 628 et
1423 599 1498 640 quia
1528 597 1602 627 felix
1628 607 1737 627 eorum

91 656 156 686 vita
186 658 318 684 mortem
344 653 460 683 meruit
491 652 675 693 gloriosam,
708 652 784 682 hinc
816 658 926 682 sancta
956 651 1104 682 illorumc
1129 650 1315 681 sollemniad
1340 649 1431 692 plebs
1457 649 1629 679 christiana
1659 648 1737 678 celc-

92 704 213 738 brando
235 705 434 746 frequentat3
464 709 496 734 et
519 715 576 745 per
598 703 829 745 supplicabiles
861 705 1002 744 ipsorum
1031 714 1139 744 preces
1170 714 1203 733 se
1235 708 1300 733 tota
1323 701 1492 732 devotione
1520 712 1577 730 suo
1601 700 1737 730 creatori

91 756 303 789 commendat.
351 756 472 786 Horum
498 756 607 796 itaque
632 755 821 786 sollemniad
845 755 1007 786 celebrare
1031 761 1078 786 est
1103 754 1179 785 utile
1203 760 1233 785 et
1255 752 1456 794 religiosum:
1482 764 1514 781 se
1541 753 1602 793 piis
1627 762 1736 782 corum

93 809 261 852 praecibus
274 808 502 839 commendare
526 814 629 838 tutum
641 813 652 827 e
667 808 787 848 pariter
805 814 835 838 et
852 808 1078 838 necessarium.
1105 807 1130 836 A
1146 816 1281 848 quorum
1300 811 1383 835 sorte
1399 805 1490 836 beata
1508 805 1561 845 qui
1580 804 1610 833 in
1629 813 1737 833 eorum

91 861 167 892 sede
184 860 328 891 residens
345 864 376 890 et
391 859 483 890 aliter
499 870 599 900 agens
616 870 649 890 se
666 860 815 900 privavit,
840 859 959 889 factum
978 869 1070 888 suum
1095 857 1185 899 ipsef
1202 856 1356 888 dissolvat
1380 862 1410 886 et
1428 855 1514 886 velut
1530 854 1609 885 alter
1626 855 1739 885 Petrus

90 911 285 944 lacrimando
310 912 451 952 corrigat
475 911 560 953 quod
586 911 692 942 fecitg.

196 963 285 995 Si¹¹·²¹<
316 968 402 994 metu
433 963 545 993 mortis
576 963 730 994 titubavit
761 963 801 993 ad
834 962 942 992 boram
979 963 1085 992 carnis
1120 961 1303 999 infirmitas,
1340 960 1370 989 in
1405 958 1600 999 corrigendis
1635 957 1739 987 warnis

91 1015 243 1058 operibus
274 1015 390 1045 mentis
420 1015 587 1056 integritas
617 1022 800 1056 perseveret
832 1019 863 1044 et
894 1013 1066 1044 emendare
1097 1024 1160 1043 non
1192 1011 1375 1048 erubescat,
1411 1020 1546 1040 causans
1577 1009 1615 1039 de
1647 1020 1740 1039 carne

91 1067 167 1099 velit
196 1066 276 1097 nolit
306 1067 472 1105 moritura,
501 1067 586 1108 quod
620 1067 798 1108 acquisitai
831 1064 1073 1096 immortalitate.
1104 1066 1205 1095 vitare
1236 1063 1403 1105 potuisset.
1458 1061 1490 1092 Si
1523 1072 1598 1091 vero
1627 1060 1741 1090 timore

92 1119 202 1150 mortis
230 1118 365 1149 filiorum
395 1129 525 1149 suorum
554 1119 662 1160 potius
690 1129 783 1160 quain
813 1129 890 1148 suae
920 1129 957 1148 ea
987 1117 1101 1147 fecisse
1126 1115 1174 1146 vel
1202 1115 1395 1146 facientibus
1423 1123 1588 1144 assensum
1615 1111 1740 1142 dedisse

92 1171 303 1209 convincitur,
339 1171 445 1212 quaek
477 1169 624 1201 Christus
656 1182 714 1212 per
745 1175 846 1200 semet
878 1170 983 1210 ipsum
1017 1169 1170 1206 correxit,
1206 1172 1237 1198 et
1269 1167 1380 1197 beatus
1411 1165 1524 1196 Petrus
1556 1163 1740 1194 abhomina-

91 1223 160 1254 tus¹
187 1228 250 1262 est,
281 1227 377 1263 atque
407 1222 488 1252 sacri
511 1233 649 1252 canones
674 1223 829 1264 penitusm
854 1228 1063 1259 execrantur,
1095 1218 1181 1250 nullo
1210 1218 1368 1249 velamine
1397 1217 1463 1257 tegi
1493 1221 1598 1257 potest
1627 1214 1741 1244 vulnus

91 1280 155 1306 tam
185 1273 404 1305 manifestum:
444 1274 519 1314 quia
549 1281 640 1315 pater
670 1275 715 1304 sic
746 1274 818 1304 filiis
854 1274 1036 1315 propiciare
1072 1283 1134 1302 non
1167 1271 1287 1312 potuit,
1327 1269 1381 1300 sed
1417 1268 1550 1299 salutem
1586 1266 1742 1308 impedire

90 1326 238 1358 filiorum.
282 1325 420 1356 Mortem
445 1325 614 1367 siquidem,
638 1337 720 1368 quae
743 1326 881 1356 fructum
906 1325 983 1355 facit
1000 1323 1174 1361 meliorem,
1198 1322 1324 1353 differre
1348 1321 1454 1352 subito
1471 1320 1632 1351 morituris
1656 1323 1687 1349 et
1710 1319 1742 1348 in

91 1384 256 1410 aeternum
282 1378 415 1408 victuris
440 1378 537 1408 vitam
569 1389 588 1408 a
611 1378 683 1408 Deo
714 1383 855 1418 paratam
886 1377 1011 1407 auferre
1042 1375 1127 1406 nulla
1154 1386 1210 1405 nos
1235 1375 1351 1404 docent
1374 1371 1525 1413 exempla
1548 1376 1741 1401 sanctorum.

92 1430 174 1461 Nam
198 1430 225 1460 si
241 1428 361 1460 Paulus
384 1428 425 1460 ad
448 1428 559 1459 horam
584 1430 699 1460 vitavit
722 1435 867 1468 mortem,
892 1430 923 1458 in
940 1428 1048 1469 aliquo
1073 1427 1167 1457 fidem
1192 1437 1255 1456 non
1279 1425 1350 1456 lesit
1373 1435 1476 1466 neque
1500 1423 1640 1453 deseruit
1663 1423 1742 1452 veri-

91 1486 206 1513 tatem:
237 1486 269 1512 et
297 1492 330 1512 se
354 1481 449 1511 morti
481 1482 584 1522 magis
613 1492 793 1512 reservasse
823 1480 964 1511 creditur
992 1490 1087 1521 quam
1120 1478 1330 1515 subtraxisse,
1362 1483 1396 1507 ut
1424 1477 1559 1506 fructum
1590 1474 1743 1515 deinceps

93 1533 212 1564 faceret
249 1533 418 1575 potiorem.
475 1533 568 1564 Unde
608 1543 667 1564 nec
701 1533 842 1563 iustitiae
880 1543 938 1563 nec
973 1530 1212 1561 misericordiae
1247 1530 1344 1559 fuisse
1379 1527 1546 1559 consilium
1587 1526 1744 1556 veraciter

93 1585 312 1626 agnosciturn,
336 1585 391 1616 sed
409 1590 539 1616 satanae
556 1585 811 1624 incitamentum,
834 1595 888 1614 eos
905 1583 1106 1614 subtraxisse
1123 1582 1229 1617 morti,
1254 1592 1335 1623 quae
1360 1580 1414 1610 diu
1430 1579 1542 1610 deesse
1559 1589 1621 1609 non
1640 1582 1745 1619 potest

95 1635 292 1676 mortalibus,
323 1637 377 1679 qui
402 1648 474 1667 cum
500 1636 637 1668 utilitate
660 1636 759 1667 totius
783 1636 959 1667 aecclesiae
983 1636 1067 1665 vitae
1091 1634 1198 1664 statim
1224 1633 1333 1664 sotiari
1359 1632 1560 1673 potuissent⁰
1582 1635 1743 1660 aeternae.

95 1688 122 1721 O
147 1700 242 1731 quam
266 1688 462 1719 venerabilis
484 1694 515 1720 et
538 1699 633 1731 quam
659 1688 806 1730 preciosa
829 1693 912 1718 esset
936 1688 967 1718 in
992 1690 1168 1728 conspectu
1193 1685 1324 1716 Domini
1349 1694 1444 1721 mors,
1469 1684 1565 1713 immo
1589 1682 1654 1712 vita
1678 1680 1743 1711 illo-

95 1752 175 1780 rum,
199 1740 317 1783 quibus
340 1741 366 1771 si
391 1741 456 1781 pati
481 1752 539 1782 pro
562 1740 624 1771 fide
649 1740 758 1771 datum
783 1740 896 1770 fuisset
919 1738 1057 1780 desuper
1080 1737 1129 1768 vel
1154 1738 1185 1767 in
1209 1743 1295 1767 terra
1318 1737 1520 1778 permissum,
1543 1739 1653 1765 sancta
1676 1743 1744 1763 aec-

95 1792 193 1823 clesia
216 1792 357 1834 heretica
380 1793 538 1833 pravitate
563 1798 728 1833 superata.
760 1802 817 1822 suo
842 1801 977 1832 sponSO,
1009 1791 1062 1832 qui
1093 1800 1151 1831 pro
1181 1799 1219 1819 ea
1248 1794 1394 1818 mortuus
1425 1792 1471 1818 est
1500 1792 1531 1817 et
1558 1785 1745 1824 resurrexit,

97 1855 198 1886 usque
229 1845 259 1874 in
285 1843 381 1875 finem
405 1843 524 1875 saeculi
555 1843 665 1875 fideles
688 1842 771 1874 filios
803 1847 1015 1884 procreasset,
1045 1852 1106 1872 nec
1137 1841 1242 1881 frangi
1273 1851 1331 1870 nec
1361 1839 1447 1869 flecti
1480 1837 1634 1879 deinceps
1664 1836 1743 1867 fides

217 1929 243 1967 ⁵¹⁴)
267 1931 351 1956 Multo
370 1932 455 1956 lenius
469 1931 550 1956 abbas
565 1930 692 1955 Paschali
706 1930 747 1954 II.
764 1930 849 1962 paulo
864 1933 924 1953 ante
939 1929 1038 1961 (Epist.
1050 1928 1074 1959 I,
1086 1928 1114 1959 6)
1130 1928 1194 1952 haec
1208 1927 1364 1959 scripserat:
1384 1927 1458 1953 Huic
1474 1930 1570 1952 tamen
1587 1925 1743 1952 universali

266 1984 392 2011 omnium
417 1983 639 2009 christianorum
657 1982 739 2008 matri
758 1981 898 2008 oboedire
917 1984 960 2007 est
977 1981 1047 2006 utile
1065 1984 1094 2006 et
1108 1979 1309 2012 honorificum,
1334 1982 1362 2005 ct
1378 1987 1434 2004 non
1454 1978 1593 2004 oboedire
1611 1977 1743 2003 crimino-

267 2045 338 2062 sum.
377 2035 457 2061 Haec
482 2034 709 2061 oboedientibus
733 2033 918 2059 dilectionem
937 2040 1052 2058 servare
1070 2040 1184 2066 semper
1205 2030 1324 2063 studuit,
1349 2034 1377 2056 ct
1400 2029 1657 2056 inoboedientibus
1680 2028 1743 2054 red-

267 2088 335 2114 dere
359 2087 508 2115 ultionem,
553 2085 648 2119 Unde,
672 2084 957 2120 praec‹1›i·‹lialissi1nc
980 2088 1073 2118 pater,
1098 2086 1237 2117 paternae
1261 2081 1378 2116 pietatis
1394 2081 1507 2108 viscera.
1527 2081 1744 2115 qualiscumque

266 2138 342 2165 filius
372 2143 468 2165 vester
496 2137 644 2164 humiliter
672 2139 842 2172 praecatur:
874 2136 1009 2170 quatinus
1038 2135 1066 2160 in
1096 2138 1185 2160 matre
1210 2138 1310 2160 nostra
1332 2133 1463 2159 Romana
1486 2132 1630 2159 aecclesia.
1652 2132 1692 2157 sic
1718 2134 1747 2157 et

267 2190 395 2216 iustitiae
425 2193 517 2216 status
545 2189 642 2224 vigeat
671 2192 699 2215 et
731 2187 895 2214 dilectionis
926 2187 1059 2219 affectus,
1090 2195 1126 2212 ne
1155 2194 1267 2220 pauper
1297 2185 1436 2211 innocens
1466 2184 1661 2218 opprimatur,
1692 2191 1746 2209 nec

268 2241 410 2276 superbus
435 2242 515 2267 dives
539 2241 669 2276 qualibet
694 2239 847 2266 occasione
872 2239 1022 2274 glorietur.
1068 2237 1177 2269 Quodsi
1202 2236 1341 2263 violentia
1357 2235 1510 2262 Teutonici
1534 2235 1612 2270 regis
1636 2235 1747 2269 aliquid

269 2293 424 2328 aequitatis
448 2293 541 2318 minus
566 2302 582 2318 a
605 2292 687 2318 vobis
713 2290 833 2316 extorsit
864 2294 893 2316 et
923 2290 1008 2315 timor
1037 2289 1136 2315 mortis
1159 2288 1283 2315 filiorum
1307 2291 1467 2314 vestrorum
1492 2288 1527 2313 ad
1551 2287 1606 2313 hoc
1631 2295 1746 2312 carnem

269 2348 404 2376 vestram,
428 2353 485 2371 non
511 2344 634 2370 animam
660 2342 823 2368 inclinavit:
848 2345 955 2376 quanto
981 2341 1074 2366 minus
1098 2340 1226 2366 institiae
1244 2340 1272 2365 in
1289 2339 1343 2366 hoc
1361 2343 1455 2365 actum
1473 2338 1641 2370 dinoscitur,
1665 2341 1746 2364 tanto

269 2396 299 2422 in
323 2396 417 2422 causis
442 2396 506 2421 aliis
530 2395 653 2429 amplius
676 2398 842 2428 peragatur,
888 2393 974 2419 Pater
999 2393 1026 2418 in
1051 2392 1164 2417 Christo
1191 2391 1352 2423 karissime,
1377 2400 1433 2416 non
1458 2399 1508 2417 vos
1533 2390 1608 2416 ultra
1633 2390 1747 2415 moduni

270 2447 388 2481 afficiat,
414 2448 436 2473 si
461 2456 518 2482 qua
540 2447 596 2473 fuit
619 2446 736 2471 sinistra
761 2445 910 2479 operatio:
940 2453 996 2470 non
1021 2443 1174 2478 perturbet
1198 2443 1312 2469 oculum
1336 2443 1439 2468 mentis
1463 2446 1577 2468 vestrae
1601 2442 1677 2475 regis
1703 2450 1747 2467 ex-

271 2499 357 2533 actio,
383 2500 433 2525 sed
458 2502 565 2534 quanto
589 2498 693 2524 fortius
713 2496 845 2531 potestis,
871 2496 934 2521 iura
951 2494 1077 2520 iustitiae
1102 2495 1130 2520 in
1154 2495 1242 2520 rebus
1266 2494 1330 2520 aliis
1353 2494 1477 2520 teneatis
1495 2502 1570 2519 nnnc
1588 2502 1620 2519 ex
1639 2493 1748 2519 delibe-

269 2550 398 2583 ratione,
437 2554 469 2576 ut
503 2550 580 2585 quod
614 2549 676 2584 regi
710 2548 780 2574 fecit
813 2551 908 2574 vestra
943 2546 1106 2572 humanitas
1141 2546 1245 2572 fecisse
1281 2546 1415 2572 credatur
1445 2555 1498 2580 pro
1532 2545 1592 2571 vita
1625 2544 1748 2570 filiorum

270 2605 394 2637 paterna
417 2602 629 2636 compassione.

213 2686 240 2718 a)
260 2685 287 2709 z'n
307 2686 362 2710 Ioco
382 2695 443 2710 raso
467 2687 504 2710 1⁸.
581 2686 607 2716 b)
631 2685 666 2709 Hi
688 2684 712 2708 2.
789 2685 816 2713 c)
837 2691 926 2707 eornm
947 2682 972 2706 4.
1055 2681 1081 2712 d)
1101 2681 1260 2713 sollempnia
1281 2681 1306 2705 4.
1389 2680 1415 2711 e)
1435 2681 1499 2705 utile
1522 2681 1548 2705 in
1569 2681 1622 2705 Ioco
1643 2689 1704 2704 raso
1726 2681 1750 2704 3,

103 2732 122 2761 f)
143 2732 200 2764 ipse
219 2731 248 2756 in
268 2740 350 2764 marq.
366 2732 452 2763 suppl.
470 2732 494 2756 3.
561 2731 591 2762 g]
612 2731 675 2762 feeit
695 2731 720 2755 4.
788 2730 816 2755 hi
837 2727 973 2760 sequentia
994 2735 1074 2759 usque
1096 2727 1131 2751 ad
1150 2727 1231 2752 verba
1251 2728 1351 2751 abnuat
1371 2735 1525 2751 corruamus
1545 2728 1585 2758 (μ
1599 2727 1660 2756 (383,
1676 2726 1691 2750 Z.
1708 2726 1751 2749 19›

103 2778 156 2803 des.
182 2779 224 2808 ¹¹³3
245 2787 268 2802 v.
289 2787 356 2809 quae
377 2777 488 2810 exposui
507 2777 552 2802 ’Ν
567 2775 674 2802 Archi&
695 2775 806 2800 XVIII.
883 2776 902 2806 i]
924 2775 1026 2807 adquis.
1049 2775 1073 2798 4.
1140 2774 1168 2805 k)
1192 2781 1241 2806 que
1263 2774 1287 2798 4.
1354 2773 1374 2797 lt
1396 2774 1483 2798 aboni.
1500 2774 1523 2797 3.
1593 2779 1628 2796 ni·
1650 2780 1709 2804 pen.
1727 2772 1751 2796 4.

104 2825 133 2855 n)
155 2823 289 2855 hucusque
309 2825 334 2854 4,
356 2823 400 2847 uhi
420 2826 506 2848 cetera
526 2824 580 2848 des.
657 2826 684 2848 ot
707 2825 815 2854 possent
835 2824 859 2846 2.

178 2875 275 2899 Libelli
295 2875 328 2899 de
348 2875 401 2898 lite.
436 2875 470 2899 11.
1486 2870 1519 2891 86
