2132 3067
208 550 358 571 vkludvfido.

249 2360 271 2377 1⁰

276 2360 294 2378 h.
306 2360 324 2377 5.
335 2360 370 2376 Dm.

375 141 437 171 413
736 139 900 167 BENONIS
924 137 1179 170 ALIORL'MQUE
1202 136 1474 164 CARDINALIUM
1501 136 1669 164 SCRIPTA.

378 232 468 273 pedis
494 231 540 261 rel
565 229 734 261 cuiuslibet
758 228 857 270 partis
881 227 1050 259 exterioris
1074 226 1244 268 corporis?
1288 226 1369 257 Tam
1399 235 1570 268 perversae
1595 224 1847 267 dispensationis
1871 226 2015 258 confusio

378 296 459 322 nem,
492 290 554 313 tam
588 292 661 312 seve
693 280 868 311 curationis
891 284 1051 310 venenata
1074 278 1217 309 remedia
1240 288 1310 308 cum
1336 288 1393 319 pro
1417 277 1487 308 loeo
1511 276 1608 307 officii
1631 277 1733 308 nostri
1757 277 1921 309 humiliter
1943 289 2028 320 sepe,

378 334 550 376 aliquando
574 338 679 363 autem
704 338 734 362 et
759 330 858 373 pedes
883 329 1058 361 osculando
1071 336 1091 369 ¹,
1123 341 1181 372 per
1212 328 1319 371 plures
1349 339 1450 359 annos
1481 328 1617 359 diversis
1650 328 1921 360 medicaminibus
1954 340 2027 360 con-

378 386 519 416 siliorum
545 384 583 415 de
607 382 703 414 corde
726 383 861 413 errantis
885 383 989 413 eicere
1019 381 1210 412 niteremur:
1243 391 1344 411 novus
1370 379 1526 418 pharam,
1555 390 1638 422 quae
1662 380 1758 412 modo
1781 380 2025 412 emendaturum

379 450 410 467 se
429 436 646 478 promittebat,
671 439 743 476 post
759 433 855 475 paulo
872 433 1060 472 obduratus,
1083 432 1290 464 inemendata
1305 431 1473 473 predicare
1490 438 1521 463 et
1537 432 1659 473 scripto
1676 431 1877 472 confirmare,
1901 433 2028 464 neminc

379 487 610 525 subscr-Hieme,
634 496 718 517 nova
742 485 984 527 presumptione
1007 490 1038 516 et
1062 482 1267 515 intollerabili
1292 494 1399 514 errore
1429 484 1460 514 in
1491 482 1636 514 conciliis
1658 495 1723 514 non
1745 483 1890 518 timebat.
1935 484 2028 516 Intel-

379 539 456 570 lexit
488 540 585 579 igitur
609 538 753 568 Romana
783 536 951 575 aecclesia,
981 535 1066 578 quod
1098 546 1162 566 non
1191 534 1366 566 dimitteret
1396 535 1579 576 opprimere
1611 534 1765 577 populum
1798 535 1932 566 Domini
1962 535 2028 568 luto

380 595 409 621 et
434 590 533 621 latere
558 589 719 631 Egyptiae
749 588 924 626 servitutis,
956 587 1015 617 nisi
1050 588 1080 618 in
1113 597 1209 618 manu
1239 586 1314 617 forti
1344 592 1375 617 et
1398 586 1466 617 zelo
1491 585 1575 625 fidei,
1605 587 1752 618 accincta
1776 588 1899 629 potenti
1922 586 2029 629 gladio

379 642 468 673 verbi
495 641 566 681 Dei,
590 641 717 671 hereses
742 639 824 670 illius
848 641 878 670 in
905 638 1113 670 Latet-anensi
1138 638 1275 669 concilio
1286 643 1308 678 ³,
1332 638 1383 668 cui
1407 648 1540 680 presens
1565 639 1678 680 pocius
1702 638 1911 680 corporaliter
1933 650 2028 681 quam

378 691 585 735 spiritualiter
609 691 804 733 presidebat,
835 691 867 721 in
891 690 1038 721 libertate
1062 691 1205 732 spiritus,
1229 690 1356 721 nemine
1381 690 1558 730 resistente,
1591 688 1719 732 publice
1748 689 2028 732 condempnavit⁸.

379 744 441 775 Sed
478 744 553 785 quia
586 742 811 774 inrevocabilis
845 742 1036 784 permansit,
1071 743 1147 785 quia
1181 741 1386 784 privilegium
1422 741 1591 783 potestatis
1625 740 1821 783 apostolicae
1856 741 1965 773 verbis
2000 749 2031 774 et

378 797 471 827 factis
495 802 525 827 et
549 795 678 837 scriptis
703 796 733 825 in
757 793 946 825 abusionem
970 795 1075 832 vertit,
1099 795 1170 836 ipsa
1192 804 1248 825 nos
1265 798 1441 834 coegerunt
1459 792 1603 834 pericula
1620 792 1759 824 clamare
1776 792 1905 836 publice
1921 799 2030 826 contra

378 848 545 890 perfidiam
571 846 665 886 illius,
689 847 745 888 qui
769 846 877 877 navim
902 844 988 876 beati
1005 845 1093 876 Petri
1114 844 1300 887 impellebat
1324 846 1354 876 in
1378 845 1533 886 abyssum
1557 844 1806 886 profundissime
1823 844 2032 877 infidelitatis.

485 898 544 930 Est
567 904 674 930 autem
693 897 897 940 privilegium
915 896 1079 928 Romanae
1103 897 1210 928 sedis⁴
1234 907 1362 939 semper
1383 896 1533 928 assistere
1559 908 1616 938 per
1631 896 1810 928 cardinales
1835 898 2031 939 presbiteros

380 957 411 982 et
434 950 584 981 diaconos
614 950 675 992 ipsi
700 960 824 980 summo
849 948 996 991 pontifici
1020 948 1070 980 vel
1094 949 1216 980 vicario
1241 949 1343 991 ipsius
1367 948 1462 987 sedis⁷
1493 948 1526 979 id
1550 949 1618 979 esth
1643 949 1682 986 ei,
1711 959 1806 991 quem
1837 949 1908 991 ipsa
1937 948 2031 980 sedes

380 1007 584 1034 sacrosancta
614 1012 648 1032 os
679 1012 771 1032 suum
803 1001 888 1040 facit,
921 1011 978 1042 per
1009 1011 1105 1042 quem
1129 1006 1161 1032 et
1183 1011 1254 1032 cum
1281 1011 1345 1043 quo
1370 1000 1525 1042 predicat,
1555 1011 1611 1041 per
1635 1011 1730 1042 quem
1755 1007 1957 1032 sacramenta
1979 1001 2031 1032 ad-

381 1055 548 1095 ministrat,
573 1065 629 1095 per
653 1064 746 1094 quem
772 1057 802 1083 et
826 1063 898 1082 eum
923 1063 986 1094 quo
1010 1052 1167 1084 firmanda
1190 1052 1360 1084 confirmat
1383 1057 1414 1082 et
1437 1051 1651 1093 improbanda
1675 1052 1847 1094 improbat,
1877 1063 1940 1095 qua
1968 1063 2030 1083 non

382 1105 603 1137 subscribente
635 1103 777 1135 invalida
809 1108 856 1135 est
887 1103 1018 1145 publica
1049 1105 1165 1136 summi
1198 1104 1358 1146 pontificis
1389 1104 1556 1134 sententia.
1603 1103 1688 1134 Hinc
1717 1108 1775 1142 est,
1807 1105 1893 1146 quod
1919 1104 2032 1136 beatus

382 1158 573 1197 leronimus,
598 1157 715 1188 veteris
738 1162 770 1186 et
793 1156 869 1186 novi
892 1157 1078 1188 testamenti
1101 1157 1261 1199 interpres
1284 1155 1399 1196 fidelis,
1422 1155 1534 1186 doctor
1551 1154 1712 1197 specialis,
1735 1155 1900 1188 Romanae
1915 1155 2033 1187 aeccle-

381 1210 446 1240 siae
470 1209 628 1251 presbiter
651 1207 835 1249 cardinalis,
862 1207 902 1239 de
927 1208 1098 1250 privilegio
1122 1208 1233 1239 divino
1256 1206 1400 1239 eiusdem
1426 1206 1528 1238 almae
1552 1207 1638 1238 sedis
1661 1207 1731 1250 iure
1754 1207 1932 1247 confidens,
1954 1207 2034 1239 eius-

381 1261 451 1292 dem
477 1261 580 1291 almae
603 1260 688 1292 sedis
705 1261 838 1299 vicario,
861 1266 995 1291 sanct0⁰
1020 1270 1124 1302 papae
1142 1259 1297 1300 Damaso,
1322 1259 1477 1297 scribens,
1500 1259 1582 1290 ait⁵:
1607 1259 1752 1290 Romani
1771 1259 1928 1291 culminis
1952 1271 2033 1291 rece-

382 1313 437 1343 dat
462 1313 606 1344 ambitio.
661 1312 739 1343 Cum
762 1323 943 1344 successore
961 1312 1144 1353 piscatoris
1167 1311 1372 1353 discipulusd
1397 1310 1519 1343 Christi
1541 1311 1666 1353 loquor.
1721 1311 1790 1354 Eyo
1816 1309 1941 1342 nullum
1962 1312 2032 1353 pri-

384 1376 467 1396 mum
494 1365 559 1395 nisi
578 1363 742 1396 Christum
766 1375 910 1406 sequens,
934 1363 1134 1396 beatitudini
1157 1369 1243 1404 tuae,
1266 1364 1302 1394 id
1325 1368 1370 1394 est
1393 1363 1566 1394 cathedrae
1587 1362 1687 1402 Petri,
1711 1363 1935 1394 communione
1957 1374 2032 1394 con-

383 1418 493 1448 sotior.
548 1417 656 1458 Super
687 1416 777 1447 illam
805 1420 931 1457 petram
963 1415 1188 1457 aedifificatam
1219 1415 1407 1446 aecclesiam
1439 1416 1516 1446 scio.
1569 1413 1770 1456 Quicumque
1800 1419 1893 1446 extra
1925 1415 2034 1446 Ιιανιιεε

383 1479 506 1509 aquam
537 1468 717 1507 comederit,
743 1467 913 1509 profanus
944 1472 998 1498 est.
1051 1466 1091 1499 Si
1121 1468 1195 1509 quis
1226 1468 1260 1498 in
1290 1466 1359 1497 Noe
1389 1478 1469 1496 arca
1493 1477 1557 1498 ηοη
1578 1466 1699 1507 faerit,
1723 1466 1849 1508 peribit
1876 1471 2035 1508 reynante

383 1519 516 1551 diluvio.
563 1519 623 1550 His
647 1519 754 1550 verbis
779 1519 863 1551 beati
887 1518 1051 1558 leronimi,
1077 1518 1213 1549 Romani
1236 1517 1420 1556 cardinalis,
1444 1517 1538 1560 plane
1562 1517 1762 1559 intelligitur,
1787 1517 1874 1560 quod
1891 1517 2035 1549 Romana

384 1570 475 1602 sedes
500 1570 620 1602 nullum
645 1571 784 1613 primum
810 1571 870 1601 nisi
888 1570 1053 1602 Christum
1077 1571 1233 1612 sequitur.
1278 1569 1382 1601 Extra
1406 1580 1502 1612 quam
1527 1570 1603 1611 quia
1624 1568 1774 1600 Liberius
1797 1576 1828 1601 et
1845 1570 2035 1601 Anastasius

385 1622 652 1654 communicando
677 1623 965 1654 excommunicatis
981 1633 1100 1664 agnum
1118 1621 1310 1653 comederes
1335 1627 1610 1663 presumpserunt,
1633 1632 1652 1652 a
1670 1620 1888 1653 cardinalibus
1904 1627 2035 1653 sanctae

384 1675 469 1706 sedis
493 1680 527 1705 ut
550 1674 674 1716 profani
699 1674 864 1715 dampnati
889 1680 972 1706 sunt.
1018 1674 1105 1705 Hinc
1123 1678 1180 1714 est,
1204 1672 1289 1716 quod
1307 1674 1440 1704 trecenti
1458 1673 1602 1715 episcopi
1619 1672 1841 1704 Marcellinum
1859 1672 2036 1716 dampnare

385 1737 447 1756 non
472 1732 739 1768 presumpserunt
762 1726 886 1768 absque
904 1726 1050 1757 Romana
1073 1725 1238 1766 aeeclesia,
1263 1735 1346 1768 quae
1369 1724 1409 1756 ad
1434 1724 1494 1755 hoc
1518 1724 1654 1755 eundem
1673 1725 1831 1756 vicarium
1852 1735 1944 1756 suum
1963 1724 2036 1756 sub—

385 1777 430 1809 tili
455 1778 602 1808 examine
633 1778 796 1819 perduxit,
829 1784 863 1809 ut
893 1789 928 1808 se
960 1778 1030 1820 ipse
1061 1778 1184 1819 primus
1216 1777 1408 1819 dampnaret
1431 1783 1462 1807 et
1485 1777 1517 1807 in
1541 1776 1802 1818 dampnationem
1833 1777 1884 1808 sui
1913 1778 2037 1819 primus

386 1828 613 1868 subscriberet,
638 1830 719 1861 sieut
742 1830 858 1871 legitur
882 1830 913 1860 in
931 1829 1041 1860 Gestis
1059 1829 1277 1860 Romanorum
1302 1827 1491 1870 pontificum
1503 1833 1525 1868 ⁶,
1549 1829 1701 1870 quoniam
1727 1829 1831 1870 prima
1855 1827 1948 1860 sedes
1970 1839 2034 1860 non

386 1881 583 1912 iudicabitur
607 1893 625 1912 a
648 1892 824 1923 quoquam.
870 1881 912 1912 Et
936 1892 1008 1912 cum
1034 1880 1086 1912 illo
1109 1881 1276 1923 dampnati
1297 1885 1371 1912 suut
1387 1884 1453 1911 tres
1470 1879 1651 1911 cardinales
1669 1880 1849 1922 presbiteri,
1873 1879 2035 1919 Urbanus,

387 1932 552 1964 Castorius
576 1938 607 1964 et
632 1932 803 1972 Iuvenalis,
827 1938 859 1964 et
882 1932 946 1964 duo
970 1932 1152 1964 cardinales
1175 1932 1314 1972 diaconi,
1338 1932 1441 1963 Gaius
1460 1938 1491 1963 et
1507 1931 1725 1971 Innocentius,
1750 1932 1816 1974 qui,
1840 1932 1909 1963 eius
1932 1937 2037 1963 custo—

388 1983 443 2015 des
467 1985 611 2026 deputati
636 1985 814 2016 secuudum
839 1985 925 2016 vices
950 1985 999 2015 sui
1023 1985 1131 2024 officii,
1155 1995 1228 2015 eum
1254 1985 1285 2015 in
1310 1985 1527 2026 temptacione
1552 1982 1757 2025 reliquerant,
1781 1994 1875 2026 quem
1900 1995 1918 2014 a
1938 1989 2036 2026 temp-

388 2037 523 2067 tacionis
547 2036 688 2078 periculo
713 2048 865 2067 revocare
888 2036 938 2067 vel
962 2047 1035 2067 cum
1061 2037 1131 2078 ipso
1155 2036 1235 2067 mori
1259 2035 1468 2067 debuerant⁷.
1507 2035 1593 2066 Hinc
1617 2041 1674 2073 est,
1699 2035 1785 2077 quod
1808 2036 1954 2078 episcopi
1977 2036 2036 2067 sub

387 2090 487 2119 tercio
512 2088 618 2119 Leone
650 2099 735 2130 papa
765 2094 796 2119 et
821 2088 941 2119 Karolo
972 2099 1089 2130 magno
1113 2088 1214 2119 Rome
1243 2088 1433 2129 congregati
1457 2088 1487 2118 in
1513 2087 1625 2118 sinodo
1649 2086 1839 2118 dixeruntu:
1863 2087 1934 2119 Nos
1957 2098 2036 2129 apo·

388 2141 531 2171 serdicam
557 2141 670 2179 sedem,
702 2152 785 2181 quae
815 2145 861 2171 est
891 2145 991 2182 caput
1021 2141 1164 2171 omnium
1195 2140 1438 2179 aecclesiarum,
1471 2139 1620 2170 indicare
1650 2150 1715 2170 non
1742 2150 1930 2180 possumus,
1960 2139 2038 2171 sedss

390 2192 427 2221 ab
454 2193 527 2232 ipsa
552 2196 579 2221 et
604 2193 727 2222 viem-io
750 2192 844 2222 eius
867 2203 975 2223 omnes
999 2204 1057 2223 nos
1082 2192 1282 2224 iudicamur.
1333 2190 1442 2222 Habet
1464 2191 1548 2222 enim
1573 2191 1686 2222 eadem
1711 2190 1814 2229 sedes,
1837 2190 1911 2222 fidei
1936 2196 2038 2222 mater

2052 702 2077 720 10

2055 959 2079 979 15

2053 1218 2080 1237 20

2054 1475 2082 1495 25

2055 1734 2084 1754 80

2056 1993 2084 2013 ³5

390 2251 419 2273 ct
443 2250 562 2282 custos,
593 2248 782 2284 potestatem
813 2243 923 2274 divino
954 2243 1125 2285 privilegio
1156 2244 1218 2275 sibi
1249 2254 1446 2281 concessam,
1479 2248 1513 2273 ut
1541 2243 1587 2274 ait
1618 2242 1730 2274 beatus
1752 2240 1884 2282 Iulius⁹,
1913 2243 2038 2285 aperire
2054 2251 2084 2272 ιο

392 2306 521 2335 regnum
547 2301 575 2325 et
601 2293 750 2325 claudere
775 2293 892 2336 quibus
916 2295 993 2334 vult,
1025 2296 1099 2337 quia
1129 2296 1196 2326 eius
1219 2294 1366 2326 voluntas
1393 2293 1434 2325 ab
1458 2294 1617 2336 euangelii
1643 2292 1809 2326 voluntate
1833 2305 1896 2325 non
1921 2293 2038 2326 discor—

391 2346 456 2382 dat,
488 2346 542 2376 scd
567 2345 685 2377 Christi
717 2357 834 2387 sponsa
865 2357 936 2376 eum
961 2346 1091 2378 Christo
1123 2347 1216 2377 dicit:
1247 2346 1325 2378 Non
1352 2358 1484 2388 possum
1511 2358 1531 2377 a
1557 2357 1601 2377 me
1622 2348 1741 2387 jacere
1769 2346 1953 2389 quicquam,
1983 2345 2038 2378 sed

393 2399 474 2427 sicut
499 2398 610 2436 audio,
636 2398 754 2436 iudico,
786 2397 816 2427 id
841 2404 904 2429 est:
929 2409 990 2428 non
1014 2398 1053 2429 ad
1078 2398 1214 2437 libitum,
1242 2398 1299 2429 sed
1322 2398 1500 2430 secundum
1527 2398 1587 2429 Dei
1611 2397 1715 2439 legem
1738 2396 1824 2439 quod
1848 2398 1967 2429 iustum
1990 2402 2038 2429 est

504 2488 518 2501 u
553 2479 741 2502 condemnaret
764 2488 828 2501 crarta
852 2480 1015 2511 Nudrriaelurjl'.
1102 2481 1127 2503 bt
1151 2480 1222 2504 dces!
1244 2480 1267 2504 2.
1355 2481 1382 2511 c)
1404 2484 1512 2504 sanctae
1536 2482 1558 2504 l.
1645 2480 1671 2511 d)
1695 2479 1824 2512 discipulo
1844 2477 1882 2503 H.
1965 2478 1992 2510 θ)
2011 2478 2037 2504 h.

394 2525 499 2549 domum
521 2533 544 2548 n.
566 2524 601 2548 II.
678 2525 695 2548 f¹
720 2525 886 2549 commedere
913 2527 932 2549 l.
1010 2532 1037 2555 μ’)
1058 2527 1193 2551 nudemus.
1227 2527 1294 2551 Nam
1317 2526 1360 2550 lib.
1378 2531 1452 2558 pont.

505 2600 529 2624 11
555 2599 598 2631 Cf.
623 2608 708 2631 supr-«1
731 2608 759 2632 p.
779 2599 848 2625 40².
937 2602 965 2626 ’.2)
990 2600 1077 2626 laid„-
1101 2600 1187 2625 corde
1212 2600 1345 2625 indurato
1371 2601 1397 2625 in
1424 2608 1472 2626 ore
1500 2599 1666 2626 Pharaonis.
1755 2599 1784 2633 3)
1808 2597 1886 2629 Quae
1909 2607 2038 2633 quorsum

394 2655 521 2684 spectent.
547 2651 659 2683 ''yrum-o:
690 2650 726 2682 ''s-
752 2651 893 2675 thnilzer
916 2651 933 2676 I.
958 2651 976 2677 I.
1000 2661 1028 2684 1¹·
1048 2652 1096 2679 22.
1206 2652 1234 2685 4)
1260 2652 1303 2684 (ἶν’,
1332 2653 1467 2677 Item-mem
1492 2652 1515 2683 I,
1541 2652 1568 2684 2,
1594 2660 1624 2685 p.
1643 2651 1714 2677 370.
1827 2650 1856 2685 5)
1881 2650 1970 2684 Epist.
1990 2649 2035 2682 15,

398 2706 487 2736 ‘'pt-rai
514 2702 535 2731 Ι,
562 2702 747 2728 col.38.139.
826 2702 854 2726 tib
879 2702 938 2727 m.
962 2702 1064 2735 pansis.
1091 2703 1113 2735 l,
1134 2713 1163 2737 p.
1185 2704 1252 2730 1·;·2,
1329 2703 1357 2728 Ti
1383 2704 1464 2729 Cane.
1483 2702 1694 2735 Sinuessanum,
1718 2701 1818 2728 filansi
1839 2701 1864 2733 I,
1887 2702 1939 2728 col.
1959 2701 2035 2728 1253

396 2753 528 2779 -1257,
629 2754 656 2787 5)
684 2753 740 2777 lje).
765 2753 866 2785 pontis.
892 2754 933 2780 ω’,
962 2754 1107 2779 ltneloesne
1131 2754 1172 2786 11,
1192 2764 1221 2787 ῃ.
1242 2754 1268 2781 7.
1370 2756 1398 2787 9,)
1424 2755 1513 2787 Epist.
1537 2755 1576 2780 ad
1600 2754 1682 2788 episc.
1703 2753 1807 2779 Orz'ent.
1830 2762 1877 2788 ap.
1901 2753 1970 2780 [εἰεί.
1994 2752 2036 2780 ed.

398 2805 547 2831 llimcln'us
566 2814 596 2838 p.
618 2805 686 2831 4:320.
