2132 3067
287 401 333 423 (111

187 658 332 678 Lem-1139.

286 917 333 940 (12)

286 1484 332 1507 (¹⁵)

357 147 398 177 94
757 145 909 173 LIBELLI
933 144 1130 171 BERNALDI
1153 143 1390 171 PRESBYTERI
1413 144 1600 172 MONACHI.

357 243 388 269 et
411 238 549 268 Aeacius
579 236 758 277 depositus,
791 234 830 265 de
861 244 924 276 quo
956 243 1054 275 supra
1082 231 1261 272 retulimus,
1291 231 1409 263 multos
1439 231 1610 272 ordinavit,
1641 243 1722 274 quos
1753 237 1860 264 tamen
1889 232 2002 264 beatus

357 289 547 319 Anastasius
580 298 664 328 papa
695 287 854 326 integrum
886 285 1098 316 ordinationis
1129 289 1365 316 sacramentum
1393 283 1435 315 ab
1463 294 1500 315 eo
1529 284 1713 326 percepisse
1736 289 1767 315 et
1790 284 1831 316 ob
1855 283 1916 315 hoc
1939 295 2002 316 non

356 338 588 370 reordinandos
612 349 681 369 esse
705 336 869 368 iudicavit.
1340 373 1343 376 ι

460 389 572 420 Nullus
596 394 701 419 autem
726 387 920 429 dampnatus
944 386 995 432 vel
1019 387 1318 418 excommunicatus
1349 386 1410 418 sibi
1439 386 1478 418 de
1508 386 1707 417 confectione
1731 391 2002 418 sacramentorum

354 441 538 483 applaudat,
571 441 668 470 immo
694 441 724 470 in
749 439 809 470 hoc
833 438 995 469 cumulum
1025 448 1100 469 suae
1130 438 1376 480 dampnacionis
1399 444 1564 479 agnoscat,
1595 448 1667 468 cum
1697 443 1784 469 tanto
1813 437 2005 469 sceleracior
2024 450 2037 470 5

355 498 385 523 et
407 492 448 523 ob
480 491 540 522 hoc
569 491 629 522 sibi
661 496 750 522 tanto
781 490 992 532 perniciosior
1019 490 1148 530 existat,
1181 496 1300 531 quanto
1331 490 1472 521 sanctius
1501 493 1700 530 reputatura,
1731 489 1818 531 quod
1849 488 2004 531 sacrilego

354 555 434 575 ausu
458 554 613 584 usurpare
631 553 694 572 non
711 548 848 573 veretur.
894 540 1017 583 Nempe
1034 541 1232 572 tolerabilius
1249 548 1408 583 peccaret,
1432 542 1459 572 si
1482 540 1522 572 de
1545 540 1637 572 altari
1661 550 1778 581 corpus
1802 551 1897 571 suum
1921 551 2005 571 eom-

356 596 442 626 muni
466 605 549 636 panc
573 594 727 632 reficeret,
756 604 852 634 quam
882 593 1021 623 animam
1053 603 1143 623 suam
1173 592 1400 634 dampnatoria
1424 593 1649 623 communione
1673 590 1878 625 interficeret.
1921 591 2003 623 Nam

356 648 445 677 iuxta
467 645 660 687 apostolum,
685 646 742 686 qui
765 645 999 675 eucharistiam
1025 645 1162 685 indique
1186 645 1294 684 sumit,
1318 645 1480 675 iudicium
1497 644 1561 675 sibi
1583 643 1762 674 manducat
1783 648 1812 674 et
1834 643 1920 675 bibit.
1954 643 2004 674 In—

354 698 450 738 digne
474 702 580 728 autem
605 696 711 735 sumit,
737 696 790 737 qui
815 695 957 726 nondum
983 695 1171 727 criminibus
1196 706 1230 726 se
1254 695 1452 737 penitendob
1471 695 1632 737 purgavit,
1657 704 1751 736 quem
1774 705 1833 726 nee
1850 695 2004 726 canonica
2026 706 2052 726 ιο

354 749 507 780 severitas
531 747 572 778 ad
596 747 804 789 penitondum
830 747 972 778 excitare
996 747 1109 788 potuit.
1155 747 1192 778 In
1217 746 1475 778 ordinationibus
1501 757 1630 789 quoque
1654 745 1789 788 quilibet
1811 746 2004 788 dampnatus

356 801 459 831 minus
488 799 698 841 delinqueret,
729 799 754 829 si
778 797 877 829 nichil
901 797 1002 837 daret,
1032 809 1127 840 quam
1158 809 1216 840 per
1240 804 1477 829 sacramentum
1503 797 1720 829 ordinacionis
1744 797 1890 829 ordinato
1913 808 2005 829 suam

354 852 621 893 dampnacionem
638 851 805 891 irrogaret.
844 849 886 879 Et
902 850 1017 880 mirum
1035 850 1067 880 in
1084 849 1227 889 modum,
1251 849 1327 880 dum
1345 861 1415 880 eam
1432 848 1484 880 alii
1510 850 1640 891 irrogat,
1663 849 1791 890 penitus
1814 848 1877 880 sibi
1900 849 2003 891 ipsam

355 914 417 934 non
449 902 608 939 diminuit,
639 901 694 932 sed
725 900 926 942 multiplicat.
971 900 1185 943 Nequaquam
1209 907 1307 943 ergoc
1331 901 1499 942 dampnati
1521 900 1561 932 de
1584 901 1769 942 perniciosa
1791 901 2005 943 usur-pacione

353 959 625 986 sacramentorum
649 952 849 994 applaudant
872 952 945 991 sibi,
970 963 1043 983 cum
1068 958 1156 984 tanto
1181 952 1427 994 inreparabilius
1451 963 1484 983 se
1508 953 1596 994 ipsos
1613 951 1861 995 condempnent,
1885 957 2004 994 quanto
2025 964 2052 984 ιο

354 1007 514 1037 sanctiora
531 1011 612 1043 sunt,
637 1015 719 1046 quac
736 1003 812 1034 darc
829 1003 879 1034 vel
895 1005 1044 1045 accipere
1062 1010 1173 1035 contra
1188 1004 1236 1035 fas
1253 1010 1283 1036 et
1299 1005 1348 1035 ius
1365 1003 1524 1045 sacrilege
1541 1009 1741 1046 presumunt.
1773 1003 1859 1035 Hinc
1875 1008 2005 1034 sanctus

355 1057 550 1097 Gregorius¹
577 1067 663 1098 papa
686 1056 809 1097 primus
833 1056 864 1086 in
882 1055 1041 1097 registrod
1067 1067 1124 1087 suo
1143 1055 1314 1099 k[apitulo]
1334 1055 1463 1088 CCXL.
1486 1056 1587 1097 partis
1611 1055 1772 1087 secundae
1795 1054 2004 1097 dampnatum

354 1108 555 1140 sacerdotem
573 1108 701 1149 pristini
720 1107 815 1138 officii
832 1112 1056 1148 usurpatorem
1074 1112 1230 1149 perpetua
1247 1108 1589 1139 excommunicacione
1602 1107 1767 1149 dampnat,
1783 1112 1818 1138 ut
1830 1107 1885 1138 vix
1898 1107 1927 1138 ei
1940 1107 2007 1138 via-

354 1161 452 1191 ticum
470 1161 502 1190 in
519 1159 581 1190 fine
598 1160 683 1190 vitae
702 1157 867 1190 concedat.
908 1158 992 1189 Hinc
1014 1159 1116 1190 sancti
1133 1164 1241 1200 patres
1259 1160 1290 1190 in
1307 1158 1532 1190 Anthioeenoe
1557 1158 1692 1190 concilio
1717 1158 1889 1202 k[apitulo]
1913 1158 2006 1189 1111.²

354 1211 485 1243 cuilibet
508 1211 694 1253 dampnato,
718 1210 743 1240 si
767 1209 889 1252 aliquid
914 1210 953 1241 de
977 1211 1088 1242 sacrof
1112 1211 1289 1242 ministerio
1312 1211 1497 1252 attingeret,
1521 1221 1647 1242 omnem
1671 1221 1762 1252 spem
1789 1209 2005 1241 restitucionis
2024 1221 2052 1240 zo

354 1263 402 1294 vcl
431 1263 535 1294 locum
568 1262 798 1293 satisfactionis
828 1262 956 1303 penitus
987 1261 1237 1304 denegaverunt,
1269 1273 1445 1305 omnesque
1469 1263 1499 1293 ei
1522 1262 1604 1293 infra
1627 1261 1896 1304 dampnacionem
1920 1271 2005 1292 com—

353 1315 553 1346 municantes
577 1314 636 1345 sub
654 1314 996 1345 excommunicacionc
1012 1313 1280 1356 dampnaverunt.
1327 1313 1362 1345 Si
1385 1324 1462 1356 ergo
1486 1324 1543 1356 pro
1567 1314 1782 1355 usurpacione
1805 1313 1890 1344 sacri
1913 1313 2005 1343 mini-

354 1367 442 1398 sterii
464 1371 528 1396 tam
552 1366 669 1396 acriter
692 1365 918 1406 dampnantur,
948 1366 1002 1407 qui
1027 1365 1094 1396 solo
1118 1365 1224 1396 officio
1248 1366 1424 1407 privantur,
1455 1370 1575 1408 quanto
1605 1366 1709 1407 magis
1733 1364 1788 1404 illi,
1819 1365 1875 1407 qui
1898 1363 2004 1395 officio

354 1422 385 1448 et
409 1418 634 1448 communione
658 1417 776 1458 privati
801 1416 878 1448 talia
902 1423 1168 1459 presumpserunt
1191 1417 1326 1459 indigni.

460 1468 605 1500 caveant
627 1479 755 1510 quoque
779 1474 809 1500 et
833 1469 895 1510 ipsi
918 1468 1077 1508 catholici,
1101 1480 1141 1500 ne
1164 1468 1338 1511 aliquando
1361 1473 1563 1500 sacramenta
1581 1479 1599 1499 a
1615 1467 1799 1511 dampnatis
1814 1467 2005 1509 percipiant,
2024 1479 2052 1500 25

356 1531 394 1551 ne
422 1531 454 1551 sc
482 1520 541 1551 sub
567 1520 925 1551 excommunicatione&
954 1527 1137 1552 sanctorum
1170 1526 1298 1562 patrum
1329 1526 1460 1562 ponant.
1505 1520 1663 1562 Precipue
1693 1525 1800 1551 autem
1831 1518 1871 1550 de
1900 1528 2005 1550 sacra-

356 1571 470 1603 mentis
487 1573 840 1603 excommunicatorum
858 1578 1001 1612 caveant,
1026 1573 1121 1614 quia¹¹
1137 1583 1194 1613 per
1211 1572 1289 1603 haee
1306 1573 1397 1603 iuxta
1413 1572 1657 1603 attestacionem
1673 1576 1858 1602 sanctorum
1875 1574 2003 1612 patrum

356 1634 418 1653 non
443 1622 587 1657 salutem,
611 1623 667 1654 scd
690 1623 957 1664 dampnacionem
982 1628 1012 1654 et
1035 1624 1314 1655 exsecracioneini
1338 1623 1474 1666 quilibet
1490 1624 1723 1666 participantes
1740 1622 1913 1665 accipiunt,
1938 1622 2005 1664 qui-

357 1674 416 1705 bus
440 1686 502 1705 non
527 1674 598 1705 dico
623 1676 655 1705 in
679 1676 899 1715 sacramentis,
924 1675 979 1706 sed
1004 1675 1031 1706 si
1054 1675 1087 1706 in
1103 1674 1213 1706 osculo
1231 1676 1551 1716 communicaverint,
1575 1675 1764 1706 canonicam
1783 1673 2005 1705 excommuni-

355 1727 518 1757 cacionem
544 1725 767 1766 subterfugere
792 1737 854 1757 non
879 1733 1038 1768 poterunt.
2023 1736 2052 1757 ³⁰

1016 1949 1265 1986 LIBELLUS
1294 1950 1338 1985 V.

784 2028 1237 2071 APOLOGETICAE
1270 2029 1573 2070 RATIONES.

461 2113 656 2144 Rationz'bus
694 2114 751 2144 hoc
788 2113 893 2144 libello
932 2113 1042 2143 allatis
1080 2112 1272 2144 Ber-ualdus
1310 2113 1488 2144 monachus
1525 2124 1548 2144 s.
1583 2112 1695 2143 Blasii
1733 2123 1868 2143 causam
1906 2123 2000 2143 suam

354 2175 548 2204 suorumque
579 2164 783 2204 confratrum
817 2169 931 2195 contra
964 2163 1175 2195 Arialb‘ertum
1201 2165 1427 2206 praepositum
1463 2164 1649 2205 Spirensem
1688 2163 1849 2204 defendit,
1884 2174 1904 2194 a
1936 2174 1998 2206 quo

357 2215 529 2245 monachos
559 2216 749 2256 91·11u1'ss1'711e
782 2216 989 2256 reprehensos
1020 2226 1085 2246 esse
1116 2227 1155 2246 ea:
1185 2227 1342 2257 responso
1366 2215 1530 2247 Bernnldi
1555 2220 1655 2256 patet.
1714 2214 1782 2250 Quo
1809 2215 1882 2246 stilo
1905 2219 2000 2257 atque
2019 2227 2047 2248 ³⁵

354 2266 486 2306 inyem'o
509 2277 640 2296 causam
667 2267 778 2307 efferii,
802 2267 896 2297 verba
922 2266 1054 2297 docem:
1085 2268 1316 2309 Quantumque
1339 2267 1546 2308 imperatoria
1569 2267 1721 2297 maiestas
1744 2265 1871 2298 excelsa
1893 2266 2001 2298 videa-

356 2322 416 2354 tur,
440 2327 503 2347 non
527 2322 575 2347 cst
599 2324 704 2348 tamen
729 2328 878 2358 aequum,
904 2323 937 2348 ut
961 2324 1071 2347 contra
1096 2318 1200 2349 Deum
1226 2319 1253 2349 ei
1278 2319 1457 2350 obediatur.

462 2368 612 2409 Scriptus
635 2374 678 2398 es!
702 2368 827 2399 libellus
848 2380 940 2410 papa
965 2368 1126 2409 Greyorio
1154 2370 1219 2401 VII.
1244 2375 1379 2408 mortuo,
1402 2375 1475 2411 post
1500 2381 1623 2400 annum
1652 2369 1742 2408 1086,
1768 2370 1816 2400 11.
1838 2369 1936 2411 Any„
1965 2374 2000 2400 ut

356 2419 493 2456 videtur,
519 2431 578 2460 quo
603 2420 653 2449 die
681 2421 774 2460 apud
792 2420 955 2460 Plez'chsel!
977 2426 1163 2461 puyncttum
1185 2426 1239 2461 est,
1263 2433 1334 2452 cum
1357 2421 1526 2462 probabile
1550 2433 1610 2452 non
1636 2421 1679 2451 sit
1702 2420 1909 2452 Ber-ualdum
1932 2422 1999 2452 iam

355 2471 568 2501 monasticam
597 2472 691 2501 vitam
716 2483 777 2511 pro
796 2483 897 2502 essum
925 2471 974 2502 illi
993 2472 1119 2512 proelio
1145 2472 1344 2513 interfuisse.
2016 2485 2046 2505 ιο

464 2522 582 2552 Eaestat
607 2523 638 2552 in
663 2522 730 2552 solo
755 2522 861 2553 codice
884 2523 914 2562 9,
938 2535 1020 2553 saec.
1039 2523 1132 2562 XIII,
1157 2523 1230 2555 olim
1257 2524 1290 2555 S.
1310 2523 1432 2562 Blasii,
1457 2524 1552 2554 cuius
1576 2524 1787 2565 epistolarum
1810 2525 1921 2565 prima
1944 2528 1997 2555 est.

467 2652 494 2667 n·
521 2648 625 2676 inputat
645 2645 674 2668 (ἶ,
780 2645 809 2671 b)
836 2653 913 2676 poen.
935 2654 962 2669 se
983 2646 1014 2669 G.
1119 2647 1142 2672 e)
1173 2647 1251 2677 igitur
1272 2646 1303 2671 G.
1409 2647 1438 2677 d)
1465 2651 1568 2679 regesto
1591 2647 1622 2671 G.
1722 2650 1747 2677 c)
1776 2647 1943 2672 Antiocheno
1965 2647 1996 2672 G.

355 2690 374 2719 s)
395 2694 562 2715 sacramento
584 2691 607 2714 4.
685 2698 712 2721 g·
735 2691 1037 2715 excommunicati-»nem
1060 2690 1090 2715 G.
1168 2691 1193 2715 h]
1217 2692 1286 2723 quod
1307 2692 1338 2717 G.
1415 2694 1432 2716 i)
1455 2700 1541 2718 execr.
1563 2693 1588 2717 4.
1611 2693 1642 2717 G.

467 2798 493 2825 1)
516 2797 577 2823 Lib.
602 2797 630 2829 Γ,
654 2805 695 2829 ep.
716 2796 741 2828 7,
769 2798 839 2830 Opp.
867 2797 906 2829 ll,
930 2798 980 2823 col.
1001 2797 1076 2829 T33‚-
1098 2798 1175 2829 Jufffi
1199 2807 1240 2823 nr.
1262 2798 1350 2824 1321.
1440 2799 1469 2831 ⁴2)
1500 2799 1573 2825 lv'ers.
1600 2799 1686 2826 Dion.
