2101 3072
70 677 96 696 1⁰

70 927 97 947 15

68 1158 95 1177 2⁰

67 1389 94 1408 ¹25

65 1647 93 1666 ³0

63 1886 92 1906 ³5

59 2125 88 2144 40

58 2360 86 2379 45

58 2633 86 2652 50

449 129 635 157 GOFFRIDI
658 132 821 159 ABBATIS
845 132 1143 161 VINDOCINENSIS
1166 135 1354 162 LIBELLUS
1378 135 1442 162 VII.
1707 135 1768 166 695

121 220 229 245 tualiter
249 224 354 245 creatur
371 221 449 245 homo
471 225 497 245 et
517 230 532 245 a
551 221 656 247 Christo
678 224 836 248 christianus
858 224 967 249 dicitur:
987 226 1013 249 in
1034 226 1084 250 isto
1098 234 1161 251 vero
1177 226 1298 252 dominus
1320 231 1345 252 et
1364 229 1510 260 imperator
1529 233 1633 254 creatur
1647 229 1765 255 christia·
1786 234 1887 257 Lit·.11¹‚

121 275 223 296 norum,
250 267 293 298 qui
313 275 365 291 non
386 267 472 292 solum
492 271 604 292 vocatur
624 269 783 294 christianus
804 278 820 294 a
840 270 954 301 Christo,
979 271 1025 295 sed
1048 273 1127 296 etiam
1148 272 1245 297 Christi
1265 274 1338 298 vices
1358 282 1437 305 agere
1459 275 1582 300 creditur.
1622 276 1765 300 Sciendum
1793 264 1873 287 p'ssffl'

121 324 193 345 vero,
218 315 288 347 quod
311 316 353 340 hic
375 316 418 340 vel
442 317 600 348 ubicumque
625 318 656 341 de
682 318 811 343 electione
836 320 866 344 et
890 315 1132 345 consecratione
1157 322 1274 353 episcopi
1297 324 1393 355 agitur,
1418 325 1571 349 canonicam
1594 333 1702 349 necesse
1724 328 1764 349 cst

124 367 280 392 electionem
297 372 323 391 et
338 360 472 393 liberam
491 364 764 394 consecrationem
781 371 906 403 intelligi:
932 375 960 395 ut
976 373 1019 403 qui
1036 373 1199 396 canonice
1224 373 1380 405 eligitur,
1405 380 1430 399 et
1454 376 1560 400 libere
1584 380 1762 400 consecretur.

122 415 245 448 Alioquin
270 415 300 440 fit
320 416 434 448 quedam
454 425 536 449 prava
556 417 689 443 simulatio
716 419 742 442 in
763 419 908 450 aecclesia,
935 423 960 444 et
980 420 1198 444 aecclesiasticae
1227 421 1363 453 dignitatis
1383 423 1471 448 illusio
1499 433 1550 449 non
1571 433 1661 457 parva.
1701 425 1762 455 Qui-

122 475 234 499 cumque
250 467 361 498 igitur
381 468 510 492 canonice
531 476 581 492 non
603 468 703 493 electus
723 471 797 501 quasi
812 470 957 494 sacrandus
978 471 1092 500 accedit,
1116 463 1167 494 Vel
1191 465 1245 506 qui
1270 476 1332 495 non
1357 472 1405 497 est
1427 466 1526 498 libere
1550 474 1764 507 consecratus,

120 510 245 541 etiamsi
276 511 430 540 canonica
462 512 675 552 praecesserit
705 512 832 551 electio,
868 522 1006 543 execratus
1038 521 1144 544 rec-vdit.
1202 515 1283 546 Nam
1316 518 1398 548 sicut
1429 518 1482 549 ubi
1514 529 1577 549 non
1609 525 1655 550 est
1687 529 1763 550 vera

120 561 224 592 cordis
248 562 427 601 conversio,
459 573 520 592 non
547 564 692 604 sequitur
714 563 809 604 plena
832 565 988 603 remissio,
1018 565 1070 603 ita,
1096 565 1150 596 ubi
1174 577 1236 597 non
1260 568 1403 609 sequitur
1426 568 1527 600 libera
1550 571 1762 608 consecratio,

118 614 243 644 etiamsi
267 614 422 644 canonica
446 613 560 645 electio
577 615 758 656 praecedat,
783 616 914 647 minime
932 616 1073 657 prodest,
1098 628 1169 647 cum
1194 625 1307 649 neutra
1330 619 1397 650 sola
1421 622 1608 663 episcopum
1633 627 1763 653 crearea

118 664 267 696 sufficiat.
313 665 400 697 Necb
424 670 472 696 est
494 665 548 696 illa
571 665 672 697 libera
688 669 897 706 consecratio,
922 678 1017 709 quam
1035 669 1199 709 praecedit
1222 670 1336 701 factum
1355 672 1422 702 sine
1446 673 1564 704 iudicio
1588 679 1619 704 et
1636 674 1764 704 iusticia

117 717 343 758 iuramentum,
375 727 447 747 cum
479 717 592 748 beatus
624 717 853 750 Hieronimus¹
888 730 985 761 super
1014 720 1183 750 lei-ciniani
1216 721 1317 752 dicat:
1350 723 1571 755 Inroementum
1607 736 1671 755 uon
1700 737 1764 756 esse

108 768 317 810 faciendum,
340 769 396 800 ubi
420 780 485 800 non
509 774 553 800 est
578 770 713 800 iusticia
737 771 844 811 simul,
868 773 989 802 veritos
1013 777 1040 802 et
1063 773 1234 804 iudicium.
1281 774 1375 812 Quod
1400 775 1425 804 si
1449 775 1540 806 aliter
1563 776 1658 807 fuerit
1674 787 1763 818 prae-

117 827 299 862 sumptum,
336 821 549 852 iuramentum
581 832 646 852 non
670 823 746 861 erit,
784 822 840 854 sed
877 823 1063 864 periurium.
1116 830 1315 855 Praeter-ua
1343 832 1392 855 tria
1421 833 1589 864 proprie-⁰
1617 835 1764 865 propria
1784 840 1903 864 sanese,

117 876 251 900 aeeclesia
270 876 369 900 habere
390 875 479 903 debet,
500 884 609 908 quorum
631 874 732 900 unumd
750 878 771 901 si
792 877 916 907 defuerit,
936 878 1008 902 velut
1026 878 1166 910 paralitica
1185 879 1265 907 iacet,
1286 887 1334 903 nec
1355 879 1456 911 ligandi
1478 889 1526 905 nec
1547 882 1668 906 solvendi
1690 886 1763 914 pote—

1783 915 1834 935 Lib.
1843 916 1881 939 VI,

118 925 215 947 statem
238 922 326 946 habet.
374 922 464 946 Debet
483 922 604 954 itaque
625 923 760 947 aecclesia
774 923 909 948 catholica
929 933 998 955 esse,
1021 927 1095 948 casta
1116 927 1142 948 et
1162 925 1258 949 libera:
1280 926 1421 955 catholica,
1442 928 1504 959 qnia
1524 936 1572 951 nec
1588 928 1668 952 vendi
1684 929 1764 952 debet
1791 945 1872 968 p.‹394.

117 976 168 992 nec.
195 969 260 999 emi3
288 971 372 996 casta.
399 969 462 1000 quia
487 968 639 992 nullatenus
667 969 748 993 dehet
773 970 927 994 muneribus
954 971 1099 1002 corrumpi,
1126 970 1219 999 libera,
1247 972 1309 1003 quia
1328 973 1443 997 seculari
1465 975 1590 1005 potestati
1611 983 1662 999 non
1684 975 1763 999 debet

116 1015 202 1039 subici
222 1022 273 1039 nec
293 1015 326 1040 ab
347 1015 402 1039 eius
423 1022 521 1046 sponso
542 1015 659 1047 qualibet
679 1018 821 1040 occasione
842 1025 858 1040 a
877 1016 990 1041 seculari
1010 1019 1144 1048 potestate
1165 1022 1359 1042 sacramentum
1386 1021 1545 1051 extorqueri,
1573 1028 1631 1044 cum
1657 1021 1762 1045 omuino

116 1061 177 1092 lege
198 1061 289 1085 divina
308 1061 494 1093 prohibeatur-3
516 1069 565 1085 nec
586 1061 618 1085 ab
639 1062 765 1094 episcopo
785 1063 836 1086 nisi
856 1071 902 1095 pro
923 1063 982 1087 sola
1001 1062 1053 1086 fide
1075 1063 1208 1087 catholica
1227 1068 1423 1089 sacramentum
1446 1067 1603 1097 exagitatur.
1644 1066 1763 1090 Christus

116 1108 234 1139 utique
255 1111 346 1139 pastor
368 1107 452 1132 bonus
473 1115 600 1139 sponsam
621 1109 706 1140 querit
726 1108 845 1139 fidelem3
868 1109 1004 1133 infidelem
1026 1109 1133 1140 respuit,
1156 1112 1256 1133 castam
1278 1109 1374 1142 diligit,
1395 1111 1449 1136 odit
1471 1115 1630 1144 corruptam,
1650 1112 1761 1136 liberam

115 1153 165 1178 sibi
185 1154 280 1184 sociat,
300 1153 427 1178 ancillam
442 1154 532 1178 abicit.
572 1154 653 1178 Falso
670 1155 788 1187 itaque
809 1156 960 1180 nominatur
980 1156 1131 1187 episeopus,
1152 1156 1195 1187 qui
1210 1156 1348 1180 annullare
1364 1161 1474 1182 conatur
1495 1158 1634 1182 electionis
1654 1161 1680 1182 et
1700 1166 1760 1182 con·
1782 1144 1882 1198 [gt-b‘ggi,

114 1200 272 1224 secrationis
286 1200 416 1230 ordinem,
437 1208 514 1232 quem
529 1199 648 1224 Christus
665 1209 712 1232 per
726 1201 911 1233 semetipsum
926 1202 1024 1234 primus
1046 1202 1168 1226 instituit.
1196 1202 1258 1233 Ipse
1279 1203 1348 1227 enim
1364 1204 1462 1235 primus
1483 1207 1509 1228 et
1529 1205 1611 1235 elegit
1625 1204 1761 1236 apostolos

116 1249 142 1270 et
162 1247 340 1271 consecravit.
379 1246 448 1270 Tota
467 1247 558 1278 itaque
579 1247 711 1271 ordinatio
734 1248 853 1279 episcopi
880 1248 906 1271 in
928 1247 1061 1271 electione
1088 1250 1114 1272 et
1136 1249 1338 1272 consecratione
1360 1251 1488 1274 consistit.
1527 1251 1602 1275 Hace
1622 1251 1693 1283 prius
1714 1258 1761 1282 per

114 1295 201 1316 semet
212 1293 309 1324 ipsum,
323 1295 352 1316 ut
372 1292 472 1316 dictum
495 1296 543 1322 est,
571 1292 690 1317 Christus
710 1293 784 1321 fecit,
805 1294 904 1318 deinde
925 1301 987 1317 vero
1009 1294 1102 1318 vicarii
1130 1295 1195 1318 eius.
1234 1295 1269 1318 Et
1295 1295 1320 1318 in
1341 1296 1470 1327 apostolis
1488 1297 1595 1328 quidem
1616 1304 1632 1320 a
1653 1296 1760 1320 Christo

113 1338 186 1362 facta
207 1342 276 1369 sunt,
297 1339 443 1371 quoniame
465 1339 498 1362 ab
520 1339 577 1370 ipso
599 1343 624 1362 et
646 1339 725 1363 electi
753 1342 779 1363 et
798 1340 950 1363 consecrati
968 1340 1082 1364 fuerunt.
1131 1340 1162 1364 In
1183 1341 1243 1365 aliis
1262 1349 1326 1365 vero
1347 1342 1469 1366 omnibus
1491 1351 1506 1366 a
1525 1343 1604 1366 nullis
1625 1342 1684 1366 aliis
1705 1342 1762 1366 fieri

113 1384 186 1415 licet,
213 1385 264 1409 nisi
285 1393 300 1408 a
319 1385 427 1409 vicariis
447 1384 555 1409 Christi.
597 1385 664 1409 Sunt
683 1389 772 1410 autem
792 1386 884 1410 vicarii
906 1386 1003 1410 Christi
1025 1386 1116 1410 clerici
1140 1387 1167 1410 in
1189 1387 1329 1418 electione,
1353 1389 1471 1420 episcopi
1497 1390 1523 1412 in
1549 1389 1760 1419 consecratione,

115 1434 213 1458 caeteri
229 1441 319 1458 omnes
335 1438 426 1466 petere
443 1434 549 1466 quidem
566 1435 720 1466 episcopum
736 1440 857 1466 possunt,
876 1435 973 1467 eligere
990 1443 1053 1459 vero
1070 1436 1113 1459 vel
1130 1444 1286 1460 consecrare
1303 1444 1354 1460 non
1371 1442 1492 1468 possunt.
1525 1431 1596 1461 HOC
1614 1438 1759 1462 sanctum

114 1486 368 1520 sacramentum,
400 1479 590 1510 electionem
620 1479 770 1511 videlicet
803 1486 833 1511 et
864 1481 1138 1511 consecrationem
1171 1480 1406 1522 apostolorum,
1445 1482 1592 1514 Christus
1621 1483 1760 1524 primum

113 1531 204 1570 fecit,
236 1542 293 1572 per
321 1531 407 1573 quod
431 1537 558 1562 caetera
588 1531 701 1562 fierent
731 1537 942 1562 sacramenta.
989 1532 1023 1563 Si
1047 1543 1124 1562 vcro
1148 1538 1401 1573 sacramentum,
1432 1534 1517 1576 quod
1542 1535 1696 1576 primum,
1727 1541 1761 1565 ut

113 1583 235 1614 dictum
253 1588 311 1621 est,
335 1582 481 1614 Christus
504 1582 582 1613 fecit
597 1593 654 1624 per
671 1588 772 1614 semet
789 1584 906 1625 ipsum,
928 1583 1019 1614 aliter
1040 1584 1158 1614 factum
1177 1584 1272 1615 fuerit
1297 1596 1391 1626 quam
1417 1585 1536 1624 docuit,
1559 1592 1761 1617 sacramenta

113 1642 241 1665 caetera
272 1646 353 1676 quae
382 1641 576 1677 sequuntur,
608 1646 687 1676 quas
712 1636 795 1666 vires
826 1635 945 1666 habere
975 1635 1103 1666 valeant
1130 1647 1189 1667 nec
1220 1637 1300 1666 ratio
1329 1637 1439 1676 docet,
1469 1644 1500 1669 ct
1523 1637 1602 1668 fides
1632 1639 1761 1679 ignorat

112 1686 297 1718 christiana.
342 1693 506 1725 Quicumque
539 1701 618 1725 ergo
649 1688 716 1717 sine
747 1688 903 1718 canonica
933 1686 1088 1718 electione
1119 1694 1150 1718 et
1178 1687 1279 1718 libera
1310 1690 1551 1720 consecratione
1582 1696 1630 1719 suh
1654 1696 1758 1719 nomino.
1780 1700 1810 1721 ib.

112 1741 245 1774 pontificis
265 1741 426 1766 aecclesiam
447 1741 490 1766 vel
516 1745 677 1774 potestatem
697 1742 928 1766 aecclesiasticam
955 1742 1007 1765 sibi
1028 1742 1164 1766 vindicare
1186 1744 1340 1774 praesumit,
1365 1744 1406 1767 liic
1433 1745 1485 1768 iam
1514 1751 1564 1767 non
1590 1752 1637 1776 per
1663 1745 1758 1768 ostium

111 1789 201 1819 intrat,
222 1788 270 1812 sed
290 1788 398 1812 aliunde
419 1789 554 1812 ascendit:
582 1792 611 1812 ut
631 1788 723 1812 merito
745 1797 796 1812 non
818 1790 886 1812 inter
906 1788 1047 1820 episcopos
1068 1792 1243 1820 computetur,
1268 1789 1315 1813 sed
1335 1791 1403 1814 inter
1423 1790 1492 1814 sures
1514 1794 1539 1814 et
1559 1790 1676 1814 latrones
1697 1798 1758 1814 con-

113 1838 274 1859 numeretur.
313 1835 368 1858 Iste
393 1834 453 1859 aliis
471 1835 685 1859 benedictionem
714 1842 765 1858 non
786 1835 906 1866 porrigit,
933 1834 980 1858 sed
1001 1838 1113 1866 pestem,
1141 1837 1167 1858 et
1187 1835 1282 1859 vulnus
1310 1836 1396 1867 potius
1423 1836 1519 1860 inferre
1540 1836 1652 1866 videtur,
1678 1844 1757 1868 quam

112 1881 234 1911 salutern,
268 1881 312 1912 qui
341 1884 415 1904 tanta
444 1881 660 1912 praesumptione
691 1881 743 1904 Dei
779 1880 996 1904 maledictionem
1030 1885 1152 1904 meretur.
1197 1881 1264 1904 Nam
1296 1882 1438 1914 episcopus
1469 1883 1523 1914 qui
1554 1883 1756 1906 canonicam
1777 1887 1899 1911 ih.p.GSS.

113 1930 327 1954 electionem
358 1930 389 1953 et
411 1923 544 1954 liberam
569 1923 842 1954 consecrationem
875 1934 936 1953 non
963 1923 1074 1962 habet,
1107 1933 1147 1953 vst
1170 1931 1245 1961 quasi
1269 1931 1346 1954 urbm·
1369 1939 1433 1954 non
1458 1931 1586 1954 habens
1610 1932 1753 1955 radicem.

110 1978 197 2003 Arbor
217 1982 315 2006 autem,
336 1985 405 2009 quae
425 1977 542 2002 radicem
563 1986 616 2002 non
639 1978 728 2009 habet,
750 1979 854 2002 etiamsi
875 1978 940 2002 folia
959 1977 1067 2007 habeat,
1088 1978 1201 2002 fructum
1223 1979 1291 2002 serre
1312 1979 1463 2003 nullatenus
1481 1979 1559 2003 valet.
1606 1980 1645 2003 Ad
1667 1980 1756 2004 huius-

111 2025 216 2049 cemodi
241 2024 362 2048 arborem
389 2024 508 2048 Christus
536 2025 642 2057 quidem
670 2025 785 2049 accessit
812 2028 846 2052 et,
876 2032 936 2048 cum
963 2024 999 2047 ibi
1026 2023 1139 2048 fructum
1168 2033 1220 2048 non
1245 2025 1399 2056 invenisset,
1430 2033 1488 2049 eain
1519 2025 1666 2050 maledixit.
1705 2025 1755 2049 Ille

109 2068 243 2096 maxime?
262 2079 279 2094 a
293 2071 352 2095 Deo
371 2070 540 2094 maledicitur
560 2072 604 2102 qui
624 2072 796 2096 sacramentis
816 2071 964 2095 aecclesiae
985 2071 1060 2102 quasi
1080 2071 1176 2094 sociari
1197 2079 1246 2095 sua
1265 2071 1411 2103 cupiditate
1429 2071 1572 2102 desiderat,
1590 2080 1641 2096 non
1658 2072 1756 2095 Christi

108 2118 228 2142 caritate.
261 2118 297 2141 Et
317 2117 402 2141 omnis
416 2118 459 2149 qui
474 2118 648 2141 sacramentis
667 2117 816 2142 aecclesiae
837 2121 957 2141 cemento
979 2117 1098 2140 caritatis
1119 2125 1172 2140 non
1192 2117 1317 2147 iungitur,
1339 2118 1459 2141 iniuriam
1480 2118 1586 2149 quidem
1606 2118 1754 2142 aecclesiae

107 2163 186 2193 facit;
212 2163 260 2188 sed
281 2163 356 2196 quasi
376 2164 464 2195 paries
491 2163 577 2187 luteus
599 2164 750 2195 dissipatur,
776 2164 820 2196 qui
847 2163 910 2187 licet
930 2163 1049 2187 dealbari
1069 2163 1152 2194 possit
1179 2163 1212 2186 ad
1237 2166 1354 2194 tompus,
1381 2164 1436 2187 eius
1457 2164 1544 2188 subita
1572 2165 1754 2194 dissolutione,

107 2211 151 2242 qui
172 2212 233 2234 ante
253 2209 432 2239 confidebant,
459 2210 486 2233 in
508 2218 538 2233 eo
560 2215 738 2242 praemuntur.
779 2211 837 2234 liac
857 2210 937 2239 igitur
958 2209 1132 2233 similitudine
1159 2212 1229 2233 recte
1251 2210 1394 2240 colligitur,
1421 2210 1491 2242 quod
1513 2210 1555 2241 qui
1577 2210 1610 2234 ad
1630 2211 1753 2234 iniuriam

106 2259 216 2280 sanetae
237 2256 396 2285 aecclesiae,
421 2257 652 2281 aecclesiasticum
673 2256 792 2280 ordinem
820 2259 846 2280 et
865 2256 979 2280 maxime
1000 2254 1185 2287 pontificatum
1209 2256 1366 2286 assequitur,
1393 2264 1466 2280 suam
1488 2257 1694 2280 destructionem
1715 2257 1753 2279 in-

108 2302 208 2333 primis,
235 2302 332 2326 deindc
359 2302 451 2334 populi
476 2307 587 2327 mortem
612 2307 744 2334 operatur.
789 2302 824 2326 Et
848 2306 911 2326 tuuc
938 2301 1071 2326 aecclesia
1094 2301 1217 2324 iniuriam
1241 2302 1340 2332 pariter
1367 2303 1480 2326 sustinet
1505 2306 1531 2326 ct
1555 2303 1753 2332 verecundiam,

107 2351 213 2383 quando
235 2352 262 2376 iu
285 2351 408 2383 eligendo
431 2352 569 2383 pontifice,
601 2352 730 2375 canonica
753 2351 846 2375 electio
879 2351 910 2376 et
940 2344 1041 2375 libera
1072 2345 1270 2375 consecratio
1294 2352 1377 2381 perit:
1410 2355 1436 2375 et
1458 2352 1528 2383 quod
1551 2353 1621 2376 vitae
1646 2352 1752 2381 meritis,

108 2403 135 2424 et
154 2401 303 2432 sapientiae
328 2400 466 2424 doctrinae
490 2404 569 2432 atque
596 2401 680 2424 sacris
707 2399 843 2424 ordinibus
868 2400 988 2430 debetur,
1015 2399 1067 2423 illis
1094 2400 1170 2432 quasi
1191 2400 1343 2431 imponitur,
1372 2401 1466 2432 quibus
1494 2408 1543 2423 ncc
1569 2400 1655 2424 bonae
1682 2400 1753 2424 vitae

107 2448 211 2476 merita,
238 2454 288 2471 nec
309 2447 458 2478 sapientiae
480 2447 610 2474 doctrina,
636 2454 685 2470 nec
705 2447 774 2470 sacri
794 2446 900 2470 ordines
921 2446 1106 2477 suffragantur.
1138 2446 1185 2469 isti
1206 2449 1348 2473 terrenum,
1368 2447 1448 2470 immo
1474 2446 1632 2478 paludosum
1653 2446 1753 2470 habent

106 2492 317 2521 fundamentum,
344 2496 371 2517 et
390 2493 451 2517 idco
473 2496 598 2517 corruunt
624 2493 668 2525 qui
694 2493 741 2516 tali
767 2492 938 2516 fundamento
960 2491 1143 2516 aedificantur.
1191 2492 1232 2516 De
1252 2492 1350 2516 talibus
1372 2492 1441 2516 enim
1462 2491 1559 2517 dicitur
1585 2493 1611 2516 in
1632 2492 1751 2524 psalmo:

107 2538 246 2564 Proiecisci
268 2547 310 2564 eos
335 2538 398 2562 alum
424 2539 611 2563 allevarentur.
657 2539 770 2564 Gravius
792 2538 871 2563 nichil
894 2542 934 2562 est
953 2538 1023 2570 apud
1043 2537 1176 2562 Christum
1197 2538 1346 2562 aecclesiae
1366 2538 1471 2569 iniuria,
1491 2539 1565 2563 cuius
1585 2542 1753 2563 sacramenta
1773 2545 1899 2569 Ps.72,13.

218 2626 246 2657 a)
266 2627 385 2658 sequitur
401 2634 502 2658 parvus
522 2627 594 2651 locus
614 2635 692 2651 rasus
713 2626 738 2651 3.
846 2626 875 2656 b)
895 2626 950 2650 Nec
971 2629 1011 2650 est
1030 2625 1078 2650 illa
1097 2626 1181 2651 libera
1201 2626 1216 2649 ἓ
1239 2625 1280 2656 (in
1301 2628 1397 2658 margi.)
1416 2627 1530 2651 secratio
1555 2634 1658 2650 servum
1681 2626 1749 2650 enim

106 2672 172 2697 facit
198 2680 252 2697 non
277 2673 388 2697 liberum
416 2673 457 2703 (in
481 2674 536 2697 loco
561 2682 623 2697 raso
651 2672 677 2696 ἱη
705 2673 788 2702 linea)
814 2680 891 2704 quam
919 2670 1008 2703 ficedit
1032 2672 1073 2703 (in
1100 2672 1183 2702 linea)
1208 2673 1264 2697 sive
1289 2673 1457 2705 subsequitur
1480 2673 1523 2696 fac
1549 2673 1588 2699 (in
1608 2675 1702 2703 mam.)
1724 2673 1749 2695 4.

107 2718 131 2750 e)
153 2718 259 2751 proprie
279 2719 305 2743 4.
381 2719 410 2749 d)
430 2719 458 2743 in
478 2719 532 2743 loco
552 2727 614 2744 raso
635 2719 660 2744 3.
735 2722 762 2744 e!
783 2719 901 2750 sequitur
919 2726 1021 2749 parvus
1042 2718 1113 2742 locus
1133 2726 1210 2742 rasus
1231 2719 1256 2743 3.
1332 2719 1354 2747 f)
1375 2719 1488 2750 maxime
1510 2720 1534 2744 4.

215 2799 243 2833 1)
268 2798 311 2832 Cf.
337 2799 439 2826 Comm.
462 2799 492 2825 in
516 2799 662 2826 Ieremiam
687 2800 709 2831 J,
736 2809 758 2826 c.
778 2799 805 2831 4,
832 2798 901 2832 Opp.
920 2798 971 2830 IV,
996 2798 1048 2825 col.
1066 2798 1136 2826 864.
