2132 3067
70 707 96 725 10

68 964 96 982 15

69 1221 98 1240 20

69 1481 95 1500 25

70 1739 97 1758 30

69 1998 96 2017 35

71 2257 100 2276 4⁰

71 2532 99 2551 ⁴5

70 2809 98 2830 ⁶0

538 143 575 169 X.
611 144 662 169 DE
685 143 1029 172 EXCOMMUNICATIS
1054 147 1241 175 VI'I‘ANDIS
1265 148 1343 175 ETC.
1707 149 1765 178 125

116 231 197 262 libro
220 231 260 262 Ι.ι
285 237 396 262 contra
420 231 611 262 Donatistas
636 231 675 263 de
699 231 875 273 baptismo:
903 233 1008 274 Quod,
1033 236 1145 277 inquit.
1170 238 1323 268 unit-ersa
1346 243 1426 269 tenet
1443 240 1587 278 ecclesia,
1612 252 1668 271 nec
1692 252 1764 271 con-

117 283 204 314 ciliis
235 284 431 322 institutum,
465 284 519 314 sed
548 295 672 324 semper
702 289 859 315 retentum
892 291 948 323 est,
982 298 1041 316 nore
1076 289 1142 318 nisi
1171 288 1351 329 apostolica
1384 292 1577 321 auctoritate
1606 292 1765 322 traditum

116 335 291 366 rectissime
323 335 477 366 creditur.
529 335 618 375 Ergo
648 346 707 366 nec
738 335 922 366 huiusmodi
956 337 1160 368 traditionum
1194 346 1431 381 contemptores
1464 343 1567 372 minus
1599 343 1764 373 coercendi

116 393 199 427 sunt,
223 397 320 428 quam
345 388 602 428 prevaricatores
627 387 807 417 divinarum
834 387 951 428 legum,
977 396 1010 419 ut
1033 389 1116 420 idem
1143 389 1276 421 doctor2
1300 393 1339 422 ad
1359 392 1576 424 Casulanum³
1601 394 1765 436 presbyte—

117 449 186 468 rum
211 438 353 469 scribens
378 444 523 469 testatur.

222 489 318 521 Ροεῐ3
341 489 505 531 apostolos
529 496 638 520 autem
662 489 799 520 Romani
826 491 1000 530 pontifices,
1033 498 1096 522 tam
1128 493 1158 522 in
1190 499 1346 534 potestate
1372 506 1465 536 quam
1491 496 1520 525 in
1547 497 1765 537 predicatione

115 551 226 571 eorum
250 552 465 582 successores,
496 541 744 572 ecclesiasticam
770 540 973 583 disciplinam
1006 543 1242 575 studiosissime
1274 546 1339 575 suis
1371 547 1523 577 institutis
1554 548 1706 578 formasse
1736 554 1767 579 et

115 592 341 623 informatamb
374 604 572 634 propagasse
604 593 822 633 reperiuntur3
858 600 889 624 et
919 594 978 624 hoc
1008 595 1118 636 utique
1150 595 1276 626 diverso
1308 599 1412 628 modo.
1470 599 1559 629 Sicut
1590 601 1673 630 enim
1705 601 1766 641 ipsi

116 650 246 675 sanctae
269 644 425 675 ecclesiae
449 644 587 675 diversis
612 645 812 686 temporibus
837 645 994 685 prefuisse
1019 645 1178 686 leguntur,
1211 648 1255 678 ita
1279 655 1309 678 et
1332 649 1456 680 diverse
1479 651 1544 680 suis
1568 652 1766 692 temporibus

117 694 315 726 consuluisse
338 697 557 727 inveniuntur.
604 695 685 726 Nam
718 707 736 726 a
768 695 861 726 beato
887 697 982 727 Petro
1013 708 1114 739 usque
1146 698 1185 728 ad
1217 708 1359 730 sanctum
1387 700 1574 732 Silvestrum
1602 703 1708 732 variae
1737 709 1767 733 et

117 747 330 778 creberrimae
358 749 599 789 persecutiones
631 748 769 786 fuerunt,
801 748 831 778 in
863 749 980 790 quibus
1010 750 1165 791 episcopi,
1197 757 1306 791 utpote
1331 754 1436 794 capita
1460 753 1604 785 aliorum.
1631 754 1768 784 maxime

116 798 389 839 periclitabantur.
436 799 530 830 Unde
562 805 593 830 et
616 799 753 830 Romani
778 800 949 840 pontifices
982 800 1064 831 illius
1089 803 1243 842 temporis
1274 803 1492 844 multipliciter
1521 816 1574 834 eos
1606 816 1662 845 pro
1692 816 1765 846 qua-

115 849 204 881 litate
228 862 450 892 personarum,
475 852 665 882 necessitate
690 863 808 889 rerum,
833 853 1051 892 oportunitate
1075 858 1256 894 temporum
1282 855 1409 896 scriptis
1427 856 1492 885 suis
1509 855 1663 886 consolati
1684 862 1765 892 sunt,

116 902 148 932 in
183 901 301 944 quibus
330 902 370 933 de
399 913 508 933 eorum
538 903 668 933 iudiciis
700 902 801 933 mulia
832 902 881 933 vel
914 915 994 944 pene
1027 905 1133 934 onmia
1162 910 1354 945 statuerunt,
1385 914 1418 936 ut
1448 907 1666 948 improborum
1699 919 1767 948 pre·

117 954 335 994 sumptionem
366 954 407 985 ab
439 965 547 985 eorum
583 954 787 985 infestatione
822 965 950 996 quoquo
986 956 1081 986 modo
1117 965 1368 998 compescerent.
1426 958 1555 1000 Quippe
1589 958 1766 990 adtestante

117 1011 227 1036 sancto
253 1005 420 1036 Fabiano⁴
450 1017 536 1047 papa
567 1012 598 1037 et
628 1012 778 1047 martyre,
808 1007 868 1047 ipsi
901 1006 1038 1047 apostoli
1071 1019 1246 1049 eorumque
1278 1019 1481 1040 successores
1513 1016 1706 1042 statuerunt.
1734 1017 1768 1040 ut

117 1057 261 1098 episcopi
291 1062 345 1088 aut
375 1069 539 1099 nunquam
569 1064 798 1089 accusarentur
829 1065 883 1088 aut
914 1058 1100 1090 difficillime
1130 1061 1272 1091 accusari
1302 1062 1573 1101 permitterentur.
1619 1061 1710 1094 Nam.
1734 1070 1767 1093 ut

117 1107 229 1139 beatus
253 1108 468 1140 Euticianus⁵
500 1121 584 1151 papa
616 1116 646 1140 et
678 1116 800 1151 martyr
831 1115 975 1147 testatur,
1008 1112 1033 1141 si
1065 1112 1226 1141 accusatio
1258 1112 1482 1152 episcoporum
1515 1119 1589 1143 tunc
1618 1113 1708 1144 facile
1738 1119 1768 1144 et

116 1161 235 1201 passim
258 1160 492 1193 admitteretur.
516 1162 671 1203 perpauci
695 1162 791 1192 nimis
808 1162 1040 1199 invenirentur,
1065 1163 1118 1204 qui
1143 1173 1179 1192 eo
1204 1170 1347 1204 tempore
1364 1165 1582 1205 episcopatum
1602 1176 1663 1194 non
1682 1165 1768 1206 fuge-

117 1218 201 1251 rent3
236 1223 307 1243 cum
338 1218 369 1244 et
400 1214 607 1245 cottidianam
641 1220 775 1244 mortem
806 1225 846 1244 ex
876 1215 1100 1255 perseeutione
1132 1215 1289 1252 timerent,
1321 1226 1379 1246 nec
1409 1222 1515 1246 tamen
1548 1217 1766 1257 improborum

117 1264 351 1295 accusationem
375 1265 537 1296 declinare
561 1271 702 1307 possent.
748 1265 885 1296 Sanctus
903 1266 998 1295 etiam
1020 1266 1216 1297 Anacletus⁶
1242 1277 1326 1308 papa
1351 1272 1381 1297 et
1405 1273 1525 1308 martyr
1543 1268 1583 1298 ad
1602 1269 1767 1300 universos

116 1316 285 1357 episcopos
309 1316 420 1347 Italiae
451 1317 595 1348 scribens
625 1317 836 1348 deiectionem
867 1318 934 1348 sive
964 1316 1226 1359 dampnationem
1256 1319 1480 1359 episcoporum
1506 1319 1565 1349 sibi
1592 1320 1766 1351 Dominum

117 1378 298 1398 reservasse
327 1374 474 1407 testatur,
506 1369 599 1411 quasi
631 1368 796 1399 hominum
821 1369 940 1399 iudicio
966 1369 1132 1401 subiacere
1156 1381 1218 1401 non
1243 1370 1423 1401 videantur.
1480 1370 1545 1400 Nec
1569 1372 1683 1402 mirum
1709 1372 1768 1403 boc

117 1430 171 1450 eos
196 1430 233 1450 eo
256 1426 402 1461 tempore
425 1420 594 1461 iudicasse,
627 1431 698 1451 cum
729 1421 885 1451 acerrima
917 1423 1095 1462 persecutio
1126 1433 1189 1452 non
1214 1423 1273 1452 nisi
1297 1423 1550 1463 perfectissimos
1579 1424 1618 1453 ad
1644 1425 1766 1464 episco-

118 1477 227 1512 patum
252 1473 361 1503 venire
385 1473 600 1514 permitterem
633 1473 755 1514 quippe
789 1473 843 1514 qui
874 1473 935 1503 iani
966 1484 1022 1514 pro
1048 1473 1178 1504 Christo
1203 1474 1310 1504 omnia
1333 1479 1478 1504 extrema
1503 1475 1568 1515 pati
1593 1486 1654 1504 nou
1680 1476 1767 1506 time-

117 1528 196 1554 rent.
241 1523 278 1554 In
301 1528 447 1566 tempore
470 1530 578 1556 autem
603 1524 692 1565 pacis
717 1523 837 1566 aliquid
861 1524 899 1555 de
917 1524 970 1555 illa
987 1524 1178 1556 difficultate
1200 1526 1414 1556 accusationis
1439 1526 1505 1556 sive
1528 1527 1767 1567 dampnationis

117 1575 344 1616 episcoporum
369 1587 432 1606 non
456 1577 633 1617 incongrue
665 1577 849 1613 remittitur,
881 1587 953 1606 curn
986 1577 1191 1617 episcopatus
1215 1588 1278 1607 non
1303 1578 1365 1607 iam
1391 1588 1408 1606 a
1433 1578 1544 1618 paucis
1569 1579 1659 1619 quasi
1683 1590 1767 1609 mors

119 1626 267 1668 religiose
296 1628 435 1665 timetur,
467 1628 523 1658 sed
547 1639 565 1658 a
589 1628 736 1670 plurimis
767 1629 859 1669 quasi
888 1627 991 1669 gloria
1019 1629 1189 1660 ambitiose
1220 1630 1384 1670 appetitur
1415 1635 1445 1660 et
1475 1630 1637 1670 appetitus
1666 1631 1768 1660 crimi-

118 1689 194 1709 nose
224 1679 482 1718 administratur;
517 1679 637 1711 scilicet
669 1691 741 1710 cum
773 1680 834 1711 iam
867 1691 929 1710 non
962 1681 1034 1710 talis
1066 1682 1247 1721 persecutio
1271 1680 1411 1722 aliquem
1435 1681 1475 1711 ab
1500 1682 1687 1722 episcopatu
1717 1681 1767 1713 vel

118 1735 251 1772 peccato
282 1730 452 1769 deterreat,
481 1731 535 1762 sed
568 1732 638 1773 ipsa
667 1732 756 1773 pacis
786 1731 1000 1773 tranquillitas
1024 1738 1055 1762 et
1080 1733 1208 1762 honoris
1234 1732 1415 1763 sublimitas
1446 1734 1548 1773 magis
1573 1734 1611 1763 ad
1636 1744 1767 1774 peccan-

117 1781 193 1813 dum
217 1781 338 1813 illiciat.
384 1781 477 1813 Unde
500 1783 531 1813 in
557 1783 700 1813 Niceno⁷
725 1782 860 1814 concilio
884 1794 947 1814 non
972 1784 1075 1824 magis
1099 1784 1271 1825 episcopis,
1302 1795 1397 1826 quam
1423 1784 1620 1825 quibuslibet
1644 1785 1767 1815 clericis

117 1835 149 1864 in
173 1834 402 1876 dampnatione
426 1835 578 1876 parcitur,
603 1846 676 1865 cum
700 1834 895 1876 generaliter
918 1835 949 1865 in
974 1847 1010 1866 eo
1032 1847 1142 1866 omnes
1159 1836 1360 1875 damnentur,
1384 1836 1576 1877 quicumque
1601 1848 1634 1866 se
1658 1843 1767 1866 contra

117 1896 225 1917 sacras
254 1885 380 1927 regulas
411 1885 524 1917 efferre
555 1897 618 1917 non
648 1891 808 1917 verentur.
860 1887 943 1918 Ante
974 1887 1054 1918 illud
1084 1899 1160 1918 sane
1190 1886 1359 1918 concilium
1392 1893 1497 1918 tautae
1528 1889 1766 1928 persecutiones

117 1937 260 1979 undique
284 1938 457 1978 sevierunt,
487 1944 520 1969 ut
544 1938 679 1968 Romani
705 1939 873 1980 pontifices
897 1938 1068 1969 tribulatos
1093 1939 1147 1969 vix
1173 1950 1303 1980 quoquo
1334 1939 1428 1969 modo
1453 1940 1580 1980 scriptis
1605 1940 1670 1968 suis
1695 1950 1765 1969 con-

117 1989 213 2020 solari
243 1989 309 2020 sive
341 1995 451 2020 contra
481 1989 646 2032 improbos
681 1990 848 2021 defensare
886 1991 1084 2028 sufficerent3
1124 1990 1238 2021 nedum
1275 1990 1527 2021 ecclesiasticam
1563 1990 1764 2031 disciplinam

117 2051 349 2083 usquequaque
379 2040 516 2082 pleniter
546 2048 576 2072 et
607 2041 798 2083 regulariter
830 2042 995 2073 instituere
1026 2048 1165 2083 possent.
1218 2042 1246 2072 A
1278 2047 1421 2082 tempore
1446 2049 1550 2072 autem
1578 2042 1669 2072 buius
1694 2053 1766 2072 con-

118 2092 182 2123 cilii
205 2093 269 2123 iam
291 2092 524 2134 aliquantulum
556 2093 677 2124 sedatis
706 2093 996 2135 persecutionibus,
1027 2093 1110 2123 idem
1136 2093 1304 2134 pontifices
1328 2093 1427 2124 multo
1451 2093 1576 2134 plenius
1600 2100 1630 2124 et
1653 2093 1765 2124 decen-

118 2144 182 2175 tius
205 2143 438 2176 ecclesiasticas
469 2144 596 2185 regulas
625 2152 692 2176 tum
723 2157 780 2186 per
809 2157 842 2175 se
872 2146 902 2175 in
932 2145 1070 2175 decretis
1095 2147 1170 2182 suis,
1201 2151 1266 2175 tum
1292 2157 1348 2186 per
1371 2145 1449 2175 alios
1473 2146 1504 2175 in
1529 2145 1673 2176 conciliis
1696 2157 1765 2186 pro-

117 2195 261 2236 mulgare
285 2196 352 2227 sive
373 2195 592 2238 promulgatas
615 2197 806 2228 confirmare
831 2204 995 2238 ceperunt,
1021 2208 1100 2238 quas
1117 2197 1194 2227 etin
1213 2203 1375 2237 posterum
1393 2196 1600 2227 ecclesiastici
1620 2197 1765 2227 doctores

118 2248 221 2288 magis
244 2247 276 2278 in
301 2258 361 2278 usu
385 2248 502 2279 habere
527 2255 773 2280 consueverunt.
821 2249 887 2279 Has
915 2249 1010 2279 etiam
1036 2248 1149 2279 beatus
1173 2249 1359 2279 Adrianusss
1384 2259 1467 2290 papa
1490 2260 1562 2278 vum
1588 2248 1765 2279 canonibus

117 2298 335 2340 apostolorum
359 2299 400 2330 ad
424 2300 666 2331 instructionem
691 2299 938 2331 occidentalium
962 2299 1171 2331 aeclesiarum
1193 2300 1378 2341 dirigendas
1403 2300 1590 2338 destinavitg
1618 2300 1766 2331 videlicet

117 2356 152 2382 ut
174 2351 280 2392 ipsum
305 2350 463 2382 Nicenum
496 2358 527 2383 et
553 2351 616 2383 alia
644 2351 828 2382 huiusmodi
859 2352 1003 2390 concilia,
1035 2363 1169 2393 quorum
1199 2352 1368 2393 quaedam,
1398 2352 1456 2382 etsi
1481 2351 1602 2382 Niccno
1631 2352 1764 2382 concilio

117 2403 310 2444 antiquiora,
334 2408 441 2434 tamen
465 2408 539 2444 post
561 2403 719 2434 Nicenum
744 2405 775 2434 in
800 2405 1025 2434 auctoritatem
1049 2409 1188 2444 recepta,
1213 2405 1288 2433 item
1314 2410 1346 2433 et
1370 2402 1422 2433 illa
1449 2404 1662 2434 Romanorum
1689 2415 1764 2444 pon-

117 2453 239 2484 tificum
269 2454 409 2493 decreta,
441 2466 521 2496 quae
552 2462 625 2497 post
655 2455 740 2485 idem
773 2455 944 2485 concilium
976 2456 1121 2486 instituta
1151 2455 1311 2496 leguntur.
1364 2454 1430 2485 Nee
1463 2455 1521 2485 hoc
1552 2456 1662 2496 utiquc
1692 2455 1763 2485 ideo

227 2532 255 2559 a.)
277 2532 350 2557 case.
374 2532 397 2556 7.
474 2534 501 2564 b)
524 2542 556 2558 esc
576 2534 736 2558 informasse
757 2543 823 2558 corr.
847 2534 870 2557 '1'⁴

226 2600 254 2635 1)
276 2600 362 2626 Immo
386 2603 405 2626 t.
422 2600 475 2634 IV,
498 2603 513 2632 ξ
537 2602 586 2634 31,
614 2601 683 2635 Opp.
709 2602 750 2628 ed.
776 2601 882 2627 Bened.
906 2603 923 2628 ι.
943 2601 997 2633 IX,
1022 2601 1072 2626 col.
1094 2601 1160 2627 140.
1243 2601 1272 2629 2)
1297 2601 1376 2626 Ilaec
1399 2601 1426 2626 in
1451 2610 1493 2635 ep.
1509 2600 1560 2639 Δ36.
1585 2601 1623 2625 ad
1647 2600 1762 2626 Casula-

117 2659 183 2677 num
205 2660 261 2677 non
283 2651 420 2686 leyuntur.
490 2652 519 2686 3)
541 2652 612 2678 Post
630 2667 666 2671 v
685 2652 794 2678 habere
819 2655 1031 2678 consueverunt
1053 2652 1116 2685 (lin.
1133 2652 1182 2685 40)
1206 2661 1239 2677 ez
1262 2652 1418 2678 Hincmaro
1441 2661 1465 2678 c,
1484 2652 1532 2678 29.
1552 2652 1588 2676 52
1614 2651 1761 2682 (Turi-iun.

118 2701 138 2728 l.
154 2702 213 2736 III,
236 2711 260 2728 c.
280 2702 326 2736 13,
347 2712 378 2737 p.
397 2702 481 2737 321).
576 2704 606 2737 4)
631 2704 686 2738 Ep.
709 2713 787 2737 spur.
813 2703 853 2736 II,
878 2712 900 2729 c.
929 2703 975 2729 12.
1003 2703 1049 2735 13,
1074 2702 1226 2728 Ilinscltz‘us
1244 2712 1276 2737 p.
1298 2703 1364 2729 161.
1461 2704 1489 2729 5]
1514 2704 1568 2736 Ep.
1592 2711 1668 2737 spur.
1693 2711 1714 2728 c.
1735 2702 1761 2733 9,

119 2753 272 2780 Hinsclziua
291 2762 320 2787 p.
339 2753 410 2780 212.
499 2754 528 2789 6)
551 2755 607 2789 Ep.
629 2764 707 2789 spur.
731 2755 773 2787 II,
798 2764 820 2780 c.
849 2755 893 2786 19,
920 2754 1071 2779 Hinsclzius
1091 2763 1121 2787 p.
1140 2754 1187 2781 76.
1289 2754 1317 2787 7)
1342 2754 1386 2786 Cf.
1411 2764 1432 2781 c,
1463 2754 1508 2780 15.
1538 2754 1582 2779 16.
1678 2754 1705 2786 δ’)
1730 2753 1761 2778 In

119 2804 287 2838 collectione,
311 2813 382 2840 quae
405 2805 508 2831 dicitur
532 2806 861 2840 Dionysio-Hadriana,
886 2816 911 2831 v.
928 2814 1014 2838 supra
1039 2815 1066 2839 p.
1086 2805 1132 2831 65.

1786 505 1833 531 (22)

1789 1277 1835 1301 ‹³0›

1786 2051 1833 2076 (31)
