2132 3067
226 1370 245 1386 2.
256 1369 314 1386 ”11114

212 1400 231 1421 2,
242 1399 261 1417 ³.

338 149 398 180 248
766 151 815 176 DE
838 149 1011 176 UNITATE
1033 148 1241 176 ECCLESIAE
1264 147 1558 175 CONSERVANDA.

337 242 517 271 commercii
542 241 712 281 particeps
741 240 920 279 invenitur,
951 244 1111 279 quantum
1141 250 1160 268 a
1190 239 1320 269 sincera
1350 238 1584 277 communione,
1614 241 1740 269 tantum
1771 250 1791 270 a
1821 239 1982 270 catholica

339 297 433 333 atque
457 291 638 332 apostolica
662 295 802 322 remotus
825 295 867 321 est
891 290 1104 328 confessione.

442 344 492 374 26.
539 342 622 373 Ecce
647 347 832 383 proponunt
856 341 948 372 nobis
971 340 1146 372 adversarii
1171 352 1229 382 pro
1253 351 1329 371 suae
1353 341 1454 382 partis
1478 340 1731 379 confirmatione,
1755 345 1791 372 ut
1806 341 1983 373 debeamus

337 395 447 424 timere
471 393 562 434 ligari
587 393 634 425 vel
659 394 792 431 iniuste,
817 392 874 423 sod
899 393 953 434 qui
977 391 1057 423 alios
1082 392 1209 433 docent,
1233 397 1334 423 semet
1350 392 1437 433 ipsos
1454 402 1517 422 11011
1533 391 1658 423 docent.
1703 391 1806 433 Igitur
1825 394 1983 425 convincit

336 446 464 485 veritas,
490 445 610 476 iustitia
634 450 665 476 et
689 444 855 483 iudicium,
881 445 956 486 quia
980 445 1061 475 iuste
1078 443 1249 475 damnatus
1273 450 1320 474 est
1344 443 1395 473 ille
1412 442 1593 483 Hartvigus
1609 443 1700 474 iuxta
1715 445 1862 475 meritum
1881 455 1984 476 suum.

339 496 429 527 Unde
461 502 492 527 et
515 496 676 527 Dominus
701 496 778 527 dicit
800 496 829 526 ei
853 507 912 537 per
936 495 1126 527 Malachiam
1159 495 1347 537 proplietam
1380 501 1410 526 et
1441 495 1585 533 caeteris,
1614 495 1667 536 qui
1692 495 1815 526 irritum
1840 495 1985 527 fecerunt

268 561 277 567 ··
298 561 316 577 >.·.
337 553 466 590 pactum
484 548 573 587 Levi,
596 552 726 589 1111011111]
745 546 867 578 scilicet
884 547 967 578 vitae
984 552 1015 578 et
1032 548 1138 589 pacis:
1165 546 1373 587 Maleclicam,
1397 546 1555 588 inquiens,
1579 546 1856 578 benedictionibus
1872 548 1985 579 vestris

336 605 362 630 et
388 600 577 631 maledicam
603 601 659 639 eis,
683 600 840 640 quoniam
863 598 959 640 leyem
984 611 1084 630 meam
1110 610 1209 639 super
1232 609 1287 629 cor
1309 610 1371 628 non
1397 598 1564 638 posuistis.
1603 597 1680 629 Post
1696 597 1766 628 illos
1783 603 1888 629 autem
1905 598 1984 639 dies,

336 651 453 692 quibus
478 651 555 681 haec
580 661 662 692 quae
687 650 828 680 diximus
858 650 940 681 facta
969 656 1043 681 sunt
1066 650 1263 691 Moguntiae,
1294 648 1519 680 concelebrata
1549 654 1597 680 est
1623 649 1719 680 etiam
1744 649 1897 681 Coloniae
1929 661 1986 691 per

335 702 473 733 eundem
500 702 694 744 Hartvigum
724 701 882 733 ordinatio
914 701 1115 732 Adalheidae
1146 702 1309 742 1031111101.
1362 700 1427 731 Sed
1456 700 1515 731 etsi
1539 700 1758 732 Herimannus
1782 700 1984 732 coloniensis

236 764 263 783 ‘J
281 767 285 775 ⁴
311 779 316 784 .
336 754 507 795 episcopus
524 764 582 794 pro
599 754 717 784 affectu
741 754 1041 794 consanguinitatis,
1067 763 1130 795 qua
1155 753 1303 794 proxime
1320 751 1532 793 ‘attingebam
1549 763 1632 791 eum,
1656 763 1719 783 non
1736 758 1785 783 est
1800 753 1986 784 recordatus

337 805 564 844 damnationis,
588 816 651 847 qua
675 805 826 836 decessor
849 806 918 835 eius
943 805 1119 846 Sigiwinus
1143 804 1353 835 damnaverat
1376 815 1460 844 cum,
1483 808 1591 835 tamen
1612 803 1816 836 Coloniensis
1839 804 1985 844 ecelesia,

335 868 418 898 quae
441 858 472 887 in
498 862 634 898 utraque
658 856 866 888 damnatione
890 857 958 888 cius
983 862 1201 896 consenserat,
1225 856 1486 886 communionem
1511 856 1579 886 eius
1596 856 1696 886 vitare
1720 855 1885 895 debuerat,
1909 866 1985 898 quo-

336 909 422 938 niam
446 907 523 938 nihil
548 909 689 946 interest,
721 914 826 939 utrum
858 909 886 939 ei
915 907 1032 950 aliquis
1057 908 1282 946 communicet,
1315 908 1368 948 qui
1398 907 1555 938 eiusmodi
1585 912 1643 946 est,
1674 908 1742 938 sive
1765 906 1810 938 illi
1834 907 1986 949 iungatur

336 960 570 998 communione,
596 961 651 1001 qui
675 959 822 990 diversus
845 970 908 990 non
933 965 981 990 est
1003 960 1044 991 ab
1068 959 1152 990 illius
1169 959 1299 990 heretici
1317 960 1555 990 communione.
1593 959 1660 998 Sic,
1685 959 1787 1001 inquit
1803 957 1952 990 Gelasius
1963 964 1984 998 ²,

336 1013 382 1043 sic
402 1013 530 1052 passim
554 1013 666 1042 omnia
689 1011 776 1042 licite
791 1012 872 1051 fieri
895 1023 913 1040 a
939 1023 1130 1052 quocunque
1154 1012 1309 1041 videntur
1331 1015 1359 1041 et
1384 1010 1509 1041 nullum
1537 1011 1713 1042 discrimen
1743 1022 1862 1050 rerum,
1891 1010 1984 1042 nulla

336 1064 539 1094 eoeaminatio
570 1062 723 1093 ecclesiae
751 1063 950 1104 postulatur,
981 1063 1037 1094 5οἐ
1067 1063 1182 1104 πόίιμιε
1213 1062 1345 1093 heretici
1369 1062 1653 1093 intromittunturb
1676 1067 1703 1093 et
1727 1074 1816 1093 nemo
1839 1063 1986 1102 resultat,

337 1115 392 1145 secl
415 1114 499 1144 velut
522 1119 612 1144 muta
631 1125 754 1154 pecora
785 1115 820 1144 in
852 1115 1036 1155 captionem
1066 1114 1165 1144 ducta
1195 1113 1336 1144 subditis
1369 1113 1589 1144 uoluntatibus
1607 1113 1785 1154 perfidiam
1809 1118 1984 1144 sectantur.

336 1166 403 1196 Iam
428 1176 503 1196 vero
527 1170 672 1206 apparet,
705 1169 856 1206 quantam
882 1165 1058 1206 perniciem
1083 1170 1226 1205 generet,
1255 1163 1339 1206 quod
1371 1165 1454 1195 sacri
1483 1175 1621 1195 canones
1649 1163 1867 1206 negliguntur,
1897 1164 1984 1205 quod

337 1217 487 1258 imperiti,
518 1216 653 1257 indigni,
684 1216 872 1256 symoniaci,
903 1215 1059 1258 neophyti
1083 1216 1226 1247 ecelesiis
1251 1215 1493 1257 praeficiuntur,
1523 1215 1645 1258 quales,
1675 1227 1747 1246 cum
1771 1226 1836 1247 uon
1859 1216 1985 1258 possint

336 1269 470 1299 scientia
493 1273 524 1298 01
546 1266 693 1298 doctrina
716 1271 812 1309 atque
835 1266 907 1298 aliis
930 1267 1084 1309 operibus
1108 1267 1201 1299 bonis
1225 1267 1434 1305 innotescere,
1457 1273 1669 1309 praesumunt
1685 1266 1859 1299 sceleribus
1881 1273 1985 1299 osten-

337 1319 412 1350 dere
435 1330 504 1350 sese
527 1318 649 1360 aliquid
673 1329 743 1350 0550
767 1318 817 1349 vel
841 1330 947 1360 posse,
971 1325 1002 1350 et
1026 1319 1108 1350 inter
1130 1324 1258 1350 caetera
1274 1317 1433 1350 extollunt
1449 1329 1482 1349 se
1500 1325 1612 1350 contra
1635 1320 1757 1360 regiam
1782 1323 1984 1361 potestatem,

337 1372 434 1401 immo
467 1376 578 1401 eontra
610 1369 672 1401 Dei
703 1369 948 1409 ordinationem,
979 1375 1010 1401 et
1041 1371 1095 1412 qui
1126 1375 1237 1412 utpote
1268 1369 1442 1402 militantes
1473 1370 1545 1402 Deo
1576 1381 1637 1402 non
1668 1370 1846 1402 debuerant
1875 1381 1908 1402 se
1936 1370 1985 1402 vel

336 1423 473 1463 negotiis
497 1421 717 1453 saecularibus
740 1421 915 1463 implicare,
939 1427 1095 1464 usurpant
1118 1422 1179 1453 sibi
1203 1432 1338 1462 reguum
1364 1422 1512 1453 ordinare
1536 1427 1567 1453 et
1589 1433 1711 1464 regere,
1735 1423 1788 1464 qui
1808 1421 1986 1454 debuerant

335 1474 543 1505 ecelesiarum
577 1480 716 1504 rectores
748 1484 817 1504 esse
848 1478 880 1504 et
907 1484 978 1504 sese
1007 1473 1193 1515 exemplum
1226 1473 1415 1504 humilitatis
1445 1473 1593 1505 omnibus
1616 1479 1884 1515 praemonstrare.
1930 1473 1985 1505 Sic

335 1527 419 1557 enim
452 1526 604 1557 discrevit
635 1524 783 1556 Christus
815 1526 982 1566 utriusque
1013 1526 1183 1567 potestatis
1214 1524 1334 1565 officia,
1365 1536 1477 1566 regum
1509 1524 1632 1556 scilieet
1658 1531 1755 1567 atque
1785 1525 1983 1567 pontificum,

337 1579 517 1620 quatinas⁸
541 1578 706 1619 spiritalis
731 1578 816 1607 actio
841 1589 860 1607 a
885 1577 1118 1619 temporalibus
1147 1578 1284 1608 distaret
1315 1576 1503 1608 incursibus
1533 1582 1561 1608 et
1585 1577 1653 1608 Deo
1684 1576 1830 1608 ntilz'tans
1852 1578 1984 1608 minime

336 1641 367 1660 se
392 1631 529 1670 neglotiis
552 1628 737 1670 implicaret
760 1628 996 1668 saecularibus,
1021 1640 1059 1659 ac
1083 1629 1225 1660 vicissim
1248 1639 1315 1659 non
1339 1628 1392 1660 ille
1415 1629 1509 1659 rebvs
1532 1628 1656 1660 divinis
1682 1629 1873 1669 praesidere
1895 1628 1983 1660 vide-

336 1686 436 1720 retur,
459 1682 516 1723 qni
539 1686 616 1712 esset
639 1680 829 1721 implicatas
853 1681 992 1722 neyotiis
1015 1679 1244 1711 saecularibus
1255 1684 1276 1711 ⁴.
1315 1679 1408 1710 Unde
1433 1679 1529 1720 idem,
1553 1681 1608 1722 qui
1631 1679 1711 1711 haec
1734 1680 1874 1722 scripsit,
1892 1678 1984 1711 Gela-

336 1733 401 1762 sius
433 1736 668 1773 consequenter
698 1731 853 1762 discernit
877 1742 1004 1773 quoque
1027 1731 1147 1762 iudicia
1169 1730 1325 1762 ecelesiae
1348 1742 1367 1761 a
1389 1731 1487 1772 regiis
1511 1730 1788 1773 dispositionibus.
1837 1730 1916 1772 Quo,
1939 1731 1985 1762 in·

336 1784 436 1825 quit⁵,
460 1795 556 1822 more,
581 1795 643 1825 qno
667 1784 734 1814 rita
757 1785 880 1825 aliquis
904 1783 1159 1814 damnatorumc
1180 1783 1413 1824 praetenditur
1432 1781 1608 1822 absolutus,
1633 1795 1705 1814 cum
1729 1794 1786 1815 nec
1809 1794 1830 1814 a
1851 1783 1983 1824 pontifi-

337 1835 426 1866 cibus
448 1835 588 1876 legitime
612 1835 840 1866 ecclesiasticis
863 1834 989 1876 leyibns
1010 1834 1112 1873 fuerit
1141 1835 1324 1875 eoepeditns,
1352 1846 1410 1865 7100
1435 1846 1455 1866 a
1477 1834 1645 1866 saeculari
1663 1839 1820 1877 potestate
1840 1835 1986 1877 potuerit

335 1891 466 1926 praeter
495 1887 646 1918 ecclesiae
678 1889 839 1918 tramitem
862 1897 1006 1927 prorsus
1037 1886 1170 1917 absolvi.
1224 1885 1410 1921 Quantum
1438 1887 1524 1917 enim
1549 1887 1594 1917 ad
1616 1886 1803 1928 reliyionem
1833 1887 1986 1927 pertinet,

336 1949 400 1968 non
426 1939 493 1970 nisi
517 1938 715 1980 apostolicae
738 1939 808 1969 sedi
830 1939 927 1969 iuncta
950 1949 1090 1969 canones
1113 1937 1244 1968 debetur
1266 1938 1364 1968 totius
1386 1949 1513 1969 samma
1535 1937 1666 1978 iudicii,
1695 1942 1854 1980 quantum
1877 1942 1984 1968 autem

337 1989 382 2020 ad
412 1990 536 2020 saccali
563 1994 763 2031 potestatem,
794 1989 874 2021 illad
906 2001 925 2020 a
954 1989 1165 2030 pontificibus
1196 1993 1223 2020 et
1251 1990 1433 2030 praecipue
1464 2001 1483 2019 a
1515 1988 1600 2020 beati
1623 1989 1711 2020 Petri
1741 1990 1868 2020 vicario
1898 1988 1984 2020 debet

335 2052 528 2082 coynoscere
551 2053 634 2083 quae
658 2041 775 2073 divina
799 2046 886 2081 sunt,
910 2053 975 2072 non
999 2041 1108 2072 eadem
1133 2041 1293 2080 iudicare,
1318 2051 1375 2071 nec
1395 2040 1459 2071 sibi
1475 2041 1532 2072 1700
1550 2041 1724 2081 quisquam
1742 2041 1986 2083 potentissimas

337 2093 471 2132 saeculi,
502 2094 558 2134 qni
587 2098 693 2123 tamen
726 2093 929 2123 christianas
960 2098 1014 2133 est,
1050 2093 1223 2124 vendicare
1251 2093 1446 2133 praesumit.
1497 2091 1538 2122 Et
1569 2091 1653 2122 idem
1678 2091 1849 2122 Gelasius⁷
1873 2096 1985 2123 contra

336 2143 497 2183 Acatium,
521 2144 618 2174 immo
642 2148 751 2174 contra
775 2155 901 2175 omnem
927 2145 1124 2185 episcopum,
1149 2144 1203 2186 qui
1226 2142 1347 2185 aliquid
1365 2141 1523 2174 eiusmodi
1541 2148 1677 2185 usurpat
1693 2142 1754 2174 sibi
1771 2147 1883 2174 contra
1899 2141 1984 2174 sedis

336 2194 533 2236 apostolicae
562 2195 745 2226 decretum:
777 2196 855 2227 (s'nm
886 2201 1005 2227 constet
1034 2206 1159 2236 semper
1181 2195 1269 2226 sedis
1294 2194 1492 2236 apostolicae
1516 2195 1639 2226 iudicio
1663 2194 1853 2226 huiusmodi
1873 2205 1982 2236 perso-

236 2257 244 2266 ·
281 2260 314 2277 Διτ,
338 2257 398 2276 nas
423 2251 479 2276 ant
504 2247 671 2277 discussas
700 2258 765 2278 0550
792 2246 840 2277 vel
867 2252 1032 2289 puryatas
1056 2251 1114 2277 aut
1137 2248 1184 2277 sic
1208 2246 1247 2278 ab
1270 2245 1346 2277 aliis
1370 2246 1487 2287 quibus
1515 2246 1721 2287 'competebat
1743 2247 1906 2288 episcopis
1929 2246 1982 2278 ab—

337 2296 469 2333 solutas,
494 2302 528 2327 nt
551 2303 655 2329 tamen
683 2297 842 2330 absolutio
865 2310 975 2329 earnm
994 2309 1033 2328 0-1·
1048 2298 1135 2329 sedis
1159 2297 1358 2338 apostolicae
1374 2298 1584 2328 consensione
1603 2298 1770 2339 penderet,
1792 2297 1848 2329 ubi
1863 2302 1984 2329 utram-

338 2360 396 2389 qne
421 2348 570 2388 (liftteril,
594 2362 650 2380 nec
675 2351 911 2380 discussionem
935 2349 1113 2391 leyitimam
1139 2360 1195 2379 7100
1217 2349 1451 2389 paryationem
1467 2348 1601 2388 firmam
1620 2361 1659 2379 ac
1678 2360 1742 2390 per
1757 2349 1815 2380 boc
1831 2349 1984 2391 receptio-

340 2410 407 2428 nem
437 2405 561 2430 constat
582 2401 693 2440 fnisse
725 2401 910 2431 indebitam.
963 2401 1043 2431 Ecce
1073 2401 1203 2431 interim
1237 2401 1269 2430 in
1303 2400 1365 2439 his,
1396 2400 1527 2441 inquit⁸,
1559 2411 1661 2431 causa
1694 2405 1801 2431 vestra
1831 2405 1926 2431 7111ίαί
1955 2405 1983 2431 et

448 2507 474 2531 a)
496 2505 648 2535 actingcbnt
672 2507 700 2534 13
722 2505 822 2529 emend.
844 2504 957 2530 Selzaril.
1025 2506 1051 2536 b)
1074 2506 1284 2530 intromittantur
1308 2506 1330 2530 l.
1395 2506 1419 2535 0)
1442 2505 1638 2530 Alexandrinus
1659 2505 1752 2530 Petrus
1772 2504 1831 2530 Gel.
1895 2505 1926 2536 d)
1944 2504 1982 2530 ica

339 2550 411 2578 Gcl.‚·
432 2550 474 2573 illo
499 2551 521 2573 1.

447 2647 474 2679 l)
497 2646 563 2672 Vide
587 2656 657 2681 qnae
677 2656 706 2680 p.
724 2647 794 2674 ⁴247.
812 2649 845 2673 (Ie
868 2649 920 2674 hac
944 2657 972 2674 re
996 2649 1072 2675 dicta
1093 2652 1166 2675 sunt.
1233 2649 1263 2683 2)
1288 2649 1333 2681 Cf.
1351 2649 1428 2683 epist.
1445 2649 1495 2682 27,
1518 2651 1532 2680 ‚S
1550 2649 1576 2681 2,
1604 2648 1681 2675 Tln'el
1699 2658 1732 2683 p.
1749 2648 1821 2676 423.
1890 2648 1920 2683 3)
1937 2647 1982 2682 Cf.

337 2702 419 2724 tract.
445 2703 458 2727 ς’
485 2699 530 2730 11,
558 2708 588 2732 p.
614 2699 684 2725 568.
805 2699 835 2733 ⁴1)
865 2699 925 2724 1100
953 2708 1003 2724 nnn
1033 2699 1093 2725 sine
1120 2700 1242 2733 quadam
1273 2700 1425 2727 acerbitate
1455 2703 1553 2727 contra
1580 2700 1774 2734 imperatorem
1802 2699 1905 2727 dietum
1934 2703 1982 2726 cot.

339 2750 368 2782 ἴ»)
393 2749 464 2776 Ibid.
489 2752 502 2779 ,S
530 2750 575 2782 12,
595 2758 626 2783 p.
645 2749 715 2775 569.
804 2750 833 2775 6»
857 2750 947 2784 Epist,
969 2751 1014 2781 lo,
1040 2754 1052 2781 ξ
1078 2751 1105 2784 9,
1125 2760 1156 2785 p,
1175 2751 1245 2777 34T.
1334 2752 1368 2787 T)
1387 2752 1478 2786 Epist.
1496 2751 1544 2784 27,
1569 2754 1582 2783 ξ
1607 2752 1634 2785 4,
1654 2760 1685 2786 p.
1703 2751 1774 2779 427.
1855 2751 1885 2786 8)
1907 2750 1982 2778 Ibid.

338 2805 352 2830 ξ
377 2802 403 2832 5,
427 2811 454 2835 p.
474 2801 543 2826 42⁸.

2007 714 2032 732 10

2006 970 2033 990 15

2004 1228 2032 1247 20

2003 1487 2032 1507 2⁵

2003 1743 2032 1763 ³0

2004 2001 2032 2021 ³5

2003 2257 2031 2282 ρο

2002 2555 2030 2575 ⁴5
