2132 3067
216 684 261 702 120.
273 684 292 707 ι),
302 684 314 701 s

204 712 255 732 Gaii
265 714 323 737 5‚1›1.

181 742 234 761 Lev.
248 744 323 767 19,18.

228 920 322 941 'iuli-3¹.

213 1282 327 1303 Gal.1.S.

262 1336 325 1355 Ηυξ).

222 1389 324 1413 ib.‘2,11.

185 1860 201 1877 1.
214 1858 264 1879 eur.
274 1860 294 1884 ¹1,
305 1861 324 1878 2.

223 2068 251 2088 ib.
263 2069 324 2088 1-5.

345 147 385 179 72
744 149 897 176 LIBELLI
921 149 1119 177 BERNALDI
1142 149 1379 176 PRESBYTERI
1401 149 1586 177 MONACHI.

345 239 491 271 catholici
516 239 627 270 cadem
652 238 854 269 observanda
877 249 946 269 esse
970 243 1173 278 censuerunt,
1197 239 1251 280 qui
1275 243 1327 269 eta
1351 249 1369 269 a
1393 238 1642 269 sacratissimisb
1670 238 1737 270 IIII
1761 238 1905 270 conciliis
1929 238 1989 270 dis-

345 291 462 322 sentire
495 290 674 329 noluerunt,
705 301 746 320 ex
777 289 894 331 quibus
922 294 1030 321 noster
1058 289 1254 331 apostolicus
1277 289 1402 331 prefata
1425 289 1580 331 produxit
1602 289 1740 321 decreta.
1786 290 1991 332 Quapropter

345 352 403 372 nec
437 341 545 372 idiotis
580 341 678 372 latere
711 341 836 380 estimo,
871 352 966 382 quam
998 340 1180 382 periculose
1209 340 1259 372 vel
1288 341 1395 382 potius
1425 351 1519 382 quam
1553 341 1731 382 perniciose
1762 341 1824 372 sibi
1859 342 1991 383 suisque

344 392 556 423 sectatoribus
581 393 754 434 desipiant,
778 393 972 434 quicumque
990 403 1047 433 per
1063 392 1253 423 sozomenie
1277 390 1458 432 kapitulum
1483 391 1706 423 sacerdotibus
1731 392 1993 424 incontinentiam

343 442 522 474 asscribere
546 454 609 474 non
632 443 815 482 formidant,
840 444 956 485 quibus
980 443 1055 474 licet
1078 444 1279 484 superiorum
1303 442 1511 485 epistolarum
1539 444 1675 475 assertio
1699 444 1847 476 sufficere
1870 444 1995 483 debeat,
2014 458 2027 478 5

344 495 458 526 iterum
470 495 482 514 ‘¹
508 501 613 526 tamen
637 506 692 526 eos
716 505 907 536 premoncre
932 493 971 525 de
995 494 1159 525 cavendoe
1182 494 1387 525 anathemate
1411 505 1474 524 non
1497 494 1615 526 tcdeat.

450 555 525 586 XII.
571 555 672 586 Vetus
696 560 922 586 testamentum
948 555 1063 596 partim
1088 555 1120 585 in
1145 555 1294 586 misteriis
1317 555 1434 596 partim
1462 555 1493 585 in
1519 554 1716 586 moralibusf
1739 556 1898 597 preceptis
1922 566 1995 587 con-

344 607 472 645 tinetur,
496 606 550 637 sed
569 606 759 638 adveniente
777 606 906 638 Christo
929 607 1067 637 cessavit
1091 607 1122 637 in
1139 607 1301 648 mysteriis
1325 612 1356 637 et
1379 605 1562 637 carnalibus
1581 606 1805 646 observantiis,
1829 607 1904 649 quia
1926 607 1995 648 ipse

344 663 391 688 est
415 658 486 688 finis
509 658 575 688 sive
599 658 770 699 completio
794 657 884 699 legis,
908 658 939 687 in
958 656 1132 689 moralibus
1149 664 1280 689 autem&
1304 659 1463 700 preceptis
1477 658 1488 677 '¹
1513 657 1618 688 adhuc
1635 663 1752 698 manet,
1777 658 1853 699 quia
1868 669 1996 700 semper

343 714 391 740 cst
407 709 662 740 observandum:
688 710 822 751 Diliqas
834 710 1021 751 prooeimum
1039 714 1127 740 tuum
1145 711 1229 741 sicut
1246 714 1273 741 te
1289 711 1399 750 ipsum
1418 716 1449 740 ct
1466 708 1620 751 reliquai.
1668 709 1874 751 Quicumque
1896 710 1997 751 igitur
2014 723 2039 742 ιο

343 771 383 791 ex
407 759 478 800 lege
503 760 643 802 aliquam
667 761 828 792 carnalem
853 761 1114 792 observantiamk
1138 771 1222 791 novo
1247 761 1375 802 quidem
1401 765 1593 792 testamento
1617 759 1788 791 adversam
1811 759 1918 792 adhuc
1940 760 1995 792 ob-

343 811 534 842 servandam
552 823 622 843 esse
636 812 869 853 dogiiiatizaffl,
888 812 999 854 procul
1016 811 1115 844 dubio
1132 823 1204 843 cum
1224 811 1398 843 Galathism
1419 813 1517 842 immo
1534 822 1604 842 cum
1623 811 1828 843 Hebionitis¹¹
1844 812 1994 846 iudaizat.

344 862 523 903 Coniugale
546 869 653 894 autem
678 875 758 905 opus
783 864 985 895 sacerdotum
1011 865 1092 895 inter
1115 864 1259 894 carnales
1283 862 1366 904 legis
1382 863 1605 894 observantias
1628 867 1843 904 computatur,
1868 863 1995 906 quibus,

344 915 472 956 inquam
483 920 504 954 ⁰,
535 914 755 946 sacerdotibus
787 915 846 946 hoc
877 920 1000 946 tantum
1031 916 1061 945 in
1086 914 1156 955 lege
1181 915 1396 945 successionis
1419 916 1529 946 'causa
1551 913 1670 955 legitur
1693 925 1895 954 concessum,
1919 914 1994 957 quia

343 977 383 998 ex
407 965 468 996 alia
492 965 578 997 tribu
602 965 707 997 nullus
731 977 768 997 eo
793 972 937 1008 tempore
962 966 1109 1008 pervenit
1137 966 1176 997 ad
1201 966 1426 997 sacerdotium.
1471 965 1553 997 Nam
1585 966 1616 996 in
1647 971 1755 997 nostro
1785 972 1931 1008 tempore
1953 977 1994 998 ex
2015 978 2042 998 15

343 1016 487 1060 quolibet
515 1029 632 1057 genere
663 1018 849 1049 sacerdotes
880 1018 1002 1059 eligere
1025 1018 1109 1058 licet,
1142 1017 1260 1060 quibus
1291 1023 1322 1049 et
1346 1018 1458 1049 merito
1483 1016 1686 1048 interdicitur
1708 1017 1878 1058 coniugale
1902 1028 1994 1059 opus,

344 1080 414 1100 cum
440 1080 502 1099 non
527 1070 587 1099 iam
613 1075 841 1100 successor-esp
865 1069 1006 1101 habeant
1029 1070 1239 1103 necessarios,
1287 1071 1495 1111 Quapropter
1524 1069 1670 1111 quisquis
1698 1074 1729 1100 et
1760 1068 1820 1100 hoc
1849 1075 1994 1111 tempore

344 1119 420 1151 illud
452 1120 612 1151 iudaicam
646 1121 831 1162 coniugium
862 1121 1084 1153 sacerdotibus
1115 1120 1211 1152 licere
1240 1132 1311 1151 eum
1338 1120 1515 1151 sozomeno
1546 1119 1597 1151 vel
1621 1121 1728 1161 potius
1751 1131 1823 1151 cum
1846 1120 1995 1152 Hebione

345 1172 552 1212 dogmatizat,
577 1183 639 1203 non
663 1172 873 1214 neglegenter
883 1179 895 1198 ‘1
920 1172 998 1204 illud
1023 1171 1208 1203 inevitabile
1231 1172 1401 1203 anathema
1418 1170 1610 1211 consideret,
1634 1177 1718 1213 quor
1740 1173 1808 1213 ipse
1830 1171 1996 1214 apostolus

345 1223 527 1264 specialiter
557 1223 757 1254 iudaicarum
787 1224 1050 1256 observationum
1082 1223 1302 1266 predicatores
1330 1222 1591 1261 anathematizat,
1621 1222 1773 1254 Galatass
1796 1223 1995 1255 iudaizantes
2015 1235 2043 1254 20

346 1276 389 1305 ita
413 1274 590 1306 deterrens:
622 1275 687 1306 Sed
710 1275 783 1306 lieet
813 1288 869 1307 vos
895 1281 952 1306 (rut
976 1277 1113 1317 amyclas
1140 1276 1178 1306 de
1202 1276 1290 1306 caelo
1315 1275 1513 1316 euanyelz'zet
1536 1275 1635 1315 vobis,
1654 1280 1765 1317 preter
1788 1275 1874 1317 quod
1895 1287 1995 1307 euan-

345 1326 561 1367 yelizrwimus
583 1327 679 1365 vobis,
705 1327 881 1358 anathema
905 1329 956 1359 sit.
995 1327 1084 1358 Idem
1108 1337 1184 1371 vero
1210 1325 1389 1357 inculcans²
1414 1325 1595 1366 subiungit:
1618 1326 1717 1357 Nunc
1741 1327 1857 1358 iterum
1881 1327 1995 1358 dicon.-

346 1378 384 1409 Si
408 1379 480 1419 quis
505 1378 590 1409 vobis
619 1378 895 1420 euanyelizaverit
916 1384 1048 1420 preter*
1080 1379 1116 1409 id
1138 1379 1224 1419 qnod,
1248 1379 1430 1418 accepisti-9,
1455 1378 1631 1409 anathema
1655 1379 1706 1409 sit.
1752 1377 1842 1409 Idem
1867 1389 1996 1421 quoque

346 1429 464 1460 Paulus
488 1429 591 1470 ipsum
618 1430 794 1471 principem
819 1429 1039 1472 apostolorum
1065 1429 1268 1468 Antiochiae,
1292 1428 1367 1460 licet
1383 1429 1526 1460 eiusdem
1545 1429 1630 1459 sedis
1656 1429 1858 1471 episcopum,
1881 1429 1996 1461 libera-

344 1480 415 1512 liter
445 1481 612 1522 corripuit,
644 1492 681 1511 eo
713 1482 799 1523 quod
828 1487 971 1523 gentesw
1003 1492 1066 1511 non
1090 1481 1220 1522 quidem
1253 1480 1461 1522 predicando,
1491 1480 1547 1511 sed
1573 1491 1631 1511 suo
1656 1479 1806 1522 exemplo
1830 1480 1995 1512 iudaizare
2015 1493 2042 1512 25

344 1537 482 1573 cogeret,
507 1543 578 1562 cum
603 1543 637 1562 sc
660 1531 700 1563 ab
725 1544 834 1563 eornm
860 1533 1010 1563 convivio
1035 1544 1092 1574 pro
1118 1533 1232 1563 timore
1250 1532 1422 1563 Iudcorum
1447 1531 1628 1563 simulando
1650 1531 1884 1566 subtraheret&
1920 1532 1994 1564 Pre-

342 1588 429 1614 terea
453 1584 522 1625 ipse
547 1583 785 1614 heresiarchest'
810 1584 936 1616 Hebion
961 1595 1034 1615 cum
1060 1583 1210 1615 omnibus
1233 1584 1299 1614 suis
1323 1582 1536 1614 sectatoribus
1560 1585 1644 1614 inter
1671 1583 1812 1625 reliquos
1836 1583 1994 1616 hereticos

343 1635 631 1666 anathematizatus
655 1639 703 1666 est
725 1646 742 1665 a
767 1646 837 1666 sacr
839 1636 985 1666 atissima
1008 1635 1133 1677 synodo
1152 1634 1509 1676 Constititiiiopolitana
1532 1640 1563 1666 ct
1585 1646 1603 1666 a
1628 1636 1721 1667 beato
1739 1634 1890 1667 Gelasio¹
1909 1647 1996 1678 papa

344 1687 375 1717 in
399 1686 576 1728 apostoliea
601 1687 692 1717 sede:
717 1686 803 1728 quod
826 1687 997 1718 anathemt
1020 1686 1126 1717 nullus
1150 1686 1317 1727 subterfw
1306 1697 1373 1717 cre
1398 1687 1526 1728 poteiit‚
1550 1688 1746 1729 quicumque
1777 1687 1882 1729 ipsum
1907 1687 1995 1720 here-

343 1738 501 1769 siarcham
527 1749 584 1780 per
608 1739 777 1769 sozomeni
802 1737 983 1780 kapitulum
1009 1739 1125 1770 secu-ui
1151 1738 1395 1780 presumpserit.
2014 1749 2041 1768 ao

451 1798 541 1830 XIII.
589 1798 727 1837 Quidam
753 1799 849 1830 etiam
874 1799 934 1830 sibi
960 1799 1093 1829 nimium
1115 1799 1265 1829 videntur
1288 1798 1375 1829 scioli
1400 1804 1578 1829 asserentes
1602 1798 1866 1830 incontinentiam
1891 1810 1995 1831 sacer-

344 1850 473 1881 dotibus
504 1861 574 1880 csse
605 1861 790 1881 concessam
820 1851 851 1880 in
883 1849 936 1881 illo
965 1849 1118 1892 apostoli:
1158 1850 1390 1891 Unusquisque
1423 1862 1517 1881 suam
1548 1855 1704 1881 uxoremz
1728 1850 1854 1882 habeat.
1908 1851 1994 1890 Qui·

343 1901 470 1931 autemb
503 1912 564 1931 non
596 1901 789 1942 intelligunt,
819 1913 902 1944 quac
933 1901 1099 1933 locunturc
1130 1913 1234 1943 neque
1267 1900 1305 1931 de
1330 1901 1447 1942 quibus
1469 1901 1641 1940 affirmant,
1673 1907 1728 1932 aut
1750 1901 1777 1932 si
1801 1901 1994 1944 intelligunt,

343 1964 433 1983 suam
467 1953 610 1993 ipsorum
641 1953 868 1984 conscientiam
903 1953 1105 1995 impugnant.
1151 1953 1232 1983 Nam
1265 1958 1438 1984 attestante
1471 1952 1564 1984 beato
1595 1952 1780 1984 Ieronimo²
1815 1953 1994 1985 Corinthiid

344 2005 426 2035 inter
456 2010 562 2035 cetera
593 2004 634 2035 ab
664 2004 812 2046 apostolo
843 2005 1036 2046 quesierant,
1067 2015 1107 2034 an
1133 2015 1236 2045 nuper
1259 2005 1377 2035 renatis
1400 2005 1432 2034 in
1457 2003 1584 2035 Christo
1609 2003 1746 2035 carnalis
1770 2004 1886 2046 copula
1907 2005 1996 2037 licita
2014 2017 2042 2036 35

344 2063 436 2087 esset.
483 2057 610 2094 Quibus
634 2057 678 2087 ita
702 2056 887 2097 rescripsite
910 2055 1089 2097 apostolus:
1119 2056 1168 2087 De
1192 2056 1308 2098 quibus
1333 2061 1439 2087 autem
1463 2055 1664 2096 scripsistiss
1688 2056 1778 2094 mihi,
1808 2056 1927 2088 bonum
1950 2062 1994 2088 est

345 2108 469 2138 homini
492 2108 657 2139 niulierem
680 2119 745 2139 ηοη
769 2113 914 2148 tangere,
936 2108 1371 2149 propterfornicatimwmg
1394 2111 1500 2138 autem
1523 2108 1748 2149 unusquisque
1771 2108 1889 2138 suam¹¹
1914 2119 1994 2140 utco-

344 2170 407 2189 rem
442 2159 558 2189 haheat
590 2164 617 2188 ot
647 2170 864 2200 unaquaeque
893 2160 999 2190 virum
1030 2171 1126 2190 suum
1155 2159 1302 2190 habenti.
1352 2158 1457 2189 Uoeori
1487 2159 1539 2189 vir
1568 2158 1709 2190 debitum
1739 2159 1872 2198 reddat,
1903 2161 1992 2191 simi-

343 2210 418 2240 liter
442 2215 546 2241 utilem
576 2211 625 2240 eth
655 2222 739 2241 umor
769 2211 849 2242 viro.
896 2210 1017 2241 Mulier
1045 2212 1100 2241 sui
1130 2211 1277 2251 corporis
1298 2214 1484 2250 potestatem
1514 2221 1579 2240 non
1611 2209 1713 2248 habet,
1742 2211 1798 2241 sed
1820 2211 1882 2251 vir,
1906 2212 1992 2243 sim-i-

342 2261 416 2292 liter
450 2266 554 2292 (tutem
589 2266 615 2291 et
652 2263 700 2292 vir
734 2262 788 2292 sui
822 2262 969 2303 corporis
1001 2266 1189 2303 potestatem
1223 2272 1288 2292 non
1320 2261 1454 2301 habeat,
1483 2261 1539 2292 sed
1572 2262 1697 2292 mulier.
1751 2261 1862 2294 N'olz'le
1885 2263 1990 2304 frau-
2011 2273 2039 2292 ιο

455 2378 480 2403 u)
502 2375 571 2399 dces!
595 2376 617 2399 l.
704 2376 729 2405 b)
752 2375 927 2399 sanctissimis
947 2376 971 2399 ⁴.
1069 2375 1093 2406 c)
1116 2375 1221 2399 Zozom.
1243 2375 1268 2399 2.
1355 2374 1384 2401 d»
1404 2382 1484 2398 unum
1506 2374 1538 2399 G.
1633 2372 1660 2405 ὲ)
1681 2383 1713 2399 ει,-
1733 2375 1854 2399 cavando
1875 2384 1942 2400 corr.
1965 2377 1990 2401 3.

345 2420 365 2451 s)
386 2428 410 2451 p.
432 2428 465 2444 m.
488 2422 512 2444 ⁴.
587 2422 614 2452 g)
637 2421 707 2445 deese
730 2421 754 2444 2.
811 2420 837 2451 h)
861 2429 932 2452 prem
953 2421 978 2445 3.
1036 2421 1054 2450 i)
1077 2421 1205 2452 reliquam
1232 2422 1251 2444 1.
1310 2420 1338 2452 k)
1359 2428 1488 2451 supet-scr.
1506 2421 1528 2444 1.
1588 2421 1608 2446 l)
1630 2420 1716 2444 docm.
1733 2420 1757 2444 2.
1815 2421 1851 2453 m)
1874 2421 1946 2446 deest
1962 2423 1992 2453 1;

346 2466 476 2490 Galnthiis
498 2466 522 2490 2.
616 2467 644 2497 n)
674 2467 768 2491 Ebion.
793 2467 815 2490 1.
921 2467 947 2497 ο)
976 2467 1056 2498 imqn.
1078 2467 1103 2491 2⁴
1201 2466 1228 2497 p)
1258 2465 1282 2492 h.
1304 2474 1324 2490 s.
1346 2466 1378 2490 G.
1478 2470 1506 2498 qt
1533 2466 1672 2497 neglenter
1693 2467 1717 2491 2⁷..
1822 2469 1845 2497 r)
1874 2468 1945 2500 quod
1965 2469 1991 2492 4.

345 2512 368 2542 s)
391 2511 519 2536 (sminthius
541 2513 565 2536 3.
641 2515 661 2540 t)
683 2512 874 2536 inconculcnns
898 2513 905 2535 1
922 2521 927 2542 ;
948 2520 980 2536 cat
1000 2512 1148 2536 inconculc.
1170 2520 1236 2535 corr.
1252 2512 1277 2536 3.
1349 2512 1376 2542 ιι)
1400 2511 1459 2536 dico
1480 2512 1569 2536 vobis:
1589 2513 1611 2536 si
1632 2513 1677 2545 qui
1697 2520 1737 2537 eu.
1760 2513 1784 2537 2.
1851 2514 1878 2544 v)
1898 2521 1945 2546 pre
1966 2513 1991 2539 2.

346 2557 382 2587 w)
408 2557 478 2582 deese
500 2558 525 2581 ’2.
624 2558 652 2587 x)
679 2557 843 2589 protraheret
866 2559 888 2582 1.
982 2561 1009 2589 y)
1038 2557 1211 2581 heresiarchis
1235 2558 1256 2581 1.
1279 2558 1303 2582 3.
1398 2562 1423 2583 Ζ)
1449 2557 1474 2582 h.
1495 2565 1520 2582 u.
1541 2559 1566 2583 3.
1588 2559 1613 2582 4.
1707 2558 1736 2589 a)
1757 2567 1789 2584 ex
1809 2567 1859 2592 que
1878 2567 1944 2585 cor-r.
1969 2561 1991 2584 1.
2008 2546 2036 2583 ⁴2¹·

347 2603 374 2631 b)
395 2606 442 2627 aut
463 2603 493 2626 G.
574 2602 596 2635 c)
618 2612 649 2627 cx
670 2604 800 2627 locamtnr
819 2612 885 2628 corr.
905 2604 935 2634 (ἐς
956 2604 1071 2636 loquitur
1091 2604 1115 2628 4.
1192 2604 1219 2632 d)
1240 2603 1317 2628 Chor.
1339 2603 1364 2627 2.
1441 2603 1466 2634 e)
1489 2604 1609 2628 rescribit
1629 2604 1655 2628 4.
1730 2603 1752 2635 f)
1772 2605 1945 2638 rescripsistis
1964 2606 1991 2630 4.

345 2649 372 2681 g)
394 2648 585 2673 fornicationes
609 2650 631 2673 1.
653 2650 682 2679 3;
703 2658 740 2681 pr.
762 2652 815 2673 aut.
836 2649 904 2673 forn.
926 2649 950 2674 2.
1026 2649 1056 2680 h)
1076 2658 1096 2673 s.
1118 2649 1142 2674 h.
1164 2657 1189 2674 u.
1210 2650 1234 2673 4.
1310 2648 1331 2675 ἰ)
1351 2648 1421 2673 ‹lec-⁹!
1443 2649 1468 2674 2.
1543 2649 1571 2681 k)
1591 2650 1662 2674 deest
1683 2649 1713 2674 G.

456 2751 481 2785 l)
511 2751 564 2784 Ep.
590 2751 638 2780 42,
663 2760 725 2785 cap.
751 2751 778 2784 4,
803 2753 817 2783 g
838 2752 882 2784 10,
907 2752 950 2779 ed.
979 2751 1056 2777 leiel
1079 2751 1103 2784 J,
1132 2760 1161 2785 p.
1187 2750 1266 2783 469,·
1294 2751 1380 2784 dass&
1402 2760 1444 2776 nr.
1465 2751 1534 2779 700.
1622 2751 1652 2787 2)
1683 2751 1787 2779 Contra
1813 2752 1990 2779 lot-insanum

345 2803 364 2829 I.
388 2803 412 2836 J,
437 2805 451 2834 ἓ
469 2803 502 2837 7,·
528 2801 599 2837 Opp.
623 2806 641 2830 t.
666 2803 706 2835 II,
730 2803 780 2829 col.
806 2802 876 2829 245.

2122 2105 2132 2240 n———n
