2132 3067
35 712 60 732 10

36 1021 62 1040 15

35 1279 62 1298 20

36 1536 62 1555 25

35 1794 62 1814 80

35 2051 62 2071 ³5

36 2308 64 2327 40

510 144 722 172 EPISTOLAE
746 144 915 172 HUGONIS
941 146 1176 173 CARDINALIS
1202 146 1252 172 IX.
1277 146 1313 172 X.
1672 142 1734 173 417

81 233 256 276 discipulos
281 239 482 271 revocantes
507 243 571 263 non
595 233 790 265 obdurantes
815 233 912 265 eorda
935 239 1054 273 nostra,
1079 246 1141 265 non
1162 234 1359 266 obdurantes
1383 245 1477 266 aures
1501 233 1608 266 cordis
1633 236 1733 265 nostri

81 287 120 317 ad
143 296 258 316 vocem
283 285 415 315 Domini
440 285 593 316 dicentis:
628 285 752 325 Clamo,
777 297 816 316 ne
840 296 950 316 cesses.
1004 286 1071 316 Has
1096 285 1253 318 litterulas
1277 286 1424 318 fidelibus
1447 287 1574 327 mittite,
1598 286 1734 318 infideli—

82 339 140 370 bus
164 338 259 369 etiam
284 347 347 367 non
372 335 592 378 dedignemini
617 337 754 375 mittere,
778 342 811 368 ut
835 336 1004 367 dediscant
1026 337 1182 378 rapiendo
1207 337 1378 379 particulas
1402 337 1483 379 legis
1507 344 1605 370 totam
1630 338 1732 380 legem

81 388 237 428 scindere,
261 389 315 430 qui
339 387 434 418 velud
459 399 536 419 aves
559 389 661 418 noctis
686 388 847 430 fugientes
871 387 955 419 diem
974 389 1254 428 examinationis1,
1278 390 1482 420 abscondunt
1505 400 1538 420 se
1563 389 1623 420 sub
1648 395 1732 421 tene-

81 441 146 473 bris
169 439 248 472 false
271 440 500 478 excusationis,
526 440 617 480 quasi
642 441 801 470 sententia
824 439 916 470 Pauli
941 446 1111 480 prenotata
1134 441 1174 471 sit
1198 441 1468 482 intemperabilis,
1498 442 1550 482 qui
1576 442 1731 483 intempe-

81 492 194 525 rabilia
223 497 414 533 temperant,
445 490 582 521 culicem
611 490 781 532 liquantes,
813 491 970 522 camelum
1002 490 1179 532 glucientes
1191 497 1212 532 ²,
1243 493 1395 533 periuria,
1426 492 1629 533 prodiciones
1661 504 1733 524 con-

81 548 254 582 secrantes,
285 553 385 573 novas
416 547 447 573 et
477 542 627 584 antiquas
655 541 783 574 hereses
813 553 916 573 novae
947 543 1111 584 potentiae
1142 544 1321 574 sacerdotio
1352 543 1568 575 dedicantesa.
1614 544 1733 576 Beatus

83 596 162 627 Leo:
192 595 268 626 Non
299 599 356 635 est,
386 594 522 635 inquit³‚
554 594 659 624 nimia
690 595 846 625 severitas
876 595 924 625 vel
954 596 1113 635 remissio,
1142 595 1199 625 ubi
1228 594 1332 626 nichil
1359 597 1419 627 erit
1448 595 1598 636 lisyatum,
1630 596 1734 627 nichil

80 648 230 687 solutum,
253 647 321 678 nisi
343 646 430 688 quod
446 645 557 677 beatus
573 645 690 676 Petrus
715 651 772 676 (tut
795 645 949 688 liyaverit
975 652 1032 677 aut
1055 646 1196 677 solo-erit.
1234 646 1354 677 Iterum
1373 648 1597 677 obsecramus:
1624 648 1731 678 Dicite

79 698 323 740 pusillanimis:
346 697 519 729 Doctrinis
543 698 649 728 variis
672 702 700 729 et
720 698 912 740 peregrinis
935 699 1032 729 nolite
1057 698 1187 729 abduci.
1233 698 1347 729 Gratia
1371 698 1505 729 Domini
1529 699 1696 730 vobiscum
1708 699 1731 728 ¹³.

883 790 926 822 X.

186 850 370 883 Venerabili
399 851 562 882 comitisse
586 849 788 893 mathildae]
815 849 938 894 H[ugo]
949 856 991 873 ⁰·⁴
1020 850 1123 883 fidelis
1155 862 1268 882 servus
1292 851 1457 882 Romanae
1488 852 1666 882 aecclesiae
1697 852 1729 882 in

81 903 162 935 faeie
185 902 334 934 coelestis
357 903 467 945 sponsi
497 901 575 933 illud
607 902 768 933 canticum
793 901 898 933 fidelis
920 903 1048 934 animae
1073 902 1171 934 corde
1195 909 1225 934 et
1249 914 1356 944 opere,
1386 908 1420 933 ut
1443 902 1560 942 soletis,
1584 904 1733 944 trequen-

82 962 164 986 tare:
188 954 330 986 Gressus
351 966 437 986 ‘meos
460 955 569 996 diriye
592 955 771 986 secundum
794 954 956 996 eloquium
980 955 1081 995 tic‘zim,
1112 960 1147 986 ut
1170 966 1236 986 non
1261 956 1446 986 dominetur
1468 956 1530 985 mei
1554 956 1659 985 omnis
1682 956 1732 985 in-

82 1008 217 1039 iustieia
240 1013 272 1038 et
293 1005 387 1038 illud:
418 1006 525 1037 Trahe
547 1017 595 1037 me
614 1011 688 1048 post
711 1011 750 1047 te,
778 1017 818 1038 ne
841 1008 964 1048 vagari
986 1007 1148 1048 incipiam
1172 1011 1250 1048 post
1272 1018 1384 1048 [qv-eyes
1407 1006 1568 1037 sodalium
1594 1011 1733 1036 taorzwn.

185 1058 316 1098 Quanto
338 1057 406 1089 zelo
431 1069 489 1100 pro
514 1059 636 1089 unitate
660 1057 839 1089 aecclesiae
863 1058 1114 1098 decertaveritis,
1145 1063 1303 1089 testantur
1327 1057 1412 1089 mille
1436 1057 1591 1099 pericula,
1615 1057 1733 1099 quibus

81 1111 220 1142 animam
236 1115 377 1141 vestram
394 1110 603 1152 exposuistis.
642 1110 685 1141 Et
701 1110 728 1140 si
744 1109 832 1152 apud
850 1110 957 1141 Deum
975 1109 1060 1142 bona
1077 1109 1226 1142 voluntas
1242 1121 1301 1152 pro
1317 1110 1402 1140 facto
1418 1114 1595 1151 reputatur,
1614 1114 1734 1151 quanto

82 1162 183 1203 magis
206 1167 272 1193 tam
297 1163 472 1193 immensus
495 1161 588 1193 labor
609 1161 759 1193 mercede
782 1172 892 1193 carere
916 1172 979 1193 non
1009 1163 1137 1203 poterit.
1192 1161 1398 1204 Impossibile
1429 1166 1477 1192 est
1507 1166 1614 1192 autem
1645 1160 1733 1192 illum

82 1214 218 1250 mentiri,
242 1214 297 1256 qui
320 1224 380 1255 per
401 1212 550 1254 angelum
576 1224 668 1244 suum
693 1215 752 1245 ait:
776 1214 850 1244 Pace
873 1213 1060 1245 hominibus
1083 1214 1163 1246 bone
1185 1214 1374 1245 voluntatis.
1420 1212 1513 1244 Unde
1537 1218 1568 1243 et
1590 1213 1736 1244 beatissi-

83 1277 151 1297 mus
175 1264 307 1304 Paulus,
331 1265 397 1308 qui,
420 1264 522 1296 zelum
548 1265 669 1296 habens
693 1276 757 1297 non
780 1265 959 1296 seeundum
984 1265 1163 1305 scientiam,
1186 1265 1376 1297 aecclesiam
1402 1264 1668 1306 persequebatur,
1693 1275 1734 1295 ex

82 1317 165 1349 bono
187 1316 256 1348 zelo
280 1317 321 1348 ad
344 1317 513 1348 scientiam
537 1317 707 1359 pervenire
730 1319 857 1349 meruit.
901 1317 974 1349 Non
1007 1316 1110 1348 solum
1141 1323 1249 1349 autem
1272 1316 1433 1357 voluntas,
1464 1316 1520 1348 sed
1544 1321 1576 1348 et
1599 1327 1732 1358 operum

81 1373 259 1400 vestrorum
282 1368 385 1411 gloria
408 1373 440 1400 et
462 1368 647 1400 hominibus
671 1373 704 1400 et
726 1369 851 1410 angelis
875 1369 1026 1401 innotuit.
1069 1368 1196 1400 Nullius
1215 1369 1383 1411 potestatis
1400 1379 1571 1410 personam
1588 1368 1620 1398 in
1638 1377 1734 1398 causa

81 1420 143 1452 Dei
173 1421 356 1463 accepistis,
387 1419 514 1451 oblatos
545 1419 692 1460 ducatus,
724 1420 865 1452 oblatam
888 1420 1001 1452 mundi
1024 1420 1160 1462 gloriam
1190 1420 1371 1463 respuistis,
1400 1420 1542 1462 dampna
1565 1418 1652 1450 illata
1675 1430 1734 1461 pro

81 1471 168 1503 lucro
184 1472 369 1515 reputastis,
393 1471 544 1514 exemplo
560 1472 687 1503 vestrod
703 1472 884 1503 Romanurn
902 1473 1073 1514 imperium
1097 1472 1138 1504 ad
1156 1472 1376 1504 defensionem
1394 1472 1540 1503 iusticiae
1556 1472 1733 1502 animastis

185 1524 308 1556 Tantos
332 1523 475 1556 fidelium
499 1535 630 1555 suorum
653 1524 781 1556 labores
798 1525 890 1556 Deus
911 1526 1093 1564 miseratus,
1116 1535 1156 1555 ne
1180 1525 1386 1566 privarentur
1408 1523 1515 1555 fructu
1539 1534 1615 1554 suae
1639 1523 1735 1554 devo-

81 1575 186 1617 tionis,
210 1576 429 1608 manifestavit
451 1575 627 1607 aecclesiae
644 1576 826 1618 proditores
845 1575 926 1616 illos,
950 1577 1026 1618 quie
1050 1575 1110 1607 sub
1134 1577 1243 1619 specie
1267 1577 1396 1618 pietatis
1419 1575 1601 1607 infecerunt
1617 1585 1733 1617 panem

82 1638 177 1659 sanae
205 1628 371 1659 doctrinae
395 1638 520 1660 veneno
549 1628 677 1667 erroris,
708 1629 753 1659 ita
780 1633 815 1660 ut
843 1639 905 1659 nec
932 1629 1140 1660 innocentum
1168 1627 1338 1659 animabus
1362 1633 1542 1670 parcerent,
1573 1637 1664 1669 quos,
1694 1627 1734 1657 ab

81 1680 368 1712 excommunicatis
384 1679 567 1722 baptizatos
591 1685 623 1711 et
645 1680 798 1711 continuo
815 1681 938 1722 absque
955 1679 1215 1711 reconciliatione
1233 1684 1386 1719 mortuos,
1411 1690 1451 1710 ex
1468 1679 1735 1721 dampnatissimo

81 1730 210 1762 decreto
241 1731 500 1774 dampnatissimi
524 1732 690 1763 Anastasii
720 1733 841 1774 scripto
870 1731 1121 1774 predicaverunt
1144 1730 1261 1762 salvari
1272 1736 1294 1762 ⁵.
1340 1730 1496 1772 Cogimur
1518 1735 1624 1761 autem
1647 1729 1735 1771 apud

82 1793 191 1814 omnes
215 1782 327 1815 fideles
350 1782 592 1815 lacrimabiliter
615 1785 770 1826 conqueri
794 1795 892 1825 super
907 1794 945 1815 eo
956 1789 977 1823 ⁰,
1003 1784 1058 1826 qui
1076 1782 1211 1814 salutem
1229 1788 1321 1814 extra
1335 1782 1524 1814 aecclesiam
1543 1781 1734 1823 predicavit,

82 1845 178 1876 super
199 1845 247 1876 eo,
271 1835 326 1877 qui
351 1835 505 1876 operibus
528 1840 560 1867 et
582 1834 729 1867 doctrina
752 1841 864 1867 satane
887 1846 998 1867 omnes
1026 1834 1160 1877 pusillos
1185 1834 1305 1866 Christi
1329 1833 1560 1865 scandalizavit
1582 1838 1614 1864 et
1637 1832 1734 1863 corda

83 1885 219 1918 tiliorum
243 1886 420 1918 aecclesiae
444 1897 528 1918 novo
552 1886 684 1918 vulnere
708 1888 869 1929 percussit
892 1887 984 1927 adeo,
1010 1891 1054 1926 ut,
1078 1887 1134 1928 qui
1158 1887 1262 1928 parati
1286 1892 1377 1917 erant
1400 1886 1481 1916 mori
1505 1895 1564 1927 pro
1588 1884 1734 1915 Romana

82 1937 245 1979 aecclesia,
268 1939 364 1970 modo
388 1938 494 1980 palam
518 1938 685 1980 predicent
709 1950 744 1970 se
766 1939 839 1970 Deo
863 1938 1056 1979 sacrificare,
1080 1939 1106 1969 si
1130 1937 1220 1968 illum
1245 1937 1510 1980 persequanturs,
1542 1936 1597 1977 qui
1622 1935 1732 1966 orbem

83 1995 164 2021 terre
186 1990 351 2021 evidenter
374 1989 532 2022 subvertit
561 1996 742 2032 quantum&
764 1991 795 2021 in
824 1991 896 2032 ipso
926 1991 995 2029 fuit,
1027 1991 1082 2032 qui
1111 1989 1187 2020 fidei
1216 1989 1426 2021 fundamenta
1451 1988 1624 2025 concussit,
1656 1988 1733 2029 quie

83 2041 343 2073 inrevocabiliter
366 2042 545 2074 obduratus
568 2041 657 2084 leges
680 2053 781 2073 novas
805 2042 924 2073 divinis
947 2041 1074 2083 legibus
1091 2041 1254 2083 opposuit,
1279 2041 1333 2082 qui
1349 2039 1484 2072 consilia
1499 2039 1566 2070 Dei
1588 2044 1618 2070 et
1635 2038 1733 2069 homi-

82 2103 156 2124 num
180 2104 262 2136 eque
279 2093 459 2136 despexit*,
484 2094 561 2136 quih
585 2094 693 2125 navim
718 2093 804 2125 beati
820 2093 917 2134 Petri,
942 2104 1038 2135 quam
1063 2093 1235 2124 videbatur
1257 2103 1380 2134 regere,
1403 2092 1435 2122 in
1459 2091 1562 2122 undas
1585 2089 1733 2121 intolera-

84 2144 193 2176 bilium
216 2156 359 2178 errorum
383 2146 514 2177 retorsit
536 2145 627 2184 adeo,
651 2151 686 2176 ut
709 2146 820 2176 iactati
836 2144 989 2176 fiuctibus
1005 2145 1171 2176 immensis
1188 2154 1344 2185 cogamur
1360 2143 1559 2174 exclamare:
1583 2143 1732 2182 Domine,

83 2197 176 2229 salva
205 2209 274 2237 nos,
299 2198 460 2240 perimus.
512 2196 626 2228 Tantis
649 2196 801 2238 periculis
825 2196 935 2228 fideles
959 2195 1055 2227 altius
1079 2196 1227 2226 concussi
1257 2195 1352 2237 plane
1374 2195 1515 2226 fatentur
1537 2194 1639 2226 zelum
1665 2194 1732 2236 qui-

83 2248 154 2280 dem
184 2249 259 2290 Dei,
290 2249 346 2280 sed
377 2260 440 2280 non
472 2249 648 2280 secundum
682 2249 850 2280 scientiam
883 2259 916 2279 se
947 2247 1100 2279 habuisse
1132 2247 1165 2278 in
1196 2257 1244 2287 eo,
1276 2247 1362 2289 quod
1392 2251 1480 2278 tante
1511 2246 1732 2288 perversitatis

83 2301 204 2332 auctori
228 2300 425 2333 adminicula
447 2306 478 2332 et
501 2300 643 2332 favorem
668 2299 866 2342 prebuerint.
917 2299 961 2331 Et
989 2310 1062 2330 cum
1092 2298 1226 2330 vulnera
1249 2298 1436 2330 vulneribus
1465 2309 1540 2340 sepe
1571 2303 1732 2338 curentur,

84 2362 155 2383 cum
179 2353 304 2384 minora
327 2352 470 2394 dampna
492 2352 532 2384 ad
557 2352 709 2384 evitanda
737 2352 860 2383 maiora
889 2362 947 2393 pro
971 2349 1058 2381 lucro
1082 2350 1289 2392 deputentur,
1320 2351 1392 2392 quis
1416 2350 1556 2381 sufficiat
1579 2349 1732 2381 admirari

85 2413 201 2435 novum
225 2405 346 2446 genusi
374 2415 544 2446 perversae
567 2404 830 2446 dispensationis,
862 2407 895 2434 ut
926 2402 1058 2434 vulnere
1088 2402 1195 2433 cordis
1227 2406 1358 2433 sanetur
1388 2400 1520 2433 morbus
1544 2412 1658 2432 manus
1682 2401 1733 2432 vel

194 2514 219 2545 a)
241 2514 410 2546 predicantes
432 2514 457 2539 2.
533 2515 559 2545 b)
583 2517 634 2538 etc.
655 2513 720 2538 adil.
739 2514 764 2538 2.
839 2513 867 2542 c)
888 2513 919 2537 N.
942 2513 966 2536 2.
1044 2512 1070 2543 d)
1094 2515 1185 2536 nostro
1206 2513 1228 2536 l.
1251 2512 1275 2536 2.
1352 2517 1377 2536 e!
1399 2516 1425 2536 et
1445 2511 1469 2536 2,
1546 2511 1566 2535 f1
1589 2520 1622 2535 an
1646 2514 1733 2543 pros?

85 2559 112 2590 g)
131 2563 230 2592 quanto
249 2561 271 2584 1.
347 2560 373 2586 hi
397 2563 423 2585 et
442 2564 531 2584 vatum
553 2560 578 2584 2.
655 2560 672 2587 i)
697 2559 735 2583 bis
755 2568 804 2585 scr.
827 2560 851 2584 2.

195 2658 222 2690 1)
246 2657 291 2690 Cf.
314 2667 402 2692 supra
420 2667 452 2692 p.
470 2658 546 2684 406:
568 2657 714 2692 fugientes
738 2657 833 2683 lucem
857 2655 1088 2684 examinationis.
1198 2657 1227 2690 2)
1253 2655 1297 2689 Cf.
1322 2655 1416 2682 lvonis
1442 2655 1555 2682 Carnos.
1581 2655 1659 2688 epist,
1685 2664 1730 2688 ap.

87 2707 176 2740 Floss,
200 2708 384 2743 ‘Papstzcahl’
404 2718 471 2743 app.
488 2719 517 2743 p.
534 2709 606 2735 172:
626 2708 756 2735 Romane
774 2708 897 2734 ecclesie
914 2707 1036 2734 ministri
1055 2728 1060 2733 .
1079 2727 1085 2733 .
1105 2727 1111 2733 .
1129 2706 1164 2733 ab
1182 2706 1349 2733 irrisoribus
1366 2706 1424 2732 suis
1442 2705 1590 2732 audirent:
1612 2705 1731 2731 culirem

88 2757 216 2785 colantes
240 2763 269 2786 et
292 2759 433 2786 camelum
457 2760 624 2795 glutientes.
719 2760 747 2794 3)
771 2760 869 2788 Sermo
893 2759 920 2792 4,
947 2769 969 2786 c.
988 2760 1016 2791 3,
1044 2758 1137 2792 Opera
1160 2759 1184 2791 I,
1209 2759 1260 2785 col.
1282 2759 1327 2784 18.
1417 2758 1445 2784 45
1471 2758 1553 2790 ano
1577 2756 1733 2782 cardinali&

88 2809 233 2837 diaconus.
321 2811 350 2844 5)
376 2811 420 2844 Cf,
444 2821 530 2846 supra
553 2821 583 2846 p.
610 2812 679 2837 393.
706 2812 775 2841 39⁶,
866 2811 893 2843 ij
921 2810 1034 2837 Urbano
1058 2810 1098 2843 II,
1124 2810 1161 2842 cf.
1184 2809 1263 2843 infra
1284 2819 1315 2843 p.
1334 2809 1403 2835 421.

161 2865 257 2890 Libelli
277 2866 309 2890 de
329 2866 383 2890 lite.
417 2866 452 2891 11.
1467 2863 1499 2886 53

1755 298 1777 316 Is
1796 298 1830 319 58,
1841 299 1858 317 l.

1750 505 1905 525 Nullumst-U.

1813 690 1840 710 cf.

1751 721 1814 740 Ilebr
1833 721 1866 744 13,
1876 721 1897 740 9.

1753 865 1808 883 turb*

1753 966 1788 985 Ps.
1800 967 1846 985 ΗΞΔ
1857 965 1905 986 133.

1754 1020 1812 1037 Cant
1830 1018 1906 1039 1,3.s.

1754 1223 1810 1243 Luc.
1820 1223 1841 1246 2,
1854 1223 1885 1241 14.

1754 1276 1818 1294 Rom,
1831 1276 1864 1299 1¹2⁸,
1877 1276 1896 1294 2.

1814 1820 1841 1839 cf.

1754 1850 1834 1868 hianti*
1845 1849 1906 1870 ΝΛΞ.

1753 2099 1780 2120 ⁸5.
1790 2103 1817 2120 δ’,

1753 2153 1904 2174 Μίιῖῐὺ.8,25,

1813 2233 1839 2251 cf.

1751 2264 1807 2282 Rom
1819 2264 1901 2287 .10‚2.
