2132 3067
61 473 73 492 5

47 730 72 750 10

46 990 72 1009 15

45 1249 71 1268 20

45 1507 72 1526 25

45 1767 73 1787 ³0

49 2025 76 2045 ³5

48 2282 75 2302 ⁴0

51 2582 79 2602 4⁵

518 170 570 195 DE
593 169 763 196 UNITATE
786 169 994 196 ECCLESIAE
1017 169 1310 197 CONSERVANDA.
1680 166 1740 197 227

94 258 132 289 de
157 269 256 299 regno
287 268 344 288 suo
369 257 553 289 deiciendos
578 269 658 296 esse,
689 258 771 288 sicut
801 259 828 289 ei
861 257 1014 289 adscribit
1041 260 1224 300 propositae
1248 260 1387 301 scriptor
1410 259 1573 300 epistolae.
1620 258 1739 300 Greqo·

93 311 194 348 rius-¹,
218 310 331 350 inquit,
356 310 455 340 liuius
479 311 624 341 nominis
645 311 793 350 primus:
821 310 1058 350 ‘Decffl-nimus,
1081 322 1171 352 reyes
1196 323 1215 341 α
1240 313 1309 342 suis
1333 311 1553 352 dz'yriz’tctlz'btts
1577 312 1690 341 cadere
1715 316 1741 341 el

88 361 348 403 participatione
379 362 526 403 corporis
558 367 586 392 et
613 362 793 402 sanguinis
816 361 954 391 Domini
980 373 1098 401 carere,
1130 363 1187 402 qni
1210 363 1380 393 temerario
1405 374 1489 393 ausu
1511 373 1739 403 praesumpse-

94 414 161 444 rint
184 417 299 443 contra
323 412 409 443 sedis
433 412 633 453 apostolicae
656 414 748 443 iussa
776 413 900 443 venire'.
946 411 1040 444 Certe
1065 413 1119 454 qui
1144 414 1300 444 eiusmodi
1325 419 1382 453 est,
1414 415 1475 444 iam
1501 413 1661 444 iudicatus
1686 419 1742 453 est,

94 464 185 495 iuxta
208 463 293 505 quod
317 469 349 494 et
365 463 442 494 Saul
465 475 483 493 a
501 463 643 494 Domino
668 463 860 504 reprobatus
884 468 941 503 est,
965 471 996 494 et
1021 470 1136 504 tamen,
1162 470 1331 506 postquam
1355 466 1518 496 abiecerat
1537 477 1607 496 eum
1632 466 1741 496 Domi-

94 525 168 554 nus,
199 526 238 545 ne
269 520 419 556 regnaret
447 526 543 556 super
574 514 689 556 Israel,
722 515 840 556 legitur
871 515 986 546 multos
1017 526 1117 546 annos
1148 517 1268 546 vixisse
1300 518 1420 557 pariter
1451 524 1480 547 ct
1509 528 1678 558 regnasse,
1709 522 1743 547 ut

93 565 212 597 scilicet
235 565 407 597 electorum
424 567 487 598 Dei
511 567 666 607 patientia
689 571 894 598 exerceretur
918 572 972 597 aut
996 567 1186 608 probaretur
1210 567 1269 597 sub
1294 568 1517 598 crudelissimo
1541 580 1625 609 rege.
1648 579 1741 610 quem

93 619 188 648 etiam
220 618 289 659 ipse
314 617 433 657 David,
463 617 583 649 electus
614 629 631 648 a
656 618 726 650 Deo
759 619 790 648 in
820 629 940 659 regem,
972 619 1206 659 patientissime
1237 618 1309 650 tulit
1332 626 1363 650 et
1387 631 1444 661 pro
1469 630 1516 656 eo,
1548 620 1634 661 quod
1658 625 1743 651 esset

92 669 228 700 christus
254 669 396 709 Domini,
420 670 528 700 timuit
552 669 708 709 occidere,
733 680 804 700 cum
830 675 940 711 posset
962 680 1034 701 eum
1059 675 1169 711 utpote
1193 676 1429 712 persecutorem
1462 682 1554 701 suum
1585 670 1742 709 occidere,

93 721 146 763 qui
171 721 203 751 in
227 720 288 751 hoc
312 721 407 752 etiam
433 722 601 763 poenituit,
627 721 711 762 quod
735 720 785 751 vel
810 722 1026 752 summitatem
1051 721 1229 762 chlamydis
1254 723 1321 753 eius
1345 722 1534 753 abscindere
1559 733 1744 764 praesump-

93 773 177 803 serit.
223 771 300 803 Saul
324 783 399 803 vero
423 771 584 803 LXXXV
607 773 791 804 sacerdotes
816 773 949 803 Domini
974 784 1036 802 una
1061 773 1112 804 die
1137 774 1264 811 occidit,
1288 779 1319 804 et
1341 780 1448 804 tamen
1473 785 1556 814 eum,
1581 775 1634 815 qui
1660 775 1742 805 eius-

93 823 178 855 modi
202 830 281 863 erat,
304 824 460 865 patientia
485 829 667 855 sanctorum
693 824 855 855 sustinuit.
901 824 965 855 Sed
989 823 1173 855 Henrichus
1199 836 1267 864 reX,
1292 825 1370 856 nihil
1395 825 1506 856 horum
1532 826 1663 863 faciens,
1687 826 1743 856 sed

92 876 251 917 episcopis
286 875 420 906 liberam
451 876 726 917 disponendarum
757 875 967 907 ecclesiarum
1003 880 1193 917 potestatem
1229 878 1436 917 permittens,
1472 877 1549 919 quia
1578 876 1681 907 noluit
1711 878 1743 907 in

93 938 205 958 manus
230 927 435 959 Hildebranti
459 938 562 969 papae
592 939 649 969 pro
673 927 838 959 voluntate
870 927 1009 958 hostium
1038 938 1168 958 suorum
1200 928 1326 960 tradere
1351 929 1471 969 regiam
1497 934 1688 970 potestatem
1713 934 1743 959 et

93 979 243 1010 honorem
274 984 305 1010 et
335 990 468 1021 regnum
501 990 604 1019 suum,
636 980 708 1011 ideo
738 979 890 1010 scribitur
920 980 1033 1010 merito
1060 991 1118 1021 pro
1142 979 1363 1011 inobedientia
1386 991 1442 1011 sua
1468 980 1639 1011 damnatus
1663 991 1742 1013 esse,

92 1031 183 1073 quasi
209 1042 266 1072 per
291 1031 349 1061 hoc
373 1030 508 1062 voluerit
531 1031 580 1061 ius
604 1031 802 1063 sacerdotale
826 1030 888 1062 sibi
912 1031 1126 1063 substernere.
1171 1031 1471 1073 Respondendnm2
1495 1036 1538 1062 est
1561 1033 1656 1062 etiam
1682 1032 1743 1071 his,

92 1082 203 1124 inquit,
228 1083 286 1124 qui
300 1083 508 1124 spiritalibus
525 1084 724 1123 saecularia,
748 1084 885 1114 ‘divinis
901 1083 1049 1113 humana
1064 1084 1289 1124 praeferentes
1311 1089 1338 1114 et
1362 1085 1414 1114 rizts
1431 1083 1630 1114 sacerdotale
1646 1084 1742 1113 laicis
1764 1093 1790 1111 ⁸.
1815 1104 1818 1111 .

91 1134 291 1165 substernere
323 1135 478 1175 volentes,
508 1139 754 1177 conquerantur
783 1135 984 1166 Henriclzum
1019 1147 1040 1165 a
1071 1134 1229 1176 Grefsorio
1265 1135 1334 1166 sine
1364 1135 1508 1176 exemplo
1540 1135 1741 1166 damnata-m.

92 1185 159 1216 Sed
182 1190 215 1216 nt
239 1187 476 1226 querimoniae,
508 1187 623 1228 inquit,
652 1187 729 1217 haic
760 1187 925 1217 silentium
949 1187 1129 1228 imponant,
1157 1186 1316 1217 inclinent
1340 1198 1436 1217 aures
1459 1187 1617 1226 historiis,
1647 1198 1742 1228 quam

91 1247 188 1278 saepe
207 1238 379 1278 praesules
403 1250 467 1269 non
491 1238 593 1269 solum
617 1237 801 1279 apostolici,
824 1238 881 1268 sed
903 1239 999 1268 etiam
1021 1238 1244 1279 provinciales
1267 1239 1301 1268 in
1327 1238 1513 1278 defensione
1539 1239 1623 1269 iuris
1648 1249 1742 1268 cano-

92 1289 162 1319 nici
184 1288 292 1330 ⁷·e9ali
322 1290 389 1320 siue
421 1291 632 1331 imperatorio
662 1301 727 1320 non
758 1294 973 1330 pepercerant
1002 1290 1138 1320 nomini.
1185 1289 1279 1329 Ecce,
1304 1300 1374 1319 cum
1401 1295 1521 1331 quanto
1545 1290 1611 1331 agit
1635 1288 1741 1320 studio

92 1340 300 1380 pertinaciae,
326 1346 358 1371 ut
382 1347 509 1371 moveat
532 1352 590 1372 nos
615 1352 634 1371 a
656 1340 816 1372 soliditate
841 1340 914 1371 fidei
939 1346 1076 1379 nostrae,
1101 1341 1252 1382 quatinus
1277 1341 1449 1371 introducti
1476 1340 1526 1371 vel
1550 1341 1741 1372 testimoniis

92 1391 322 1433 scripturarum
349 1392 398 1423 vel
418 1392 558 1423 historiis
582 1404 687 1424 rerum
706 1392 902 1423 declinemus
926 1392 965 1423 ad
990 1398 1113 1434 partem
1139 1393 1187 1423 sui
1212 1391 1362 1433 Gregorii
1388 1403 1500 1434 papae,
1523 1403 1594 1423 cum
1615 1393 1642 1422 is
1658 1397 1743 1423 certe

93 1443 236 1485 utrisque
267 1443 428 1483 abutatur,
459 1444 613 1476 vertendo
643 1444 723 1475 falsa
754 1444 1028 1485 interpretatione,
1059 1455 1122 1474 non
1154 1454 1230 1474 vera
1261 1444 1393 1475 ratione.
1439 1443 1502 1475 Sed
1527 1443 1604 1475 nulli
1628 1443 1740 1474 horum

92 1494 252 1526 credimus
277 1494 438 1527 mediante
462 1495 544 1534 Deo,
569 1495 679 1538 quales
702 1495 909 1526 antichristos
934 1495 1017 1526 dixit
1040 1495 1199 1526 Iohannes
1227 1495 1393 1537 apostolus
1425 1495 1540 1526 multos
1565 1507 1648 1527 nunc
1673 1507 1742 1527 esse

92 1547 123 1577 in
147 1546 278 1587 mundo,
306 1547 382 1589 quia
405 1547 523 1578 Paulus
547 1548 725 1589 apostolus,
754 1559 812 1589 per
835 1558 929 1589 quem
955 1547 1097 1588 loquitur
1121 1546 1277 1587 Christus,
1307 1547 1384 1578 dicit
1414 1553 1444 1578 et
1476 1547 1506 1577 id
1532 1547 1672 1578 secundo
1696 1558 1742 1578 re-

93 1599 186 1640 petit:
218 1598 307 1630 Licet
329 1610 389 1630 nos
412 1604 471 1630 ant
494 1600 633 1641 anyelus
661 1600 699 1631 de
730 1599 818 1630 caelo
848 1599 1049 1641 enanyelizet
1070 1599 1157 1630 vobis
1175 1604 1405 1641 praeterquam
1430 1600 1516 1641 qnod
1538 1600 1742 1640 ezzanyelim-

95 1651 197 1681 vimus
219 1651 318 1690 vobis,
343 1651 519 1682 anatliema
542 1653 593 1682 sit.
633 1651 684 1682 Ex
708 1650 802 1682 huius
828 1655 913 1682 certe
930 1650 1145 1681 anathematis
1168 1650 1298 1681 vinculo
1321 1661 1413 1682 nemo
1435 1650 1516 1682 liber
1539 1651 1659 1691 existit,
1682 1651 1743 1681 nisi

92 1712 185 1744 quem
208 1701 315 1733 nullus
339 1713 428 1733 error
451 1702 595 1744 involvit,
618 1714 656 1733 ac
674 1703 807 1745 perinde
832 1703 916 1734 sicut
938 1710 1068 1734 sanctus
1085 1703 1150 1733 Leo
1172 1713 1255 1744 papa
1277 1703 1429 1733 scribit-¹¹:
1454 1702 1493 1733 Si
1509 1714 1617 1733 omnes
1635 1714 1740 1733 sacer-

93 1754 179 1784 dotes
202 1758 230 1784 et
253 1754 395 1785 mundus
419 1757 623 1786 assentiatur
647 1755 824 1793 damnatis,
855 1755 1026 1786 damnatio
1050 1755 1280 1785 consentientes
1304 1754 1450 1792 involvit,
1480 1765 1545 1785 non
1565 1755 1741 1796 praevari-

92 1806 252 1836 cationem
282 1816 458 1837 consensus
488 1806 631 1837 absolvit.
678 1806 745 1837 Sub
770 1806 984 1837 damnationis
1009 1806 1140 1848 quidem
1165 1806 1323 1836 sententia
1350 1811 1434 1844 sunt,
1467 1811 1624 1846 quotquot
1647 1816 1741 1835 cuan-

91 1856 176 1898 gelio
206 1868 271 1888 non
302 1857 466 1897 obediunt,
498 1862 655 1900 quotquot
680 1857 742 1888 Dei
775 1857 969 1889 ordinationi
1000 1858 1163 1896 resistunt,
1195 1862 1353 1899 quotquot
1381 1858 1413 1887 in
1441 1857 1563 1887 unitate
1587 1855 1741 1887 ecclesiae

94 1919 158 1940 non
180 1914 264 1947 sunt,
287 1911 455 1951 quoniam:
484 1910 559 1941 Una
575 1914 629 1946 est,
655 1909 759 1950 inquit
775 1909 946 1947 Dominus,
971 1909 1115 1940 columba
1138 1921 1219 1949 mea,
1239 1908 1387 1950 peifecta
1413 1920 1492 1948 mea,
1516 1919 1580 1939 una
1597 1914 1643 1939 est
1663 1908 1741 1938 tides

95 1959 278 2000 christiana,
307 1971 389 2002 quae
420 1967 469 1992 est
496 1960 665 1992 catholica.
712 1960 879 1992 Catholica
908 1967 1015 1992 autem
1047 1961 1206 1991 veraciter
1237 1965 1285 1991 est
1314 1959 1377 1997 illa,
1412 1970 1493 2001 quae
1522 1959 1563 1989 ab
1598 1960 1739 1989 omnium

94 2011 291 2054 perfidorum
315 2017 411 2054 atque
436 2012 476 2044 ab
503 2023 613 2043 eorum
638 2012 901 2043 successoribus³
925 2012 1128 2043 consortibus
1151 2013 1286 2052 sincera,
1310 2022 1400 2052 pura,
1429 2010 1634 2041 immaculata
1659 2021 1741 2040 com-

95 2064 244 2095 munione
273 2069 322 2095 est
351 2063 466 2094 divisa.
512 2064 578 2095 Sed
607 2064 658 2095 ille
687 2065 742 2106 qui
772 2064 885 2095 scribit
908 2070 938 2094 et
962 2064 1158 2102 testificatur,
1189 2074 1222 2094 sc
1253 2065 1285 2093 in
1310 2067 1398 2104 parte
1423 2063 1471 2093 sui
1497 2062 1646 2103 Gregorii
1672 2073 1740 2092 esse

96 2120 127 2146 et
150 2119 274 2156 partem
298 2116 400 2157 ipsius
424 2114 606 2155 defendere,
637 2115 698 2156 ille,
729 2117 873 2158 inquam,
898 2115 979 2155 talis,
1003 2126 1074 2146 cum
1099 2116 1139 2147 sit
1162 2120 1255 2146 extra
1278 2114 1480 2152 catholicam,
1509 2113 1568 2144 hoc
1598 2118 1644 2144 est
1674 2114 1741 2143 uni-

96 2166 262 2206 versalem,
295 2165 474 2207 ecclesiam,
505 2166 629 2203 scribit,
658 2167 743 2209 apud
776 2179 845 2206 nos,
876 2167 930 2209 qui
961 2166 1109 2198 nolumus
1138 2167 1311 2208 participes
1343 2177 1412 2196 esse
1438 2165 1577 2207 partium
1602 2175 1742 2204 suarum,

95 2217 172 2249 nihil
195 2218 300 2250 valere
325 2217 467 2260 nihilque
492 2218 584 2250 nobis
608 2219 765 2260 proficere
789 2225 990 2250 sacramenta
1007 2218 1126 2249 Christi
1151 2222 1181 2249 et
1204 2217 1365 2256 ecclesiae,
1390 2228 1472 2258 quae
1492 2222 1565 2247 sunt
1582 2216 1742 2257 baptisma

95 2274 125 2301 et
147 2269 286 2301 chrisma
309 2275 406 2312 atque
430 2271 575 2312 corporis
605 2276 637 2301 et
659 2271 824 2311 sanguinis
850 2271 983 2301 Domini
1007 2270 1170 2312 mysteria,
1203 2275 1234 2300 et
1256 2269 1296 2300 ad
1320 2268 1502 2310 augendum
1528 2267 1620 2297 nobis
1645 2273 1741 2298 terro-

95 2331 160 2352 rem
192 2321 367 2352 introducit
397 2326 510 2353 contra
541 2333 597 2353 nos
626 2322 843 2353 testimonium
873 2323 972 2354 sancti
1006 2322 1191 2363 Augustini,
1219 2320 1304 2363 quod
1334 2331 1402 2359 nos,
1434 2320 1488 2361 qui
1521 2319 1681 2350 credimus
1711 2326 1742 2349 ct

95 2373 283 2404 confitemur
305 2378 448 2404 sanctam
473 2372 640 2404 ecclesiam
666 2373 865 2414 catholicam,
889 2379 1070 2404 sanctorum
1095 2373 1366 2412 communionem,
1390 2372 1611 2402 remissionem
1630 2381 1741 2412 pecca-

96 2429 210 2464 torum,
245 2430 469 2466 retorquemus
498 2437 514 2455 c
544 2425 671 2456 diverso
701 2426 732 2456 in
765 2437 829 2464 eos,
865 2426 918 2467 qui
950 2425 1190 2466 amplectuntur
1218 2435 1287 2456 esse
1318 2424 1348 2453 in
1380 2429 1468 2464 parto
1500 2424 1549 2453 sui
1581 2421 1740 2463 Gregorii.

96 2475 318 2517 Augustinus⁴
342 2478 372 2506 in
397 2488 544 2508 sermone
567 2477 607 2508 de
631 2476 832 2519 blasphemia
858 2478 998 2518 Spiritus
1022 2478 1141 2508 sancti:
1170 2477 1208 2508 Si
1230 2487 1430 2517 quemquam,
1454 2476 1509 2514 ait,
1533 2479 1626 2504 (ωτι-α
1651 2474 1743 2504 eccle-

207 2581 233 2612 a)
258 2590 291 2604 an
313 2589 494 2606 successorum
516 2583 667 2607 consortio?

207 2678 234 2712 1)
256 2679 336 2712 [Lib.
361 2689 422 2706 cau.
447 2689 469 2707 c,
494 2681 542 2712 25,
568 2690 599 2714 p.
623 2680 700 2714 495,-
729 2681 766 2713 cf.
792 2689 864 2713 quae
892 2680 925 2706 de
949 2680 1082 2714 Greyorii
1108 2679 1199 2705 verbis
1227 2688 1245 2704 a
1269 2679 1391 2705 Sdralelc
1415 2687 1446 2711 p.
1474 2677 1540 2709 127,
1570 2686 1597 2701 71.
1622 2676 1648 2706 12,
1678 2679 1701 2700 et
1725 2684 1740 2700 a

99 2729 133 2755 F.
153 2729 271 2763 leaner⁷
297 2731 344 2757 ‘AX
364 2731 472 2758 Archio’
496 2732 580 2764 XVI,
599 2741 631 2766 p.
650 2732 721 2758 537.
746 2732 881 2757 adnotata
906 2732 994 2765 sinstJ.
1063 2731 1091 2764 2)
1114 2730 1217 2764 [Liber
1240 2739 1302 2756 can.
1322 2740 1344 2755 c.
1363 2730 1411 2761 25,
1430 2738 1462 2763 p.
1480 2728 1567 2761 495J.
1636 2727 1665 2759 3>
1689 2727 1740 2751 Lo-

100 2788 159 2805 cum
181 2780 252 2807 hunc
275 2790 328 2808 non
352 2782 455 2809 inveni.
570 2783 600 2817 4)
623 2783 720 2810 Sermo
744 2783 856 2816 LXXI,
879 2791 902 2809 c.
930 2782 976 2814 17,
1000 2784 1015 2813 ξ
1039 2782 1087 2814 ⁴28,
1114 2781 1184 2816 Opp.
1209 2781 1237 2813 V,
1261 2781 1312 2807 col.
1338 2781 1408 2806 39⁵3.
1452 2779 1533 2812 [Lib.
1557 2788 1617 2804 can.
1645 2787 1667 2804 r»,
1696 2778 1740 2808 18,

95 2839 124 2864 p.
149 2830 235 2865 4901.

1460 2886 1508 2907 ‘ew

1765 1509 1784 1526 1.
1794 1508 1842 1527 1011.
1851 1510 1869 1531 2,
1881 1509 1912 1526 15.

1764 1612 1816 1630 (2³1.
1829 1612 1876 1630 hb.

1762 1918 1827 1936 (Ymt.
1838 1919 1857 1938 Υ»,
1867 1920 1886 1936 ³.
