2132 3067
276 558 280 562 ”
318 556 349 573 113,

275 2165 293 2182 't

318 813 350 835 io>

317 1222 350 1245 (Τ)

319 1636 350 1659 (⁸)

315 2166 352 2183 lll'l

372 145 431 176 144
773 145 924 171 LIBELLI
949 145 1146 171 BERNALDI
1170 144 1407 171 PRESBYTETI
1430 144 1618 172 MONACHI.

371 239 480 268 mincia
506 237 583 267 solis
607 235 816 276 pontificibus
836 235 1001 275 pertinere
1024 239 1090 264 lom
1115 245 1154 264 θα,-
1176 233 1402 275 superioribus
1431 245 1527 275 quam
1558 244 1596 264 (ιω
1627 233 1706 266 aliis
1731 240 1865 276 patrum
1891 238 2023 267 staturis

371 295 464 331 atque
495 289 602 318 sacris
633 285 817 316 canonibus
847 286 951 316 edocti
981 287 1066 316 estis.
1122 285 1300 316 Similiter·
1333 290 1358 315 et
1389 285 1426 315 de
1453 285 1654 326 presbyteris
1683 285 1759 317 haec
1783 287 1967 318 habeantur
1995 293 2022 318 et

370 341 441 370 sine
474 341 564 369 iussu
596 339 745 378 episcopi
770 338 907 378 proprii
936 337 1022 368 nihil
1054 342 1167 379 ayant.
1220 336 1300 367 Item
1331 342 1460 367 sanctus
1485 336 1549 367 Leo
1582 347 1665 378 papa
1697 337 1842 378 primus²
1872 338 2021 370 omnibus

370 391 533 432 episcopis
557 388 702 419 scribens
726 387 859 418 eandem
885 389 1074 419 sententiam
1100 388 1139 418 de
1164 388 1384 429 corepiscopis
1415 394 1446 419 et
1476 387 1677 429 presbyteris
1699 391 1814 429 tenuit,
1843 397 1877 420 ut
1906 391 2025 431 pariter

373 442 534 483 proprium
561 440 690 471 modum
715 445 912 481 cognoscant
935 450 993 470 nec
1016 439 1201 482 episcopale
1225 438 1428 481 privilegium
1453 450 1610 480 usurpare
1635 446 1852 482 praesumant.
1904 441 1969 473 Sed
1993 448 2023 473 et

373 494 486 524 beatus
510 492 659 523 (tielasius
685 502 769 533 papa
792 492 823 522 in
848 491 1006 522 decretis³
1030 492 1096 521 suis
1119 490 1261 532 capitulo
1280 491 1335 521 VJ.
1359 491 1555 521 enumeratis
1579 490 1638 530 his,
1662 502 1744 534 quae
1762 491 2022 534 presbyterorum

372 545 476 575 ot'tieio
495 548 691 585 competunt,
715 543 896 584 generalem
914 543 1104 574 sententiam
1123 542 1279 573 subinfert
1296 541 1424 572 dicens:
1448 542 1515 573 Nec
1535 544 1706 585 presbyter
1722 546 1874 586 ‘prorsus
1890 544 2023 585 dubitet,

372 598 401 627 si
423 597 599 639 quicquam
617 596 661 625 ud
677 595 862 637 episcopale
886 596 1101 625 ministeriam
1119 593 1307 635 specialiter
1319 595 1490 635 pertinens
1505 605 1564 624 suo
1581 600 1667 625 ‘motu
1682 596 1852 636 putaverit
1868 607 2023 637 exequen-

373 649 460 688 dum,
483 648 639 678 continuo
663 658 695 677 se
716 646 913 688 presbyterii
937 646 1099 686 (It‘qnitate
1124 651 1151 676 et
1175 657 1273 676 sacra
1303 646 1528 676 communione
1554 647 1772 686 privandum.
1826 646 1917 678 Patet
1946 658 2023 688 crgo

371 701 447 730 satis
472 698 647 738 evidenter,
672 703 825 740 quantum
851 695 1045 739 episcopalis
1068 697 1242 728 auctoritas
1266 696 1464 738 presbyteris
1486 697 1625 728 emineat
1649 697 1698 728 vel
1723 697 1799 739 quid
1817 697 1878 729 illis
1895 699 2024 740 penitus

371 762 529 792 usurpare
552 761 615 780 non
639 749 744 781 liceat.

478 804 560 833 Sunt
585 808 691 832 tamen
717 801 874 843 quaedam
901 801 997 831 ctiam
1029 800 1144 841 adhuc,
1175 811 1258 843 quae
1291 799 1487 842 presbyteris
1516 810 1555 829 ex
1586 799 1764 842 episcopali
1792 801 1926 832 arbitrio
1949 812 2023 832 con-

372 855 443 886 cedi
468 860 613 896 possunt,
647 859 681 884 ut
712 853 836 894 privata
868 851 1087 883 reconciliatio
1119 852 1366 893 poenitentiumg
1398 862 1470 882 nam
1501 850 1633 892 publica
1656 851 1916 884 reconciliatione
1941 853 2024 884 sicut

370 918 387 937 a
411 906 571 937 crismatis
595 904 794 936 confectione
820 905 946 945 penitus
971 903 1124 945 prohibiti
1148 903 1307 945 leguntur.
1364 903 1502 934 Possunt
1527 902 1657 945 quidem
1683 904 1833 946 privatim
1859 904 2024 936 confessos

371 959 551 1000 penitentes
583 963 614 988 et
646 956 844 987 infirmantes
873 955 1091 992 reconciliare,
1123 956 1147 986 si
1178 962 1285 987 tamen
1309 955 1483 997 episcopus
1508 955 1645 995 iusserit,
1670 957 1760 987 iuxta
1784 955 1871 998 quod
1894 962 2023 986 sanctus

372 1010 572 1040 Evarestus⁴
595 1018 681 1049 papa
705 1013 736 1038 et
760 1008 870 1038 martir
893 1009 923 1038 in
949 1007 1088 1038 decretis
1113 1008 1179 1038 suis
1204 1005 1345 1048 capitulo
1370 1006 1428 1037 III.
1453 1007 1569 1037 asserit
1593 1007 1636 1038 ita
1664 1007 1852 1046 decernens,
1875 1013 1911 1039 ut
1931 1019 2021 1049 pres-

371 1062 473 1103 byteri
503 1062 541 1091 de.
571 1058 686 1091 ocultis
713 1061 857 1100 peccatis
882 1061 1025 1090 iussione
1053 1060 1200 1100 episcopi
1228 1059 1407 1100 penitentes
1435 1059 1647 1090 reconcilient
1676 1064 1704 1089 et
1735 1059 1941 1099 infirmantes
1971 1059 2022 1090 ab·

371 1113 496 1144 solvunt
527 1120 552 1143 et
583 1112 827 1142 commmzicent.
878 1111 958 1141 Item
985 1110 1218 1151 Cartaginense
1250 1109 1444 1140 eoncilium⁵
1475 1109 1617 1151 capitulo
1649 1110 1722 1141 VII.
1754 1110 1843 1149 dicit,
1874 1109 1959 1153 quod
1993 1111 2023 1141 in

374 1163 515 1206 periculo
541 1163 635 1204 positi
660 1174 679 1193 a.
703 1162 892 1204 presbytero
918 1163 1041 1203 possint
1066 1161 1276 1201 reconciliari,
1300 1160 1431 1192 absente
1455 1161 1583 1203 quidem
1609 1162 1774 1203 episcopo,
1798 1162 1854 1193 sed
1879 1161 2022 1193 iubente.

479 1214 520 1245 Et
552 1213 736 1251 notandum,
770 1213 854 1255 quod
884 1224 942 1244 nec
975 1214 1076 1254 ipsam
1109 1214 1268 1255 privatam
1301 1212 1594 1243 reconciliationem
1620 1224 1772 1244 exercere
1796 1214 2024 1255 permittuntur

373 1266 562 1308 presbyteri,
586 1266 645 1295 nisi
671 1264 853 1306 specialiter
877 1277 917 1296 ex
941 1266 1081 1296 iussione
1105 1265 1259 1306 episcopi.
1313 1264 1379 1305 Ipsi
1402 1265 1499 1294 etiam
1524 1269 1656 1296 sanctae
1680 1264 1844 1296 Romanae
1869 1264 2025 1297 ecclesiae

372 1318 551 1360 presbyteri
575 1328 638 1347 non
664 1317 722 1347 hoc
747 1316 850 1347 solent
874 1328 1024 1348 exercere
1049 1317 1109 1347 uisi
1135 1316 1300 1358 permissi:
1332 1326 1390 1346 nec
1422 1315 1481 1346 lioc
1505 1315 1670 1347 Romanus
1694 1317 1840 1358 pontifex
1864 1317 2024 1357 omnibus,

373 1380 453 1411 quos
478 1368 615 1409 ordinat,
639 1368 797 1407 concedit,
822 1368 876 1399 sed
903 1368 1096 1410 quibusdam
1122 1372 1257 1407 tantum,
1282 1377 1362 1408 quos
1386 1366 1426 1398 ad
1450 1367 1510 1398 hoc
1535 1378 1615 1409 opus
1640 1367 1866 1410 exequendum
1892 1368 2024 1400 idoneos

372 1433 440 1453 csse
476 1420 659 1462 providerit.
717 1421 835 1451 Beatus
870 1431 999 1462 quoque
1030 1418 1226 1450 Anshelmus
1258 1418 1412 1450 Lucensis
1449 1420 1645 1461 episcopus⁶
1676 1421 1708 1450 in
1739 1421 1930 1462 episcopatu
1965 1431 2024 1452 suo

373 1473 484 1514 paucis
508 1472 707 1514 presbyteris
731 1473 900 1512 concessit,
924 1479 958 1504 ut
984 1472 1182 1513 poenitentes
1206 1471 1416 1512 susciperent,
1441 1471 1589 1512 quamvis
1608 1470 1762 1513 plurimos
1783 1471 1919 1504 ubilibet
1941 1472 2024 1504 ordi-

373 1529 489 1555 nasset.
539 1524 594 1554 Sic
618 1530 649 1555 et
672 1523 746 1555 aliia
771 1525 923 1554 hactenus
954 1524 1096 1565 episcopi
1129 1523 1160 1553 in
1191 1523 1256 1553 suis
1286 1522 1528 1564 episcopatibus
1557 1522 1662 1554 facere
1687 1530 1935 1562 consueverunt,
1968 1525 2023 1566 qui

372 1575 591 1615 diligentiores
616 1586 772 1606 canonum
799 1581 977 1606 servatores
1000 1587 1069 1606 csse
1094 1574 1273 1605 voluerunt.

479 1628 686 1668 Quapropter
709 1627 786 1657 satis
812 1628 1015 1658 manifestum
1042 1638 1113 1657 csse
1138 1626 1275 1663 videtur⁷
1307 1625 1393 1668 quod
1424 1625 1604 1667 presbytcri
1633 1637 1695 1656 non
1721 1633 1784 1657 tarn
1809 1638 1849 1659 ex
1874 1629 2024 1670 propriae

372 1679 622 1709 consecrationis
646 1679 763 1717 officio,
788 1690 882 1720 quain
908 1691 948 1710 ex
972 1678 1167 1720 episcopalis
1191 1678 1410 1708 concessionis
1434 1677 1568 1708 arbitrio
1590 1678 1791 1719 poenitentes
1815 1678 2024 1710 reconciliare

373 1729 485 1761 solent.
539 1731 572 1761 Si
605 1731 688 1761 enim
722 1731 781 1761 hoc
813 1730 856 1761 illi
887 1742 927 1761 ex
961 1731 1091 1772 propria
1121 1731 1331 1761 concessione
1362 1729 1516 1761 liabercnt
1540 1734 1575 1760 ut
1597 1730 1751 1771 episcopi,
1783 1741 1857 1761 cum
1888 1730 2022 1762 eandem

374 1782 565 1823 presbytcrii
591 1783 772 1823 acceperint
796 1783 1082 1821 cmisecrationem,
1107 1781 1315 1813 nibilominus
1332 1787 1363 1811 et
1379 1781 1512 1812 eandem
1540 1792 1650 1813 omnes
1668 1781 1825 1813 haberent
1839 1782 2024 1814 reconcilia-

372 1834 468 1864 tionis
493 1839 700 1875 potestatmn3
733 1846 790 1865 nec
814 1835 915 1875 inagis
939 1835 977 1864 ad
1004 1834 1073 1872 boc,
1103 1844 1199 1876 quam
1224 1833 1263 1865 ad
1288 1833 1429 1863 officium
1455 1833 1571 1864 missae
1595 1833 1823 1872 exercendum,
1847 1833 2025 1876 episcopali

374 1886 513 1916 iussione
546 1885 735 1926 infligerent,
766 1887 820 1917 sed
854 1887 883 1916 in
915 1887 985 1927 ipsa
1021 1886 1261 1916 consecratione
1296 1884 1378 1915 lianc
1413 1889 1614 1926 potestatem,
1649 1890 1683 1916 ut
1718 1885 1859 1916 officium
1894 1886 2023 1924 missae,

373 1937 493 1968 dudum
526 1938 755 1979 percepissent.
802 1937 971 1977 Quomodo
1001 1943 1106 1968 autem
1137 1936 1222 1968 illam
1256 1937 1286 1967 in
1319 1937 1560 1967 consecratione
1591 1947 1653 1967 non
1686 1937 1900 1978 perceperint,
1930 1936 2022 1968 facile

373 1988 507 2030 quilibet
531 1989 698 2031 explorare
722 1991 850 2031 poterit,
877 1991 902 2019 si
928 1989 1057 2020 modum
1083 1989 1334 2019 consecrationis
1358 1998 1466 2018 corum
1492 1987 1662 2029 diligenter
1685 1988 1891 2020 considerare
1913 1988 2023 2020 volue-

374 2042 422 2080 rit,
454 2041 483 2070 in
507 2051 570 2082 quo
594 2052 657 2072 non
681 2053 768 2072 more
793 2043 1019 2083 cpiscoporum
1046 2042 1094 2071 ius
1119 2039 1238 2081 ligandi
1263 2046 1359 2082 atquc
1389 2039 1533 2070 solvendi
1563 2041 1688 2082 uspiam
1721 2041 1933 2083 percipiunt⁷‚
1966 2041 2021 2072 sed

375 2094 422 2122 ius
446 2092 599 2123 oll'erendi
623 2094 772 2123 sacrificii
797 2098 860 2124 tam
886 2104 944 2135 pro
969 2093 1060 2131 vivis,
1086 2103 1181 2134 quam
1209 2103 1266 2134 pro
1291 2091 1461 2123 defunctis.

481 2144 521 2174 Et
545 2144 774 2185 'parrochiales
798 2145 927 2186 quidem
953 2144 1143 2186 presbyteri,
1168 2143 1286 2185 quibus
1310 2143 1350 2174 ab
1374 2143 1528 2184 episcopo
1552 2143 1722 2184 pastoralis
1746 2154 1821 2174 cura
1845 2144 1877 2174 in
1900 2143 2022 2186 populo

374 2196 597 2236 committitur,
629 2196 660 2226 in
692 2197 762 2237 ipsa.
789 2197 1014 2227 commissione
1043 2197 1138 2227 ctiam
1170 2195 1230 2226 hoc
1262 2196 1311 2225 ius
1341 2194 1537 2236 suscipiendi
1568 2195 1746 2236 penitentes
1769 2195 1935 2237 accepisse
1958 2206 2021 2226 non

374 2246 571 2286 dubitantur,
596 2246 681 2288 quod
705 2247 855 2278 videlicet
879 2248 1079 2289 potissimum
1105 2247 1145 2278 ad
1169 2247 1253 2277 illam
1278 2257 1386 2277 curam
1413 2247 1572 2288 pertinere
1588 2247 1724 2278 videtur.
1770 2247 1898 2287 Quibus
1914 2253 2021 2279 autem

374 2299 568 2329 consecratis
592 2297 774 2329 huiusmodi
806 2310 881 2330 cura
913 2310 974 2329 non
1008 2299 1229 2338 coimnittitur‚
1260 2297 1437 2339 predictam
1470 2304 1662 2339 potestatem
1687 2309 1842 2340 usurpare
1866 2309 1928 2330 nou
1953 2310 2022 2341 pre-

373 2357 511 2388 sumant,
534 2355 706 2391 anthuam
731 2351 776 2381 eis
801 2351 943 2392 episcopi
967 2350 1026 2381 hoc
1050 2349 1242 2381 concedant:
1267 2360 1339 2379 nam
1365 2350 1390 2379 si
1417 2350 1680 2391 presumpserint,
1705 2361 1738 2381 se
1758 2350 1866 2392 potius
1889 2361 1928 2382 ea
1951 2362 2021 2393 pre-

374 2402 556 2442 sumptione
587 2401 697 2442 ligant,
728 2412 823 2443 quam
856 2403 1034 2443 penitentes
1059 2412 1115 2432 sua
1140 2400 1399 2432 reconciliatione
1423 2400 1610 2440 absolvant3
1641 2402 1666 2432 si
1696 2407 1801 2433 tamen
1832 2401 2022 2445 simpliciter

375 2453 568 2494 accipientes
597 2453 779 2493 ignorantia
811 2454 1064 2496 presumptionis
1093 2464 1155 2483 non
1185 2452 1347 2483 accusatb.
1402 2451 1512 2484 Solent
1542 2453 1626 2484 enim
1658 2453 1804 2496 episcopi
1833 2454 1883 2485 ius
1911 2465 2020 2486 recon-

486 2559 511 2589 a)
535 2559 588 2582 allii
610 2560 634 2583 9.
711 2559 740 2585 b]
761 2568 795 2582 an
818 2560 944 2583 excusat?

482 2652 508 2685 1)
535 2652 595 2677 I‘nst
610 2662 704 2686 puncti
720 2653 929 2685 privem-mima.
998 2652 1028 2684 2)
1050 2653 1104 2685 Ep.
1121 2661 1199 2685 spur.
1218 2652 1251 2677 de
1267 2651 1479 2686 chorepiscopis,
1502 2651 1654 2678 Ilinschins
1666 2660 1695 2685 p,
1711 2652 1780 2679 628.
1847 2653 1876 2687 3)
1901 2653 1955 2688 Ep.
1973 2653 2019 2686 14,

375 2714 398 2730 ν,
417 2703 444 2736 G,
470 2704 512 2728 vd.
542 2703 617 2729 Thio!
643 2704 664 2730 Ι.
685 2712 715 2737 p.
735 2703 805 2731 3⁶13,
898 2704 927 2737 4)
955 2704 1056 2730 lna-ch.
1076 2704 1160 2729 lever.
1179 2703 1196 2730 I.
1217 2703 1332 2735 XVIII,
1357 2712 1379 2730 c.
1402 2703 1457 2736 16,·
1481 2704 1517 2735 cs.
1537 2703 1622 2730 IJecr.
1640 2703 1722 2731 Grai.
1741 2703 1770 2731 C.
1788 2703 1902 2730 XXVI.
1927 2712 1972 2738 qu,
1991 2704 2018 2737 6,

375 2764 397 2781 e.
416 2755 442 2783 4,
545 2756 573 2780 55
598 2756 629 2780 A.
648 2755 706 2780 411¹
731 2755 860 2788 (Iliam).
957 2756 986 2790 G)
1009 2755 1063 2785 Qui
1086 2755 1150 2781 obiit
1174 2764 1201 2782 a.
1222 2755 1310 2780 1086.
1405 2754 1433 2787 7)
1458 2755 1520 2780 Non
1545 2756 1579 2781 de
1601 2756 1731 2781 moderno
1754 2755 1810 2781 ritu
1833 2755 2020 2782 ordinationis

374 2806 417 2832 hic
439 2806 516 2840 loqui
539 2806 710 2832 Bernaldnm
736 2807 790 2831 inm
815 2807 960 2832 adnotavit
987 2806 1164 2832 I'ssrrmnmi.

2042 455 2054 473 5

2044 713 2071 731 10

2045 969 2070 988 15

2045 1227 2071 1246 20

2044 1485 2070 1504 25

2044 1742 2071 1761 ³⁰

2042 1999 2070 2019 ³5

2041 2258 2068 2276 4⁰

2039 2565 2066 2583 ⁴5
