2132 3067
40 719 65 739 1⁰

41 975 66 996 15

40 1237 66 1256 20

39 1494 65 1514 25

41 1751 67 1771 80

40 2008 66 2029 85

41 2266 68 2286 ⁴0

43 2524 70 2543 ⁴5

641 152 829 180 LIBELLUS
854 153 905 179 DE
929 151 1168 179 SYMONIACIS.
1670 149 1725 178 Do]

85 255 143 286 ego
167 243 205 274 de
230 242 289 274 hoc
314 241 423 273 seculo
447 243 593 273 exiturus
618 253 704 282 sum,
730 242 788 272 hae
811 242 895 272 enim
920 246 1012 272 nocte
1036 252 1095 282 ego
1119 240 1232 271 infelix
1256 246 1286 271 et
1303 239 1397 271 huius
1417 240 1573 271 aeclesiae
1591 240 1665 271 sede
1689 241 1731 270 in-
1753 254 1860 273 Lines.»

85 295 209 336 dignus,
233 305 292 336 per
315 294 472 324 visionem
496 293 541 324 fui
572 294 604 324 in
635 293 688 323 illa
711 292 773 324 alia
793 293 868 331 vita,
893 297 972 333 pro³
998 303 1062 334 qua
1086 293 1148 323 iam
1173 292 1259 323 tedet
1282 303 1332 322 me
1357 291 1500 323 habitare
1524 292 1555 322 in
1580 292 1641 323 ista
1659 293 1731 323 vita.

85 346 217 378 Gaudeo
242 356 318 376 vero
346 346 562 383 vehementer,
594 345 670 386 quia
694 345 760 375 vidi
791 344 834 375 ibi
867 345 948 374 inter
971 349 1128 385 martyres
1153 343 1273 374 Christi
1304 343 1374 374 illos
1404 344 1518 374 fratres
1550 350 1581 374 et
1611 345 1732 374 amicos

85 408 182 437 meos,
213 398 267 438 qui
293 408 341 427 me
375 397 405 426 in
432 396 584 438 Apuliam
609 396 709 427 secuti
740 407 797 437 pro
822 395 1007 426 defensione
1037 395 1184 425 iusticiae
1216 396 1331 426 mortui
1363 401 1444 427 sunt.
1492 395 1593 426 Erant
1623 401 1730 426 autem

85 449 165 481 bene
189 449 302 489 ornati,
332 447 456 490 palmas
481 449 512 478 in
538 448 688 478 manibus
713 447 877 486 habentes,
909 453 942 478 ut
966 459 1023 489 per
1047 447 1106 478 hoe
1131 457 1185 477 eos
1208 448 1346 477 victores
1375 458 1443 477 esse
1469 447 1649 487 intelligant
1679 448 1731 489 qui

85 511 138 532 eos
166 500 268 530 victos
298 500 397 530 fuisse
428 499 594 542 putabant.
640 499 682 530 Et
711 509 831 530 revera..
879 498 983 529 Omne
1016 499 1099 529 enim
1133 498 1216 539 quod
1249 504 1358 529 natum
1389 504 1437 529 est
1465 510 1505 529 ex
1535 499 1604 529 Deo
1635 500 1734 530 vincit

85 551 250 590 mundum,
278 556 308 582 et
337 550 415 582 haec
445 556 493 582 est
524 550 659 581 victoria
690 560 771 592 quae
802 550 902 580 vincit
933 549 1086 580 mundum
1118 550 1199 580 fides
1228 556 1346 580 nostra.
1403 549 1596 582 Clamabant
1625 556 1731 581 autern

85 614 201 644 magna
220 613 297 633 voce
321 613 433 633 omnes
457 602 498 634 ad
523 614 573 633 me
590 602 749 633 dicentes:
773 601 887 642 “Veni,
912 601 1028 632 dilecte
1052 600 1156 642 nobis,
1180 606 1211 631 et
1234 612 1326 632 mane
1351 601 1528 640 nobiscum,
1554 603 1630 644 quia
1653 602 1733 633 1111110

84 659 204 686 tantam
220 653 355 695 gloriam
373 665 430 695 per
453 661 482 685 te
507 654 671 685 consecuti
695 655 837 684 sumus“.
883 653 1006 683 Audivi
1024 658 1130 683 autem
1156 664 1196 683 ex
1219 653 1355 683 adversa
1372 659 1462 694 parte
1478 653 1558 684 alios
1576 654 1731 696 quosdam

85 705 241 737 dieentes:
272 705 518 748 “Nequaquam,
550 705 607 736 sed
631 705 682 736 die
712 705 811 736 tercia
836 705 945 735 venies
977 705 1016 735 ad
1042 706 1132 735 nos⁴‘.
1179 704 1212 734 Si
1237 716 1312 746 ergo
1337 711 1409 746 post
1438 705 1520 736 diem
1548 706 1678 736 terciam
1704 707 1733 736 in

85 757 144 788 hac
172 758 239 788 vita
268 757 368 796 fuero,
402 757 512 788 sciatis
548 757 607 788 hoc
642 767 704 787 non
739 756 839 786 fuisse
871 767 981 787 verum
1013 755 1099 798 quod
1130 755 1213 786 vidi’.
1259 756 1361 787 Nemo
1393 761 1499 787 autem
1531 758 1672 798 miretur,
1707 759 1732 788 si

85 808 215 849 maligni
231 809 364 849 spiritus
381 819 464 848 eum,
489 809 539 839 cui
564 814 628 839 tam
654 807 718 839 leta
734 808 966 839 nuntiabantur
989 808 1020 838 in
1038 808 1170 847 visione,
1194 809 1332 839 terrereb
1351 807 1528 849 voluerunt,
1552 811 1604 851 qui
1627 811 1732 851 ipsum

85 870 211 902 quoque
235 859 412 890 Dominum
444 866 474 891 et
499 859 699 891 salvatorem
724 866 867 890 nostrum
893 859 1055 901 quondam
1087 859 1176 889 adire
1200 860 1269 889 ausi
1293 859 1431 891 fuerunt.
1478 860 1531 892 Sic
1555 863 1638 892 enim
1665 862 1734 903 ipse

85 912 244 943 Dominus
261 912 320 943 ait:
341 912 431 943 Venit
454 913 539 943 enim
552 913 714 953 princeps
737 911 855 943 mundi
871 911 980 951 huius,
1004 916 1031 942 et
1054 912 1088 942 in
1112 922 1160 941 me
1183 922 1248 941 71071
1267 911 1359 941 hahet
1377 913 1561 952 quicquam.
1608 913 1733 944 Deinde
1755 925 1889 945 10h.14,30.

85 973 159 994 vero
182 963 243 994 ait:
268 964 322 1001 Ite,
338 963 468 1004 fratres
492 966 563 1002 mei,
587 965 812 1005 unusquisque
837 964 870 993 in
895 963 1023 993 domum
1047 968 1195 993 vestram.
1247 962 1402 994 Grastfna
1427 969 1532 994 autem
1558 965 1609 995 die
1635 977 1735 995 rever-

83 1016 193 1046 timini
218 1015 264 1046 ad
285 1027 343 1046 me.
388 1015 470 1046 Tota
500 1021 605 1046 autem
638 1014 691 1045 illa
722 1019 814 1045 nocte
840 1015 945 1045 oravit
975 1014 1014 1045 ad
1040 1014 1228 1054 Dominum,
1259 1014 1474 1055 procumbens
1503 1027 1600 1056 super
1630 1027 1735 1057 genua

85 1077 152 1098 sua.
197 1066 292 1098 Mane
319 1072 425 1098 autem
456 1066 540 1098 facto
569 1067 726 1097 tumulum
758 1065 820 1096 sibi
845 1066 950 1107 parari
979 1066 1083 1096 iussit.
1129 1064 1358 1097 Convenerunt
1387 1067 1501 1097 iterum
1532 1068 1674 1108 episcopi
1705 1074 1862 1098 0111003.

84 1117 276 1159 sacerdotes,
307 1118 391 1149 sicut
413 1118 580 1149 hesternae
605 1118 656 1149 die
681 1119 728 1149 vir
758 1117 809 1148 ille
835 1118 1040 1148 beatissimus
1064 1118 1109 1148 eis
1139 1124 1340 1159 preceperat.
1392 1118 1518 1157 Quibus
1542 1119 1573 1148 in
1599 1119 1735 1150 aeclesia

84 1169 297 1201 residentibus
321 1170 390 1212 ipse
420 1171 452 1200 in
476 1169 559 1200 lecto
584 1170 698 1201 sedens
723 1170 784 1200 ait:
808 1169 937 1201 ‘Audite
962 1181 1024 1208 1110,
1048 1169 1160 1200 fratres
1185 1174 1216 1199 et
1233 1170 1415 1211 coepiscopi
1441 1171 1551 1209 nostri,
1575 1169 1735 1212 simulque

84 1232 205 1260 omneS,
235 1222 289 1264 qui
320 1221 382 1252 huc
412 1222 616 1252 convenistis.
663 1222 746 1252 Ante
778 1221 885 1251 omnia
916 1222 1059 1263 precipio
1090 1220 1191 1256 vobis,
1222 1227 1256 1252 ut
1284 1226 1387 1252 terras
1416 1221 1582 1261 aeclesiae,
1615 1222 1735 1260 vineas,

85 1273 222 1312 castella,
246 1273 358 1304 domos
382 1280 589 1316 caeterasque
613 1284 663 1304 res
687 1273 842 1304 aeclesiae
867 1284 929 1303 non
953 1272 1110 1313 vendatis,
1139 1272 1307 1315 nullusque
1332 1273 1393 1303 sibi
1417 1284 1475 1314 per
1498 1274 1734 1314 possessionem

85 1335 138 1355 eas
172 1324 344 1357 defendere
379 1324 464 1357 velit.
511 1325 581 1357 Non
617 1324 764 1355 habeatis
801 1335 893 1355 usum
929 1324 1066 1355 iurandi.
1113 1323 1235 1355 Cavete
1273 1336 1291 1355 a
1325 1325 1573 1366 consanguineis
1610 1325 1734 1355 vestris

86 1377 194 1409 Servis
218 1377 302 1408 beati
327 1377 413 1408 Petri
438 1377 492 1418 qui
517 1376 578 1406 huc
601 1377 736 1407 veniunt
759 1377 907 1406 iniuriam
934 1387 996 1406 11011
1025 1376 1150 1406 faciatis
1178 1387 1235 1407 nec
1259 1387 1313 1406 eos
1338 1377 1368 1406 in
1394 1377 1532 1417 negotiis
1556 1376 1735 1417 decipiatis,

84 1428 167 1460 Date
202 1428 343 1460 decimas
377 1428 514 1460 libenter
547 1427 586 1459 de
621 1428 771 1459 omnibus
807 1439 889 1469 quae
924 1427 1116 1469 possidetis'.
1162 1427 1289 1458 Deinde
1323 1438 1498 1458 conversus
1533 1428 1573 1458 ad
1609 1439 1734 1458 crucem

85 1491 216 1522 magnas
248 1491 361 1522 preces
392 1491 451 1522 pro
481 1480 630 1510 omnibus
660 1480 742 1510 fudit
772 1479 812 1510 ad
844 1479 1033 1517 Dominum,
1066 1478 1234 1520 supliciter
1264 1489 1380 1518 rogans
1415 1485 1446 1510 et
1477 1479 1663 1520 deprecans,
1703 1486 1736 1510 ut

85 1533 190 1563 omnia
213 1543 323 1563 eorum
348 1537 480 1574 peccata
510 1532 556 1562 eis
580 1531 739 1562 dimittere
763 1531 960 1572 dignaretur.
1015 1530 1055 1561 Et
1078 1542 1151 1561 cum
1185 1531 1243 1561 hoc
1267 1532 1406 1569 10015501,
1437 1532 1552 1562 iterum
1577 1531 1736 1572 aspiciens
1758 1543 1863 1562 Lib.c.4.

84 1584 114 1615 in
143 1583 267 1615 caelum
292 1584 388 1615 dixit:
419 1583 569 1615 ‘Domine
595 1583 667 1613 Iesu
692 1583 832 1621 Christe,
863 1588 973 1624 pastor
1005 1583 1097 1621 bone,
1127 1583 1181 1624 qui
1213 1594 1270 1624 pro
1299 1582 1391 1614 nobis
1423 1582 1571 1614 servilem
1601 1583 1735 1613 formam

84 1635 227 1676 induisti,
249 1642 280 1667 et
303 1635 343 1666 ad
368 1636 610 1666 conversionem
628 1635 769 1665 omnium
787 1634 932 1675 gentium
950 1633 1119 1665 duodecim
1144 1634 1308 1675 apostolos
1332 1634 1456 1675 elegisti
1481 1640 1511 1666 et
1532 1634 1625 1666 beato
1643 1635 1736 1666 Petro

85 1687 228 1730 apostolo
253 1693 308 1718 tuo
331 1687 459 1718 dixisti:
491 1686 720 1728 Quodcumque
743 1686 902 1728 liqczveris
926 1697 1027 1727 super
1049 1691 1180 1726 terram,
1212 1688 1272 1717 erit
1296 1686 1434 1727 liyatzlm
1459 1692 1487 1717 e!
1512 1688 1545 1717 in
1570 1688 1679 1727 caelis,
1710 1693 1737 1718 et
1758 1698 1908 1722 mammen-3.

86 1740 306 1781 quodcumque
336 1740 472 1770 solveris
500 1750 601 1779 super
630 1743 751 1769 terram
782 1739 843 1768 erit
872 1738 1010 1769 solutum
1043 1742 1069 1768 et
1096 1739 1131 1768 ‘in
1163 1738 1273 1778 caelis,
1311 1749 1370 1778 ego
1408 1738 1560 1779 indignus
1598 1740 1736 1769 vicarius

85 1791 152 1822 eius
174 1790 331 1832 deprecor
359 1791 537 1821 inmensam
561 1789 764 1822 clementiam
790 1795 888 1824 tuam,
919 1794 954 1819 111
978 1788 1048 1819 11105
1070 1799 1190 1829 servos,
1221 1789 1334 1820 fratres
1360 1801 1457 1828 meos,
1483 1791 1534 1832 qui
1554 1802 1611 1832 pro
1628 1802 1736 1822 amore

86 1843 230 1873 iusticiae
255 1842 412 1874 interfecti
437 1847 521 1882 sunt,
551 1841 592 1872 ab
617 1842 766 1872 omnibus
798 1851 909 1872 eorum
934 1841 1075 1881 peccatis
1099 1839 1248 1872 absolvas
1279 1847 1309 1872 et
1340 1842 1371 1871 in
1396 1841 1561 1872 beatorum
1592 1843 1734 1884 requiem

86 1894 280 1926 introducas.
327 1894 391 1925 Eos
415 1894 522 1936 etiam,
546 1893 697 1934 Domine,
728 1903 808 1935 quos
833 1903 893 1933 ego
917 1892 1208 1931 excommunicavi,
1239 1897 1272 1923 tu
1297 1892 1428 1923 absolve
1453 1900 1483 1924 et
1506 1893 1545 1923 ad
1557 1894 1568 1913 ‘¹
1594 1895 1736 1924 veritatis

86 1945 169 1977 viam
195 1950 355 1977 converte.
400 1945 627 1987 Symoniacam
659 1944 796 1976 heresim
830 1950 860 1975 et
885 1955 1010 1974 omnem
1040 1943 1213 1974 hereticam
1238 1945 1428 1985 pravitatem
1455 1944 1594 1984 destrue,
1626 1945 1736 1976 fideles

87 2002 158 2028 tuos
181 1997 460 2036 Beneventanose,
489 1997 543 2039 qui
567 1998 598 2027 in
623 2002 678 2028 tuo
703 1997 832 2027 nomine
856 2002 919 2027 tam
946 1996 1076 2026 honeste
1107 2006 1157 2025 1110
1181 2002 1392 2037 susceperunt
1416 2002 1545 2038 tamque
1568 1996 1737 2027 affluenter

88 2048 183 2080 michi
207 2049 396 2087 servierunt,
428 2054 459 2080 et
487 2054 630 2080 caeteros
661 2058 772 2079 omnes
802 2054 873 2079 tuos
898 2047 1007 2078 fideles
1031 2046 1221 2077 benedicere
1249 2052 1278 2077 et
1301 2047 1464 2079 custodire
1488 2048 1630 2089 dignare,
1662 2050 1736 2090 quia

88 2106 121 2131 tu
153 2111 186 2131 es
210 2101 301 2132 Deus
328 2099 518 2132 benedictus
548 2101 579 2131 in
611 2099 720 2131 secula
749 2100 940 2130 seculorum.
988 2098 1113 2129 Amen.7
1158 2098 1332 2139 Postquam
1366 2104 1470 2129 autem
1503 2111 1520 2130 a
1552 2100 1735 2131 locutiones

88 2153 218 2194 quievit,
241 2152 406 2194 paululum
432 2153 475 2183 ibi
493 2152 692 2189 commorati,
723 2150 887 2182 redierunt
911 2161 1020 2181 omnes
1052 2151 1273 2191 unusquisque
1303 2151 1332 2180 in
1359 2150 1488 2181 domum
1508 2163 1608 2182 suam.
1655 2152 1735 2182 Tota
1756 2164 1855 2184 mitem,

87 2208 191 2234 autem
214 2203 267 2235 illa
284 2209 387 2244 nocte,
412 2205 494 2234 sieut
517 2209 547 2235 et
571 2204 740 2245 superiori,
765 2204 795 2233 in
817 2202 936 2243 vigiliis
961 2207 991 2233 et
1016 2202 1159 2232 oratione
1176 2202 1362 2243 permansit.
1410 2202 1519 2233 Altera
1542 2209 1648 2234 11111011]
1675 2204 1736 2244 die,
1756 2203 1857 2252 ἒξῦἣοῑῦᾆ

87 2257 185 2287 tercia
208 2255 358 2287 videlicet
381 2265 463 2297 quae
482 2255 576 2286 beato
602 2255 700 2286 Leoni
726 2265 851 2285 summo
875 2254 1018 2295 pontifici
1043 2254 1075 2284 in
1099 2253 1158 2283 hac
1181 2254 1247 2283 vita
1273 2252 1384 2284 ultima
1407 2260 1484 2294 erat,
1509 2255 1608 2286 multo
1626 2256 1736 2286 maiori

87 2306 264 2349 frequentia
288 2312 506 2338 convenerunt
529 2317 648 2338 omnes.
695 2308 838 2347 Sui-gens
862 2312 968 2336 autem
1001 2305 1113 2335 beatus
1137 2304 1293 2346 poutyfex
1317 2306 1459 2346 perrexit
1486 2312 1558 2336 ante
1583 2306 1682 2337 altare
1706 2312 1737 2338 et

88 2359 178 2400 quasi
202 2359 298 2390 unius
331 2359 405 2390 hore
430 2359 533 2400 spatio
564 2358 698 2389 multum
724 2357 895 2388 lacrimans
920 2357 1059 2398 perstitit
1090 2357 1121 2386 in
1147 2357 1299 2389 oratione,
1346 2356 1424 2387 Inde
1450 2368 1524 2388 vero
1555 2358 1594 2389 ad
1619 2358 1734 2389 lectum

87 2410 223 2451 rediens,
251 2411 381 2442 brevem
406 2421 586 2441 sermonem
615 2410 690 2441 fecit
716 2410 771 2440 eis.
817 2409 889 2447 Quo
921 2414 1061 2450 peracte,
1092 2408 1219 2438 vocavit
1249 2409 1417 2449 episcopos
1447 2409 1486 2439 ad
1519 2420 1562 2447 se,
1592 2415 1623 2440 et
1652 2410 1735 2440 facta

87 2461 284 2494 confessione
315 2463 458 2504 suscepit
487 2472 604 2502 corpus
636 2468 667 2492 et
691 2461 879 2502 sanguinem
904 2459 1024 2490 domini
1054 2460 1154 2490 nostri
1178 2459 1253 2490 Iesu
1277 2460 1406 2491 Christi.
1454 2461 1546 2491 Tunc
1569 2461 1737 2492 reclinavit

88 2524 121 2544 se
143 2513 184 2544 ad
207 2513 370 2553 lectulum,
403 2519 434 2544 et
457 2513 575 2555 paulo&
598 2518 670 2554 post
702 2512 897 2543 obdormivit
925 2512 957 2542 in
982 2511 1133 2542 Domino.
1180 2511 1322 2552 Surgens
1353 2517 1458 2543 autem
1488 2523 1569 2543 unus
1601 2512 1640 2543 de
1671 2515 1735 2554 epi-

88 2565 192 2606 scopis
216 2565 322 2606 tetigit
344 2576 428 2603 eum,
459 2570 576 2606 putans
600 2564 685 2606 quod
710 2563 814 2595 adhuc
838 2564 958 2594 viveret
985 2569 1016 2594 et
1040 2563 1204 2594 dormiret.
1251 2563 1398 2605 Cumque
1430 2575 1500 2594 eum
1533 2565 1594 2595 iam
1628 2564 1734 2595 obisse

88 2621 329 2657 cognoscerent,
361 2627 437 2647 mox
468 2627 578 2647 omnes
612 2616 753 2658 undique
778 2621 995 2646 convenerunt
1026 2620 1057 2646 01
1086 2615 1231 2646 fecerunt
1261 2614 1424 2656 planctum
1456 2627 1608 2656 magnum
1640 2627 1736 2657 super

197 2722 222 2754 a)
240 2722 305 2756 ,piqa
325 2721 399 2752 add„
419 2721 466 2746 sed
486 2722 536 2746 del.
561 2722 583 2746 1.
673 2721 701 2751 b)
723 2725 821 2746 terrore
846 2722 867 2745 1.
964 2723 989 2751 c)
1010 2724 1058 2745 est.
1079 2720 1172 2745 eadem
1191 2729 1273 2744 manu
1294 2729 1361 2745 corr.
1383 2721 1449 2745 hest.
1474 2722 1496 2744 1.
1593 2721 1619 2751 d)
1643 2721 1733 2744 eadem,

87 2775 168 2792 manu
188 2776 318 2800 super-scr.
340 2769 363 2792 1.
441 2768 467 2799 e)
488 2769 713 2799 beneventan00s‚
735 2776 748 2791 e
771 2767 862 2792 eadem
882 2775 963 2791 ἠιαηιι
984 2775 1114 2799 superscr.
1140 2768 1163 2791 l.
1241 2767 1263 2797 f)
1283 2767 1434 2791 alocutione
1459 2768 1481 2791 1.
1562 2771 1588 2798 g)
1609 2767 1687 2798 paulo
1712 2768 1732 2789 1.
