2132 3067
561 141 716 171 CONTRA
738 146 955 176 EPISTOLAM
978 151 1252 182 HILDEBRANDI
1276 157 1326 184 III.
1709 163 1767 194 391

117 225 188 255 suis
211 225 324 256 usibus
347 228 517 268 applicare
540 231 588 262 vel
611 233 690 264 aliis
713 236 813 276 quasi
830 238 902 277 piis
926 242 1037 271 causis
1064 253 1127 282 pro
1158 255 1239 276 suae
1263 249 1434 281 avariciae
1465 254 1675 286 eaecusatione
1697 267 1771 288 con-

117 276 245 315 cedere;
269 277 326 308 sed
349 285 478 318 cuncta,
502 292 586 322 quae
611 284 656 314 ibi
678 285 786 316 obtata
810 294 886 319 sunt
910 290 956 321 vet
979 291 1091 333 offerri
1113 297 1303 337 coriti9e7·it,
1335 305 1401 331 tam
1426 313 1447 332 a
1469 307 1497 333 te
1521 316 1618 345 quam
1649 308 1688 338 ab
1713 309 1770 349 eis,

117 328 193 368 qui³
218 329 253 358 in
276 333 331 359 tuo
355 330 463 370 officio
480 332 611 375 locoque
627 339 853 380 successerint,
876 345 1057 382 apresenti
1079 350 1219 387 tempore
1242 349 1369 381 illibata
1395 357 1422 383 et
1445 355 1516 386 sine
1540 357 1769 398 inquietudine

116 377 231 420 aliqua
261 379 409 413 volumus
438 385 615 426 possideri,
646 390 778 420 eoruml’
801 396 908 423 tamen
932 394 1055 435 usibus,
1085 408 1147 438 pro
1177 409 1318 439 quarum
1341 408 1580 438 sustentacione
1603 411 1766 451 guberna-

82 441 94 461 5
114 430 267 472 cioneque
297 444 447 464 concessa
477 441 570 476 sunt,
605 439 708 470 modis
742 442 888 474 omnibus
915 446 1109 485 profutura.
1157 450 1253 482 Itemc
1278 456 1522 498 constituimus,
1554 465 1604 500 ut,
1635 462 1767 494 obeunte

115 480 276 513 abbatissa
299 485 488 525 supradicti
510 492 711 530 monasterii,
735 504 801 523 non
825 493 893 526 alia
917 496 964 527 ibi
987 510 1190 542 quacumque
1215 503 1411 544 obreptionis
1434 511 1564 541 astucia
1587 513 1766 555 ordinetur,

113 533 182 564 nisi
204 544 302 574 quam
325 547 384 566 rem
408 538 548 570 eiusdem
562 543 760 580 provinciae
784 557 855 576 cum
878 550 1052 580 concessud
1075 554 1312 587 monacharum
1339 560 1516 592 secundum
1536 562 1599 594 Dei
1621 566 1764 598 timorem

113 583 242 625 elegerit
272 598 311 616 ac
338 589 520 628 previderit
551 592 786 626 ordinandam.
832 597 902 630 IIoc
933 611 1058 642 quoque
1088 605 1234 644 capitulo
1255 611 1423 647 presentie
1447 613 1698 657 subiunyimus,
1730 624 1764 648 ut

110 634 215 666 locum
239 639 404 670 avaritiae
426 641 643 684 secludamus,
666 645 790 678 nullum
817 649 855 680 de
879 651 1020 692 reqibus,
1046 654 1171 686 nullum
1195 657 1234 688 de
1257 661 1491 703 sacerdotibus,
1516 666 1563 696 vel
1586 679 1763 708 quemcum-

63 699 92 718 ιο
111 697 171 728 que
193 687 296 720 alium
314 701 376 732 per
399 703 430 722 se
453 695 692 735 subpositamve
704 710 883 738 personam
906 703 945 733 (le
962 704 1173 738 ordinatione
1196 710 1339 742 eiusdem
1357 713 1541 746 abbatissae
1565 717 1613 748 vel
1629 721 1761 760 quibus-

109 749 243 780 cumque
260 743 371 773 causis
387 743 433 774 ad
444 748 675 778 monasterium
693 749 803 790 ipsum
816 754 1056 793 pertinentibus
1068 759 1189 790 audere
1204 762 1239 791 in
1254 773 1338 793 auro
1354 764 1400 794 vel
1417 766 1484 796 alia
1503 769 1641 809 qualibet
1657 775 1762 812 specie

108 792 268 822 commodi
290 794 466 836 quicquam
490 799 655 839 accipere,
678 812 781 843 neque
802 805 938 836 eandem
963 807 1161 841 abbatissam
1187 813 1408 846 ordinationis
1438 829 1518 850 suae
1549 832 1651 852 causa
1680 824 1760 855 dare

104 852 308 884 presumere,
332 857 372 877 ne
395 846 457 877 hac
481 851 651 882 occasione
674 863 721 891 ea,
746 866 830 895 quae
854 867 874 885 a
889 857 1047 896 fidelibus
1069 863 1139 901 piis
1161 863 1240 895 locis
1262 865 1444 906 offeruntur
1475 876 1533 901 aut
1562 873 1629 903 iam
1655 875 1760 907 oblata

105 898 192 933 sunt,
215 902 464 929 consumantur.
509 900 550 930 Et
573 904 731 943 quoniam
754 907 873 938 multae
898 912 1086 943 occasiones
1111 914 1144 944 in
1162 915 1372 957 deceptiones
1394 920 1623 962 reliyz'osa7·zc7n
1646 938 1757 966 perso-

59 956 86 976 1⁵
104 956 224 977 narum
249 959 269 978 α
288 950 409 989 pravis
437 950 523 991 illic,
552 958 587 983 ut
610 955 742 996 (licitur,
775 958 961 992 bominibus
985 965 1218 1005 eaequiruntur,
1251 968 1450 1002 abbatissam
1470 975 1617 1014 predicti
1648 989 1757 1010 mona—

103 998 195 1028 sterii
217 999 307 1030 nullo
330 1001 423 1032 modo
442 1003 647 1043 privandam
671 1008 961 1054 deponendamque
984 1026 1160 1056 censemus,
1184 1020 1251 1049 nisi
1274 1032 1376 1052 causa
1401 1026 1585 1064 specialiter
1607 1030 1758 1062 criminis

103 1049 260 1090 eoeiyente.
311 1051 404 1083 Unde
427 1065 551 1086 necesse
574 1062 635 1095 est,
661 1064 713 1099 ut,
735 1061 766 1091 si
789 1073 853 1103 qua
876 1070 991 1096 contra
1015 1072 1076 1097 eag
1099 1068 1289 1102 huiusmodi
1312 1075 1444 1115 querela
1467 1081 1666 1119 surreaeerit,
1690 1094 1755 1113 non

100 1100 201 1132 solum
225 1103 396 1145 episcopus
419 1106 563 1137 civitatis
575 1108 892 1151 Auyustudunensis
915 1128 1048 1149 causam
1072 1123 1244 1162 examinet,
1267 1125 1324 1154 sed
1340 1126 1497 1158 adhibitis
1519 1129 1584 1161 sibi
1605 1142 1661 1162 sese
1678 1133 1755 1165 aliis

100 1154 334 1196 [co]episcopis
350 1157 430 1196 suis,
453 1157 565 1190 subtili
581 1160 637 1192 boc
655 1163 903 1206 investigatione
917 1171 1102 1211 perquirat,
1123 1176 1292 1215 quatinus,
1309 1179 1435 1209 cunctis
1451 1183 1653 1214 concorditer
1670 1186 1754 1217 iudi-

55 1214 83 1234 20
99 1205 259 1244 cantibus,
275 1208 433 1239 canonice
449 1209 668 1244 districtionis
691 1226 832 1247 censura
857 1224 915 1249 aut
938 1222 1143 1261 reamferire
1165 1231 1222 1255 aut
1247 1228 1445 1262 innocentem
1459 1235 1565 1272 possit
1580 1235 1751 1269 absolvere.

100 1255 190 1287 Haec
206 1268 282 1298 erqo
299 1260 419 1298 omnia,
443 1273 527 1303 quae
543 1263 643 1294 huius
655 1269 804 1308 precepti
827 1269 1007 1313 decretique
1024 1277 1129 1306 nostri
1146 1279 1281 1319 pagina
1298 1283 1447 1320 continet,
1472 1288 1536 1315 tam
1561 1286 1629 1326 tibi,
1654 1300 1751 1330 quam

98 1309 234 1348 cunctis,
257 1309 338 1350 qui¹¹
361 1312 398 1341 ‘in
421 1323 454 1343 eo
473 1324 534 1354 quo
558 1326 589 1346 es
613 1317 726 1348 ordine
742 1318 873 1361 locoque
888 1327 1111 1365 successerint,
1134 1329 1181 1358 vel
1197 1330 1254 1369 eis,
1278 1343 1413 1372 quorum
1429 1336 1583 1367 interesse
1595 1343 1750 1382 potuerit,

98 1359 133 1389 in
155 1365 349 1400 perpetuum
372 1366 539 1396 servanda
563 1367 801 1401 decernimusi.
847 1372 888 1404 Si
903 1377 975 1416 quis
1000 1388 1072 1408 vero
1096 1389 1219 1421 regum,
1243 1384 1458 1425 sacerdotum,
1485 1388 1628 1420 iudicum
1655 1397 1750 1434 atque

97 1410 295 1444 secularium
321 1424 541 1454 personarum
570 1419 657 1450 hanc
681 1424 930 1456 constitucionis
963 1433 1093 1460 nostrae
1119 1433 1283 1473 paylnam
1309 1447 1508 1477 agnoscens,
1539 1446 1654 1472 contra
1678 1455 1748 1476 eam

50 1473 78 1493 25
96 1463 205 1494 venire
220 1468 433 1507 temptaverit,
454 1472 626 1508 potestatis
643 1472 838 1516 honorisque
861 1479 915 1509 sui
930 1479 1092 1520 diffni'tate
1115 1490 1234 1524 careat,
1259 1497 1411 1529 reumque
1434 1501 1466 1520 se
1488 1491 1601 1523 divino
1621 1495 1748 1527 iudicio

95 1515 231 1546 eaeistere
254 1516 292 1547 de
314 1523 506 1559 perpetrata
531 1522 706 1563 iniquitate
729 1534 912 1567 coqnoscat,
937 1535 974 1570 et,
999 1533 1067 1564 nisi
1089 1534 1138 1565 vel
1160 1547 1213 1576 ea,
1238 1549 1320 1578 quae
1345 1539 1384 1570 ab
1410 1540 1463 1571 illo
1485 1549 1562 1574 sunt
1586 1547 1668 1578 male
1693 1549 1745 1579 ab-

94 1564 174 1606 lata,
196 1569 384 1609 restituerit,
413 1570 460 1601 vel
484 1572 587 1614 diyna
606 1577 790 1615 penitentia
816 1580 929 1612 illicite
953 1588 1028 1614 acta
1051 1585 1225 1628 defleverit,
1255 1601 1274 1619 a
1299 1593 1523 1625 sacratissimo
1551 1608 1685 1638 corpore
1709 1611 1747 1630 ar*

93 1619 259 1659 sanquine
282 1619 347 1652 Dei
375 1633 413 1653 ac
443 1623 570 1656 domini
600 1629 705 1658 nostri
735 1629 808 1660 Iesu
835 1631 957 1664 Christi
989 1635 1120 1668 alienus
1141 1638 1208 1678 fiat
1241 1646 1336 1682 atque
1368 1644 1402 1674 in
1435 1650 1566 1678 aeterno
1596 1652 1746 1682 eocamine

94 1669 239 1701 districte
260 1671 382 1703 ultioni
403 1674 581 1708 subiaceat.
629 1678 763 1711 Cunctis
787 1688 890 1714 autem
915 1685 1015 1717 eidem
1040 1688 1108 1719 loco
1134 1691 1221 1721 iusta
1244 1695 1453 1727 servantibus
1477 1699 1518 1728 sit
1533 1710 1604 1739 pax
1620 1701 1747 1734 domini

46 1730 74 1750 ⁸0
92 1723 197 1753 nostri
217 1722 293 1754 Iesu
319 1723 450 1766 Christi,
474 1730 631 1768 quatinus
654 1736 681 1761 et
705 1732 913 1773 bicfructum
939 1737 1018 1770 bone
1042 1742 1181 1772 actionis
1205 1745 1368 1786 recipiant
1393 1753 1420 1777 et
1444 1750 1538 1789 apud
1561 1751 1743 1785 districtum

91 1771 231 1804 iudicem
248 1778 379 1816 premia
405 1783 555 1810 aeternae
576 1783 673 1821 pacis
696 1784 877 1818 inveniant.

195 1825 223 1856 9.
269 1825 436 1860 Hactenus
459 1832 558 1862 series
583 1833 764 1878 privilegii.
793 1838 879 1879 quod
904 1839 1017 1871 beatus
1043 1841 1222 1885 Gregorius
1255 1848 1379 1880 cuidam
1405 1850 1556 1883 abbatiae
1584 1858 1743 1888 concessit

89 1875 280 1918 specialiter,
305 1885 336 1910 et
350 1891 414 1911 non
431 1883 626 1923 generaliter
643 1888 791 1919 omnibus
808 1889 958 1922 abbatiis.
1006 1893 1055 1924 De
1072 1895 1132 1925 hac
1156 1898 1238 1939 serie
1255 1898 1333 1930 illud
1351 1906 1484 1941 tantum,
1509 1904 1740 1949 Hildebrande,

87 1925 296 1969 detruncasti,
320 1932 405 1973 quod
422 1932 480 1964 tibi
499 1935 668 1968 videbatur
683 1938 885 1981 aliquatenus
909 1946 1080 1976 convenire
1103 1952 1176 1978 tuae
1200 1949 1378 1993 intentioni,
1404 1953 1480 1986 illud
1497 1956 1628 1996 scilieet,
1653 1961 1739 2001 quod

42 1987 70 2008 ³5
87 1977 294 2021 imprecatur,
325 1984 410 2025 quod
441 1987 587 2028 quisquis
616 1996 726 2022 contra
759 1991 835 2023 illud
868 1995 1073 2036 privilegium
1098 2000 1207 2031 venire
1236 2006 1457 2045 temptaverit,
1488 2008 1555 2039 sive
1584 2021 1640 2040 rex
1671 2012 1739 2043 sive

87 2032 247 2074 sacerdos,
271 2037 441 2075 potestatis
465 2037 659 2082 honorisque
684 2043 733 2073 sui
757 2043 913 2085 dignitate
939 2055 1056 2080 careat.
1101 2049 1173 2081 Hoc
1194 2058 1281 2084 recte
1305 2055 1460 2096 optulisti,
1486 2059 1542 2090 sed
1566 2072 1629 2092 non
1653 2069 1739 2095 recte

87 2080 241 2124 divisisti,
271 2085 347 2116 dum
371 2087 614 2130 imprecationis
637 2093 737 2125 verba
759 2107 821 2126 non
846 2097 1055 2139 imprecantis
1086 2101 1143 2132 sed
1171 2103 1311 2136 iubentis
1341 2118 1410 2139 esse
1438 2110 1576 2143 voluisti.
1623 2114 1681 2146 Vel
1712 2117 1737 2146 si

86 2133 224 2166 iubentis
247 2143 332 2177 sunt,
356 2150 418 2170 non
442 2146 529 2172 recte
554 2143 701 2186 divisisti,
726 2146 801 2177 dum
826 2155 1013 2191 preceptum
1037 2152 1192 2185 adversus
1210 2158 1448 2197 provinciarum
1473 2173 1581 2204 regem
1607 2177 1735 2208 compo-

86 2185 181 2217 situm
211 2190 334 2220 caesari
366 2193 539 2232 oposuisti,
571 2197 662 2236 quasi
694 2197 780 2229 nulla
818 2201 859 2231 sit
887 2201 1067 2235 differentia
1095 2208 1236 2238 caesaris
1267 2215 1298 2240 et
1325 2211 1497 2244 cuiuslibet
1527 2217 1735 2257 provincialis

38 2245 68 2264 ιο
85 2238 179 2279 regis.
223 2240 295 2271 Non
326 2248 411 2273 recte
434 2243 588 2283 divisisti,
620 2248 695 2278 dum
723 2250 927 2293 privilegium
959 2257 1098 2287 caesaris
1128 2258 1262 2291 coelitus
1292 2261 1462 2304 donatum,
1492 2267 1590 2299 verbo
1615 2268 1734 2302 Christi

83 2297 321 2332 consecratum,
345 2296 481 2336 paganis
504 2302 535 2328 et
558 2299 703 2330 Arrianis
727 2304 911 2336 caesaribus
934 2315 1173 2351 conservatum,
1198 2312 1366 2354 privilegio
1392 2315 1476 2347 beati
1502 2317 1652 2361 Gregorii
1677 2323 1733 2352 ini-

82 2346 240 2374 mutatum
271 2345 445 2385 estimasti‚
477 2351 567 2390 quasi
598 2350 713 2383 beatus
745 2353 922 2396 Gregorius
950 2361 1110 2391 contraria
1141 2364 1313 2404 euangelio
1343 2369 1480 2400 senserit
1511 2370 1560 2402 vel
1589 2372 1731 2405 Domino

82 2392 200 2426 dicenti
223 2400 368 2438 tempore
391 2402 512 2440 pagani
535 2404 688 2435 caesaris:
720 2405 858 2438 Reddite
889 2420 971 2450 quae
1001 2416 1078 2442 sunt
1106 2415 1252 2445 caesaris
1281 2421 1422 2450 caesari.
1466 2420 1509 2452 Et
1536 2423 1605 2464 ipse
1628 2424 1730 2465 Iesus,
1750 2440 1901 2466 namneum.

81 2454 121 2476 ne
143 2446 374 2481 scandalizaret
395 2450 445 2482 vel
469 2451 574 2492 ipsum
600 2465 761 2496 paganum
787 2468 952 2491 caesarem
976 2461 1027 2493 vel
1050 2463 1137 2504 ipsos
1160 2465 1324 2499 ministros
1349 2472 1468 2512 pagani
1491 2477 1647 2517 caesaris,
1671 2488 1729 2518 pro
1750 2491 1824 2515 iam,
1835 2494 1870 2512 2⁷13.

34 2502 63 2522 ⁴⁵
81 2505 115 2527 se
137 2502 169 2528 et
190 2498 286 2530 Petro
309 2500 464 2533 tributum
488 2503 569 2535 solvi
591 2506 698 2546 iussit3
729 2509 760 2538 in
785 2520 848 2551 quo
871 2512 1036 2544 evidenter
1060 2526 1164 2548 mores
1188 2518 1363 2552 aecclesiae
1387 2527 1419 2554 et
1442 2525 1602 2558 ordinavit
1630 2534 1662 2559 et
1684 2530 1728 2559 in-

81 2550 207 2582 struxit.
251 2550 294 2582 Et
317 2552 464 2586 Romana
493 2556 668 2599 aecclesia,
700 2559 821 2592 Christi
850 2563 1062 2607 pedissequa,
1092 2569 1294 2610 temporibus
1321 2571 1532 2607 Arrianorum
1562 2589 1725 2611 caesarum

81 2609 190 2631 eorum
212 2602 366 2635 ministris
389 2605 439 2636 ius
463 2608 602 2639 caesaris
626 2609 816 2643 solvendum
841 2625 903 2645 non
927 2618 1067 2657 negavit,
1091 2624 1122 2650 et
1146 2619 1259 2653 beatus
1275 2623 1480 2666 Ambrosius,
1505 2630 1558 2670 qui
1580 2630 1725 2662 Theodo-

79 2650 159 2682 sium
184 2652 299 2686 devote
315 2657 524 2698 penitentem,
547 2666 661 2702 sponte
684 2663 900 2706 confitentem,
924 2678 987 2699 non
1012 2670 1158 2712 imperio,
1181 2683 1244 2704 non
1268 2675 1400 2718 tributo,
1424 2679 1480 2710 sed
1499 2684 1724 2714 communione

188 2763 218 2793 a)
237 2772 305 2796 quae
325 2765 357 2791 G.
433 2768 462 2799 b)
482 2777 572 2794 earum
594 2770 626 2797 G.
702 2776 726 2804 c)
748 2774 822 2799 Idem
844 2776 906 2800 item
930 2779 952 2802 1.
968 2779 993 2801 2.
1070 2781 1097 2810 d)
1121 2781 1159 2806 ita
1176 2785 1197 2807 l.
1214 2783 1246 2812 2,·
1265 2792 1398 2811 consensu
1420 2788 1450 2812 G.
1528 2796 1554 2821 υ)
1575 2799 1621 2822 pro
1636 2794 1720 2816 sancti

32 2806 60 2826 5⁰
78 2809 199 2838 sequenti
219 2809 244 2834 2.
320 2812 342 2842 f)
362 2812 545 2846 deceptionem
567 2816 598 2842 G.
674 2819 704 2849 gs>
725 2827 783 2844 eam
806 2822 836 2845 ti.
913 2822 941 2853 h)
963 2832 1030 2856 quae
1051 2826 1082 2850 G.
1158 2828 1177 2858 i)
1201 2829 1365 2856 decrevimus
1387 2833 1410 2857 2.
