2132 3067
1687 118 1707 149 01

1710 119 1727 149 02

1733 119 1747 149 μ-ι

622 126 737 152 LIBER
760 126 811 152 DE
834 125 966 153 ANULO
991 126 1040 152 ΕΤ
1066 124 1226 151 BACULO.

525 215 558 246 Si
584 214 831 256 contemplatur,
855 215 900 244 sic
924 219 957 244 ut
981 214 1099 245 habere
1121 213 1206 244 velit.

439 265 481 296 Et
504 267 575 308 quis
597 277 661 297 non
685 266 819 296 timeat?
864 266 1006 306 'Moysis‘'
1031 271 1183 307 precepta
1207 264 1387 301 timenturb,

347 325 415 348 1050
525 317 565 348 Et
589 319 643 359 qui
667 318 865 360 presumpsit
888 317 1045 358 frangere,
1069 324 1172 348 morte
1196 316 1263 357 luit,

441 369 481 400 Et
505 376 643 410 quantus
668 369 798 410 Moyses
822 368 936 401 clarus.
961 368 1014 400 sed
1040 368 1155 398 clarior
1179 369 1238 398 iste

71 432 84 452 ⁵
523 421 565 451 Et
588 420 723 450 multum
748 421 862 461 Moyse
887 419 993 450 indice
1018 420 1119 449 maior
1143 431 1189 454 eo,

439 471 481 502 Et
506 471 635 513 Moyses
659 472 740 502 sicut
763 471 900 502 famulus
925 482 982 512 per
1006 471 1106 501 multa
1131 471 1232 501 fidelis

524 523 626 565 Inque
650 523 745 553 domo
770 534 887 563 magna
911 530 1059 553 strenuus
1083 528 1179 564 atque
1203 521 1291 562 vigil,

347 582 416 605 1055
440 573 503 605 Sed
529 575 612 605 sieut
635 574 791 613 famulus3
815 580 847 604 at
871 585 948 605 vero
973 573 1122 604 Christus
1147 574 1179 603 in
1202 573 1255 603 illa

524 626 576 664 Ut,
603 626 657 667 qui
682 626 758 656 fecit
781 636 872 667 (τρυε,
897 625 1018 656 arbiter
1040 631 1071 656 et
1094 625 1254 655 dominus.

58 689 84 709 ιο
441 677 492 708 Ex
516 677 576 708 hoc
601 678 746 708 contuitu
772 678 846 718 quia
871 677 1020 708 Christus
1045 676 1128 707 tilius
1153 688 1221 707 esse
1773 687 1838 706 ιη’.

525 728 676 760 Creditur
699 734 730 759 et
753 730 853 759 scitur
878 739 949 759 eum
974 729 1119 769 genitore
1143 728 1243 766 Deus,

438 779 546 812 Debet
568 781 718 812 honorari
742 781 845 820 magis
869 786 900 810 et
924 781 1027 820 magis
1051 785 1146 822 atque
1170 780 1284 810 timeri.

346 839 415 862 1060
525 832 628 871 Quem
654 837 779 863 constat
802 843 897 874 posse
920 831 1034 862 fortius
1058 837 1117 862 acc
1142 831 1264 872 Moyse.

440 883 503 923 Qui
528 895 600 914 euin
625 883 800 926 discipulos
825 883 1046 925 premitteretd
1071 889 1103 914 et
1126 883 1193 913 sine
1217 893 1303 923 pera,

59 945 85 965 ιι
524 935 566 966 Et
589 936 657 966 sine
682 935 827 966 subsidio
852 936 945 966 iussit
968 935 1057 966 abire
1081 945 1166 965 suos.

442 987 509 1018 Nec
533 986 603 1018 leve
627 987 812 1018 mandatum
839 987 935 1019 dedit.
961 994 995 1017 ut
1018 997 1211 1028 quoeunque
1236 986 1390 1017 venirent,

524 1038 692 1080 Tanquam
718 1038 757 1070 de
780 1040 920 1080 propriis
947 1039 1055 1068 omnia
1078 1039 1288 1079 susciperent.

348 1097 417 1121 1065
443 1090 477 1121 Si
503 1096 609 1121 tamen
633 1096 718 1121 esset
742 1089 846 1130 homo,
871 1090 924 1131 qui
949 1089 1185 1120 contradiceret
1208 1088 1280 1120 illis.
1775 1098 1851 1118 mu.

527 1141 666 1172 Sordida
690 1153 837 1183 quaeque
861 1141 979 1183 pedum
1005 1142 1187 1182 proicerent
1210 1141 1241 1171 in
1266 1151 1347 1179 euni,

59 1203 85 1222 ²⁰
443 1193 484 1224 Et
507 1193 614 1235 pulvis
637 1194 727 1224 fieret
750 1193 811 1224 illis
835 1193 982 1224 confusio
1006 1203 1103 1224 caeca

525 1244 731 1276 Conturbaus
756 1245 885 1276 occulos
909 1244 1156 1286 impediensque
1180 1243 1308 1284 gradus.

444 1297 486 1326 Et
510 1307 630 1338 paucos
654 1297 740 1327 misit
764 1297 833 1327 sine
858 1296 1034 1327 nobilitatis
1059 1295 1189 1333 honore,

350 1355 419 1378 1070
530 1348 571 1379 Et
594 1360 685 1389 reges
710 1360 844 1389 magnos
869 1348 1008 1379 obtinuit
1034 1359 1090 1389 per
1114 1358 1177 1378 eos.

443 1399 568 1441 Perque
592 1400 686 1431 rudes
712 1400 856 1431 homines
880 1400 956 1430 fecit
978 1400 1100 1430 nescire
1124 1399 1259 1429 scientes

60 1459 87 1479 ²⁵
528 1451 570 1481 Et
594 1451 841 1483 Constantinum
867 1450 1012 1482 subdidit
1036 1451 1067 1480 in
1092 1449 1256 1486 famulum,

445 1502 526 1533 Cum
553 1502 709 1534 Silvester
732 1514 804 1533 eum
830 1510 975 1534 metuens
1000 1504 1132 1532 Soracte
1156 1501 1215 1531 sub
1240 1501 1329 1541 ips0¹

529 1553 721 1593 Quaesisset
744 1554 885 1585 latebras
909 1553 1080 1595 religiosus
1106 1554 1210 1583 homo.

353 1612 422 1636 1075
447 1605 510 1637 Sed
535 1606 611 1648 quia
634 1606 810 1648 quaerebat
834 1606 964 1637 demens
989 1606 1178 1646 extinguere
1203 1604 1366 1636 Christum

531 1650 680 1688 Christu's
704 1669 777 1688 eum
802 1658 908 1698 caepit
931 1665 960 1688 et
985 1656 1078 1687 simul
1103 1657 1284 1698 imperiumy

61 1716 88 1736 ³⁰
445 1708 551 1750 Lepra
575 1711 752 1750 percutitur
775 1709 989 1740 medicamina
1012 1708 1099 1739 nulla
1123 1708 1227 1739 valere

527 1760 675 1799 Possunt,
700 1761 866 1802 pontifices
890 1761 1059 1791 consilium
1084 1761 1225 1801 capiunt.

444 1811 576 1843 Mittunt
599 1824 658 1854 per
680 1818 790 1852 terras,
814 1818 940 1843 teneros
964 1824 982 1842 a
1006 1818 1134 1853 pectore
1159 1818 1294 1842 matrum

350 1870 418 1893 1080
527 1863 659 1895 Tollunt
682 1865 818 1895 infantes
843 1870 874 1894 et
898 1863 1037 1895 lacerare
1061 1862 1183 1901 volunt3

448 1914 489 1946 Ut
513 1926 586 1945 cum
612 1916 736 1956 piscina
760 1915 855 1946 fuerit
878 1915 917 1946 de
942 1916 1097 1956 sanguine
1122 1915 1225 1956 plena,

63 1974 90 1993 ³⁵
532 1966 601 1997 Rex
623 1967 655 1997 in
678 1978 716 1998 ea
739 1967 878 1997 mundus
903 1967 957 1997 fiat
979 1966 1020 1997 ab
1046 1966 1217 1997 ulceribus,

449 2017 512 2048 Sed
537 2029 606 2048 cuni
632 2019 695 2048 iarn
719 2019 799 2048 ratio
824 2018 996 2049 miserendi
1022 2024 1148 2059 tenipus
1172 2016 1314 2053 haberet,

533 2069 577 2100 Ut
601 2069 721 2100 Christi
744 2075 811 2100 toto
836 2076 935 2100 staret
959 2071 989 2100 in
1015 2069 1091 2100 orbe
1119 2069 1207 2107 fides,

354 2127 422 2150 1085
447 2119 612 2152 Subvertit
635 2121 762 2162 plenum
788 2133 843 2152 vas
868 2122 1052 2162 impietatis.
1077 2129 1107 2152 et
1131 2131 1207 2151 ecce

534 2172 618 2203 Utile
642 2173 807 2214 perficitur
830 2173 871 2204 ad
895 2174 1023 2214 pietatis
1047 2184 1138 2214 opus.

64 2231 91 2250 ⁴0
446 2224 533 2254 Dum
558 2225 685 2255 vehitur
708 2225 795 2263 reda,
820 2231 938 2255 inatres
962 2224 1048 2254 videt
1071 2230 1102 2254 et
1125 2223 1325 2264 stupefactus

532 2276 658 2307 Perstat
680 2282 711 2307 et
734 2277 877 2318 inquirit,
902 2276 978 2318 quid
1004 2276 1064 2307 sibi
1090 2275 1184 2306 turba
1208 2273 1294 2304 velit.

447 2326 490 2358 Ut
515 2339 590 2358 vero
614 2327 727 2358 didicit
750 2327 863 2367 scelus,
889 2328 1007 2367 horret,
1031 2327 1162 2358 mandat
1185 2325 1294 2357 habire

354 2385 422 2408 1090
533 2379 722 2420 Sumptibus
746 2386 775 2410 et
801 2379 885 2411 redis
911 2380 940 2409 in
964 2379 1129 2410 redeundo
1154 2378 1235 2408 datis
1248 2383 1268 2408 ².

1840 877 1862 896 .st

1774 884 1924 931 Matth.10,10.

223 2458 248 2489 a)
270 2459 356 2490 Moysi
371 2468 391 2483 c.
450 2461 475 2489 b)
499 2461 606 2484 timetur
620 2469 640 2485 c.
698 2461 724 2489 c)
745 2469 761 2485 a
780 2470 815 2490 c.;
837 2469 941 2485 rev-sum
955 2461 1001 2484 rix
1015 2469 1108 2485 sanum
1125 2468 1178 2484 esse
1193 2457 1358 2482 crediderim.
1383 2457 1414 2480 E.
1431 2456 1465 2480 D.
1524 2456 1550 2483 d>
1572 2457 1724 2488 premiteret
1737 2464 1757 2479 c.

65 2530 93 2549 45
219 2525 246 2560 l)
276 2526 321 2558 Cf.
347 2526 527 2553 constitutum
560 2528 736 2554 Constantini
763 2538 810 2562 ap.
836 2530 965 2554 Brumzer
994 2532 1017 2554 el
1041 2528 1170 2558 Zenmer,
1202 2527 1269 2552 ‘Dia
1302 2524 1540 2552 Conslantinische
1569 2524 1759 2556 Schenkuwys-

113 2576 254 2610 urkunde',
287 2578 382 2604 Berlin
410 2578 500 2610 1888,
529 2588 558 2612 p.
583 2580 630 2611 51,
661 2589 682 2607 ο.
710 2580 743 2605 7.-
774 2580 912 2606 Silvester
936 2600 942 2606 .
969 2600 974 2605 .
1003 2600 1008 2605 .
1033 2579 1069 2604 ad
1102 2582 1227 2604 montem
1260 2578 1410 2610 Seraptem
1445 2575 1664 2610 persecutiones
1696 2581 1757 2599 tuas

114 2626 228 2662 fugiens
251 2628 281 2654 in
305 2629 434 2655 cavernis
457 2632 604 2664 petrarum
629 2639 692 2656 cum
718 2631 776 2657 suis
801 2631 914 2657 clericis
938 2630 1079 2656 latebram
1103 2630 1191 2656 fovet.
1271 2630 1300 2663 2)
1324 2629 1358 2655 L.
1375 2629 1393 2653 l.
1419 2637 1442 2655 c.
1461 2629 1489 2660 6,
1508 2636 1540 2662 p.
1559 2628 1615 2652 50:
1640 2634 1759 2651 cernens

115 2679 254 2706 serenitas
278 2683 377 2706 nostra
399 2680 533 2706 lacrimas
558 2685 679 2708 matrum
705 2691 814 2714 corum,
846 2682 912 2708 ilico
939 2681 1071 2708 exhorrui
1096 2681 1217 2713 facinus,
1248 2680 1440 2714 misertusque
1465 2679 1516 2704 eis.
1546 2677 1679 2712 proprios
1704 2676 1760 2701 illis

114 2730 226 2756 restitui
258 2731 434 2766 precipimus
466 2732 541 2759 filios
573 2742 650 2766 suos,
683 2734 816 2768 datisque
847 2733 988 2759 vehiculis
1021 2737 1048 2758 ct
1081 2733 1164 2759 donis
1195 2731 1352 2763 concessis,
1383 2730 1544 2765 gaudentes
1577 2729 1613 2754 ad
1642 2728 1760 2762 propria

68 2787 94 2807 5⁰
113 2780 312 2808 relaxavimus.

1476 2835 1524 2857 δῖ’
