2132 3067
65 468 78 488 5

51 725 78 746 10

49 983 77 1003 15

49 1239 76 1260 20

49 1498 76 1518 25

47 2019 75 2039 ³5

47 2276 76 2296 40

49 2533 77 2553 15

237 158 465 185 TRACTATUS
488 159 540 185 DE
562 159 680 186 REGIA
703 159 924 186 POTESTATE
947 161 995 186 ET
1019 160 1289 188 SACERDOTALI
1314 162 1536 190 DIGNITATE.
1573 164 1596 190 Ι.
1682 161 1740 192 431

100 254 201 280 menta
231 253 410 289 purgantur
438 252 469 277 et
498 247 608 288 paleae
638 254 856 289 conteruntur,
884 249 927 279 ita
951 251 1129 281 communis
1157 261 1239 291 pena
1263 250 1363 282 bonos
1387 257 1536 293 purgata,
1567 252 1666 283 malos
1690 264 1743 284 ex-

99 300 255 332 terminat.
307 298 388 329 Nam
414 297 489 329 boni
515 299 634 340 quique
658 299 732 340 igue
757 299 1000 331 tribulationum
1025 303 1308 343 exquoquunturb,
1333 308 1363 334 et
1388 302 1461 333 mali
1486 310 1686 335 murmurant
1711 309 1743 335 et

98 352 284 394 puniuntur.
330 350 366 381 In
396 350 589 392 quibusdam
619 356 727 381 autem
758 352 866 392 gravis
896 352 977 382 inest
1001 353 1144 383 iusticia:
1175 359 1206 383 et
1230 355 1275 384 sic
1299 365 1352 385 eos
1376 355 1529 396 iniquitas
1554 355 1684 396 obligat,
1708 362 1743 387 ut

97 414 115 433 a
142 401 236 444 culpa
266 412 325 432 nec
356 412 440 443 pena
471 408 668 443 compescat.
714 401 779 432 Alii
810 413 884 433 vero
916 403 1000 434 mala
1031 405 1154 444 perpeti
1186 406 1333 436 inmerito
1365 406 1523 438 videntur.
1570 406 1631 437 Sed
1667 407 1743 438 haec

97 454 247 485 divinitas
274 453 342 484 fieri
367 453 451 493 sinit,
481 459 515 484 ut
540 453 736 484 cruciatibus
761 460 791 484 et
814 453 948 494 flagellis
974 455 1170 486 erudiantur.
1215 456 1377 497 Flaqellat
1401 459 1483 488 enim
1510 458 1598 488 Deus
1623 470 1740 490 munem

89 506 197 546 filium
221 516 311 547 quem
337 506 463 545 recipit.
511 504 574 535 Sed
599 504 675 535 licet
698 515 761 535 non
786 506 849 535 sint
873 516 983 536 omnes
1008 505 1073 542 filii,
1107 508 1161 549 qui
1194 507 1406 548 flagellantur,
1436 516 1541 539 tamen
1566 508 1670 540 nullus
1696 516 1743 540 est

97 557 190 595 filius,
221 557 275 598 qui
298 567 362 586 non
387 555 574 597 flagelletur.
620 556 720 587 Porro
745 557 876 598 quidam
901 558 969 587 sine
993 557 1128 589 verbere
1153 559 1388 600 relinquuntur.
1434 559 1527 591 Unde
1551 561 1589 591 ad
1615 567 1743 592 aeterna

96 614 261 647 tormenta,
292 607 375 639 mala
406 608 541 648 agendo,
570 607 704 639 liberius
728 608 888 640 festinant.
934 609 984 639 De
1009 609 1127 651 quibus
1151 611 1182 640 in
1208 611 1292 642 beati
1317 611 1374 641 Iob
1398 610 1480 642 libro
1505 613 1657 653 scriptum
1682 618 1744 643 est:

105 660 177 691 Vidi
199 659 330 690 stultum
347 660 450 700 firma
473 659 597 690 radice.
644 660 778 700 Stultus,
803 661 945 702 inquam,
969 660 1061 691 firma
1085 661 1192 693 radice
1215 668 1299 693 stare
1324 663 1530 704 conspicitur,
1561 664 1687 705 quaudo
1713 665 1741 695 in

96 712 155 743 hac
177 711 241 742 vita
264 712 416 742 continua
440 712 656 753 prosperitate
679 710 825 742 laetatur.
861 711 1113 753 Verumptamen
1138 714 1169 744 in
1186 714 1327 745 futurum
1346 713 1509 744 districtus
1534 715 1631 746 iudex
1655 721 1743 746 tanta

97 763 290 794 adversitate
319 762 411 794 feriet
435 774 515 805 quos
539 762 725 804 reprobat⁰‚
755 768 875 805 quanta
904 774 989 794 nunc
1018 765 1190 796 severitate
1214 766 1347 807 corripit
1371 776 1450 807 quos
1475 774 1569 797 amat.
1617 767 1680 798 Sed
1704 779 1743 798 ne

96 815 238 847 facinora
261 814 301 845 ad
325 815 507 845 inmensum
533 814 696 846 cumulum
722 820 928 856 peccatorum
948 822 1170 857 prorumpant,
1194 816 1302 858 aliqua
1326 828 1419 858 pena,
1445 818 1526 848 sicut
1552 819 1742 859 premissum

96 873 154 907 est,
181 865 277 908 plecti
302 865 430 898 debent.
474 866 557 897 Nam
581 866 763 897 inordinata
786 867 890 908 pietas
915 877 986 896 cum
1012 867 1233 908 temporaliter
1256 869 1369 910 parcit,
1401 874 1432 899 et
1455 868 1494 899 ad
1519 876 1647 900 aeterna
1672 881 1744 911 sup-

96 918 191 961 plicia
212 918 371 960 pertrahit
393 924 423 949 et
446 919 530 949 vicia
554 917 711 959 pullulare
735 918 903 960 permittit.
949 918 1164 949 Discretionis
1193 925 1299 950 tamen
1324 919 1438 950 modus
1467 921 1498 950 in
1523 921 1672 951 omnihus
1696 926 1743 951 est

95 982 113 1001 a
135 970 297 1001 iudicibus
327 970 566 1001 observandus:
599 976 630 1001 et
660 975 695 1001 ut
725 969 766 1001 sit
797 969 946 1000 ordinata
976 971 1089 1011 pietas,
1120 971 1160 1001 ad
1185 971 1349 1002 scientiam
1375 977 1423 1002 est
1445 972 1687 1011 transeundum,
1711 983 1745 1003 ut

95 1022 175 1053 sciat
196 1021 295 1053 iudex
319 1021 397 1064 quid
421 1022 503 1053 iuste
527 1023 641 1063 puniat
664 1027 695 1052 et
717 1020 794 1063 quid
819 1033 861 1052 ex
878 1021 1100 1053 misericordia
1117 1021 1267 1053 dimittat.
1313 1022 1367 1053 Sic
1392 1022 1531 1064 denique
1555 1022 1649 1054 debet
1674 1035 1744 1064 pru-

95 1074 203 1106 dentia
231 1073 374 1105 iudicum
407 1073 505 1105 corda
535 1074 568 1104 in
600 1073 721 1105 bonurn
753 1084 881 1115 semper
911 1083 1038 1112 acuere,
1076 1084 1115 1104 ne
1150 1080 1205 1105 aut
1236 1075 1307 1115 ipsa
1339 1075 1512 1116 prudentia
1542 1075 1744 1106 rectitudinis

95 1125 223 1157 modum
254 1125 395 1157 excedat
422 1132 477 1156 aut
505 1125 697 1167 simplicitas
721 1126 753 1156 in
776 1125 978 1166 ignorantiae
1009 1124 1135 1156 fallacia
1161 1131 1298 1156 corruat.
1343 1126 1443 1156 Porro
1469 1127 1529 1168 ipsi
1554 1138 1655 1168 reges,
1687 1128 1743 1157 im-

95 1183 257 1220 peratores
280 1188 319 1208 ac
343 1176 476 1215 iudices,
500 1188 572 1208 cum
596 1178 701 1208 iustae
718 1177 852 1208 rationis
869 1177 1005 1218 imperio
1023 1177 1195 1208 sceleratos
1216 1182 1317 1208 morte
1334 1178 1483 1219 puniunt,
1507 1184 1562 1209 aut
1584 1179 1745 1220 aequitate

95 1229 234 1261 dictante
266 1228 351 1260 bella
379 1235 506 1271 gerunt,
537 1240 740 1271 nequaquam
773 1235 885 1259 contra
916 1235 1124 1270 praeceptum
1154 1228 1233 1270 legis
1263 1229 1367 1260 facere
1397 1230 1531 1271 putandi
1561 1236 1648 1269 sunt,
1681 1240 1744 1271 quo

95 1281 215 1312 dictum
239 1286 303 1312 est:
332 1281 410 1312 Non
436 1281 571 1312 occides.
617 1280 699 1311 Nam
730 1279 802 1312 ideo
831 1280 994 1311 criminosi
1025 1279 1094 1320 lege
1123 1281 1333 1322 perimuntur,
1363 1292 1402 1311 ne
1426 1281 1589 1312 mortifero
1613 1288 1744 1323 peccato

95 1333 269 1375 pernitiosa
293 1333 449 1364 securitas
472 1332 574 1364 detur.
622 1332 664 1363 Et
694 1333 815 1363 idcirco
845 1343 907 1362 non
937 1332 1056 1363 iniuste
1085 1332 1170 1363 bella
1200 1338 1365 1373 geruntur,
1396 1339 1430 1363 ut
1459 1343 1522 1374 pax
1547 1332 1743 1375 adquiratur.

93 1385 223 1427 Moyses
254 1395 410 1426 namque,
442 1385 491 1415 vir
522 1384 608 1415 mitis
638 1389 735 1426 atque
767 1384 1004 1423 sanctissimus,
1039 1383 1118 1425 legis
1149 1383 1258 1415 divine
1293 1383 1445 1414 mandato
1479 1384 1596 1415 multos
1630 1384 1747 1426 legitur

94 1436 238 1468 homines
262 1436 420 1467 occidisse
444 1442 475 1467 et
498 1435 614 1467 multas
638 1436 734 1467 etiam
759 1440 882 1478 gentes,
906 1436 978 1466 Deo
1003 1435 1063 1466 sibi
1089 1434 1243 1466 ducatum
1272 1436 1456 1477 praebente,
1486 1437 1584 1467 armis
1606 1437 1746 1467 victrici-

95 1487 154 1520 bus
177 1489 387 1519 extincxisse.
432 1487 506 1518 Hoc
535 1488 630 1519 etiam
661 1487 753 1519 multi
782 1486 836 1518 alii
860 1487 1023 1529 principes
1047 1488 1124 1517 novi
1147 1498 1184 1518 ac
1208 1488 1324 1518 veteris
1348 1488 1531 1518 testamenti
1555 1488 1664 1518 divino
1687 1488 1746 1519 fer-

93 1551 170 1571 vore
194 1541 341 1572 succensi
364 1539 480 1571 fecisse
504 1539 664 1581 leguntur.
705 1539 819 1570 Timor
842 1540 927 1570 enim
952 1539 1014 1570 Dei
1038 1545 1069 1570 et
1091 1540 1188 1570 timor
1211 1538 1363 1581 supplicii
1388 1538 1521 1570 retrahit
1543 1539 1703 1570 hominem
1729 1551 1747 1570 a

94 1598 237 1634 peccato.
272 1592 393 1623 Verum
417 1591 471 1622 illa
494 1592 678 1634 principum
703 1591 755 1623 vel
778 1590 993 1634 praelatorum
1020 1592 1162 1622 omnium
1188 1591 1315 1622 cautela
1338 1590 1424 1622 utilis
1448 1596 1495 1621 est
1519 1596 1615 1633 atque
1638 1591 1746 1622 lauda-

95 1643 177 1683 bilis,
199 1644 232 1675 in
256 1655 320 1686 qua
343 1648 446 1675 totum
471 1644 539 1685 agit
560 1644 642 1675 ratio
666 1649 697 1675 et
719 1643 809 1674 furor
832 1642 931 1674 nichil
955 1642 1016 1674 sibi
1040 1643 1193 1674 vindicat.
1238 1643 1299 1674 Pro
1324 1643 1541 1685 penitentibus
1561 1654 1636 1673 vero
1655 1642 1745 1674 Deus

94 1688 282 1738 episcopum
307 1697 340 1726 in
361 1694 520 1727 aecclesia
543 1696 666 1736 statuit,
691 1695 841 1737 quamvis
864 1696 934 1737 ipse
957 1706 1012 1725 cor
1032 1695 1203 1725 contritum
1227 1701 1258 1726 et
1281 1693 1481 1725 humiliatum
1499 1705 1562 1724 non
1579 1694 1744 1736 despiciat.

94 1748 202 1779 Debet
224 1748 308 1779 enim
333 1748 507 1790 episcopus
530 1747 687 1790 quosdam
712 1757 833 1787 eorum,
857 1747 889 1777 id
914 1751 962 1777 est
984 1746 1211 1788 penitentium,
1236 1746 1411 1778 secundum
1435 1745 1565 1776 modum
1584 1745 1695 1786 culpae
1712 1746 1743 1775 in

93 1800 225 1831 accione
248 1800 445 1841 penitentiae
469 1811 488 1830 a
510 1810 645 1842 corpore
670 1798 788 1830 Christi
814 1804 846 1830 et
868 1799 1026 1840 sanguine
1049 1808 1208 1840 separare,
1239 1804 1270 1829 et
1294 1798 1487 1840 quibusdam
1513 1802 1632 1828 certum
1658 1797 1743 1837 peni-

94 1851 210 1883 tentiae
232 1851 360 1893 pondus
381 1851 564 1893 imponere3
595 1862 659 1894 qua
687 1857 829 1893 peracta,
857 1850 1114 1889 reconcilientur,
1144 1856 1175 1881 et
1203 1849 1351 1880 fidelibus
1381 1849 1532 1880 fratribus
1557 1859 1666 1879 rursus
1691 1847 1743 1878 ad-

93 1908 270 1944 gregentur
292 1909 324 1934 et
346 1903 377 1933 in
401 1904 559 1944 gremium
589 1909 720 1934 sanctae
743 1903 944 1944 recipiantur
966 1901 1152 1932 aecclesiae.
1182 1911 1200 1931 a
1224 1902 1314 1932 cuius
1339 1902 1491 1931 societate
1515 1900 1743 1931 aberraverant

94 1954 270 1996 peccando.
315 1954 417 1985 Extra
446 1965 542 1996 quam
572 1954 760 1986 aecclesiam
792 1965 854 1985 non
884 1954 1091 1985 remittuntur
1118 1958 1270 1994 peccata,
1302 1964 1360 1984 nec
1389 1953 1570 1994 quisquam,
1602 1951 1661 1981 nisi
1686 1961 1743 1992 per

94 2001 174 2046 cani,
197 2007 295 2038 vitam
320 2011 428 2048 potest
449 2007 579 2048 assequi
603 2007 843 2048 sempiternam.
890 2006 966 2047 lpse
990 2005 1127 2046 denique
1150 2015 1208 2046 pro
1233 2015 1289 2034 suo
1313 2004 1419 2034 officio
1443 2003 1522 2034 alios
1547 2003 1687 2043 corrigit,
1712 2007 1743 2033 et

93 2057 172 2089 alios
201 2057 317 2094 erudit,
346 2064 378 2090 et
406 2057 486 2089 alios
516 2069 652 2089 censura
681 2059 829 2089 iusticiae
858 2057 998 2088 dictante
1021 2056 1290 2087 excommunicat.
1335 2056 1410 2096 Ipse
1435 2065 1563 2096 quoquc
1586 2053 1740 2095 quosdam

93 2120 325 2152 nonnunquam
355 2109 529 2151 obiurgare
558 2109 728 2149 detrectat,
758 2110 833 2151 quia
861 2108 913 2139 vel
941 2109 1048 2150 aptius
1077 2114 1204 2148 tempus
1233 2111 1383 2148 expectat
1407 2105 1456 2136 vel
1487 2106 1608 2142 metuit,
1635 2116 1674 2135 ne
1697 2106 1742 2135 in-

94 2163 215 2204 crepati
238 2162 413 2194 deteriores
436 2161 524 2193 fiant.
570 2161 641 2192 Non
665 2167 714 2192 est
737 2162 820 2192 enim
838 2160 987 2190 omnibus
1004 2158 1188 2190 hominibus
1213 2169 1274 2189 una
1297 2157 1481 2188 adhibenda
1504 2157 1661 2195 doctrina3
1686 2156 1740 2187 sed

94 2224 151 2255 pro
175 2215 327 2256 qualitate
351 2225 477 2245 morum
501 2213 629 2244 diversa
653 2213 749 2245 debet
773 2224 841 2244 esse
865 2211 1024 2243 exortatio
1049 2210 1225 2241 doctorum.
1270 2209 1351 2240 Nam
1385 2208 1541 2251 quosdam
1566 2208 1742 2249 increpatio

94 2265 182 2304 dura,
205 2265 361 2308 quosdam
387 2277 462 2297 vero
484 2265 644 2297 exortatio
669 2265 800 2305 corrigit
823 2263 951 2295 blanda.
997 2262 1068 2293 Non
1098 2263 1206 2292 omnia
1231 2261 1368 2302 denique
1392 2266 1537 2302 tempora
1561 2263 1743 2300 congruunt

95 2317 276 2358 doctrinae3
308 2317 363 2348 sed
393 2317 570 2349 secundum
601 2316 783 2347 Salomonis
813 2315 1004 2347 sententiam
1036 2320 1161 2355 tempus
1191 2312 1337 2351 tacendi,
1369 2317 1396 2343 et
1426 2317 1550 2353 tempus
1580 2311 1742 2352 loquendi.

97 2368 189 2400 Unde
212 2370 308 2401 etiam
332 2369 494 2411 sepefatus
518 2380 605 2412 papa
621 2368 799 2409 Gregorius
823 2369 855 2399 in
870 2366 1025 2397 vicesimo
1042 2364 1213 2395 Moralium
1238 2364 1319 2394 libro
1336 2363 1452 2394 dicit¹z
1476 2363 1604 2403 Sancti,
1628 2362 1742 2404 inquit,

95 2420 161 2451 viri
182 2432 252 2451 cum
278 2421 388 2452 vident
411 2422 568 2463 quosdam
593 2432 655 2452 sua
680 2419 777 2451 verba
802 2419 978 2460 despicere,
1010 2417 1197 2458 2'ntelli91cizt
1221 2426 1272 2447 eos
1294 2416 1456 2446 divinitus
1481 2415 1596 2454 deseri,
1619 2419 1646 2444 et
1669 2414 1741 2444 ideo

95 2477 251 2512 yementes
268 2473 498 2504 conticescunt.
536 2472 792 2514 Verumptamen
817 2481 878 2500 non
904 2469 1051 2509 dicimus,
1076 2473 1111 2498 ut
1134 2467 1329 2498 conticescat
1351 2468 1524 2508 episcopus
1549 2465 1624 2495 odio
1648 2464 1742 2495 malo-

96 2533 164 2554 rum
185 2522 349 2555 bominum
366 2525 506 2564 territus,
530 2523 585 2556 sed
603 2522 737 2554 consilio
754 2522 913 2560 caritatis3
937 2521 988 2551 cui
1014 2519 1101 2550 iubet
1124 2518 1289 2560 apostolus
1306 2519 1433 2550 dicens:
1458 2518 1550 2549 Iusta
1574 2521 1742 2558 oportune,

98 2575 293 2616 inportun25
321 2576 462 2615 obsecra,
485 2577 633 2616 increpa,
656 2576 692 2605 in
717 2575 805 2605 omni
825 2573 995 2615 pacientia
1020 2576 1047 2603 et
1072 2572 1232 2602 doctrina.

204 2699 231 2730 a)
252 2707 384 2731 superscr.
405 2699 432 2723 in
454 2702 564 2731 utroque
583 2699 686 2723 codice.-
705 2697 835 2730 purificat.
912 2696 941 2723 b)
961 2695 998 2719 ita
1024 2696 1045 2719 l.
1067 2695 1092 2718 ‘2-
1168 2694 1192 2725 c)
1215 2687 1310 2718 abhinc
1331 2693 1385 2717 alia
1408 2700 1500 2716 manus
1524 2694 1545 2717 1.

203 2806 232 2841 1)
254 2806 361 2833 Moraz.
386 2807 418 2833 Ῑ..
443 2806 512 2838 XX,
535 2815 559 2832 ο.
577 2807 626 2839 21,
650 2810 664 2837 ᾗ
688 2805 737 2838 4ῑ,
764 2804 835 2838 opp.
858 2803 883 2835 1,
907 2803 957 2828 002.
979 2802 1067 2829 1581.

168 2878 266 2903 Liboni
285 2879 318 2904 de
338 2879 393 2904 nte.
424 2879 460 2904 11.
704 2902 705 2905 ,
1474 2872 1504 2894 ⁶¹

1764 471 1833 490 nem.
1852 472 1884 491 12.
1897 473 1914 490 1.

1764 675 1803 693 1‹·b
1814 675 1833 695 5,
1844 675 1863 694 3.

1765 1293 1798 1311 Ex
1818 1294 1897 1312 20.13,

1765 1709 1801 1728 Ps.
1810 1709 1845 1732 5⁰,
1856 1709 1890 1728 15².

1762 2326 1837 2344 Eccle.
1849 2325 1898 2349 3,τ.

1764 2532 1782 2547 ·.’.
1791 2529 1849 2547 Τίιιι
1859 2529 1880 2548 4.
1892 2528 1910 2546 2.
