2132 3067
208 1183 225 1202 l.
235 1180 286 1201 cor.
296 1181 327 1200 11,
336 1181 355 1200 3.

325 1284 355 1302 ib.

248 1373 313 1395 ringo
324 1373 356 1392 ΓΙ.

261 1409 283 1428 p.
292 1403 343 1423 455.

261 1945 299 1963 lix.
311 1944 330 1965 Τ,
342 1945 358 1962 l.

242 1997 271 2015 lb.
282 1996 316 2016 35.
327 1997 361 2015 130⁴».

259 2203 289 2221 u..
300 2202 318 2223 τ,
333 2203 347 2219 11

241 2484 279 2503 lwl
302 2484 365 2504 Ιῖ,ιῑ,

290 2515 366 2535 21,2·Ι.

353 2206 362 2220 ·.
384 2191 560 2222 tradiderat
584 2191 721 2232 Moyses,
750 2195 900 2232 operatur
929 2191 1021 2232 signa
1051 2196 1082 2222 et
1113 2190 1261 2232 prodigia
1291 2201 1399 2221 coram
1431 2190 1596 2221 Pharaone
1627 2195 1660 2222 et
1691 2189 1921 2233 optimatibus‘
1949 2190 2029 2223 eius.

375 156 437 187 468
867 154 1037 182 IlUGONIS
1060 152 1238 180 MONACHI
1262 150 1535 179 FLORIACENSIS

375 255 405 278 et
437 257 581 289 quaeque
613 251 758 276 caeterae
783 248 956 285 potestates
987 242 1049 273 sibi
1080 242 1217 272 invicem
1248 251 1398 283 praeesse
1424 239 1564 270 mirabili
1595 245 1626 271 et
1654 239 1801 271 modesta
1829 245 2020 282 potestatum

375 299 530 329 varietate
553 302 739 327 noscuntur.
785 295 858 325 Alia
882 300 988 325 tamen
1012 298 1059 324 est
1075 303 1213 334 persona
1231 293 1346 332 Patris,
1371 297 1402 323 et
1424 291 1486 323 alia
1507 290 1591 331 Filii,
1615 296 1647 321 et
1669 290 1733 322 alia
1749 290 1889 333 Spiritus
1909 293 2023 324 sancti.

376 348 439 380 Sed
463 349 558 379 Pater
586 353 617 378 et
642 346 742 378 Filius
774 352 806 377 et
829 346 968 387 Spiritus
992 350 1122 375 sanetus
1153 355 1235 374 unus
1259 349 1307 375 est
1330 343 1429 374 Deus.
1476 342 1730 384 verumptamen
1754 342 1852 374 Pater
1875 343 1961 375 solus
1983 343 2023 375 de
2044 359 2048 363 -

374 400 435 430 alio
459 410 521 430 non
546 404 604 439 est,
634 397 735 429 Filius
758 408 834 428 vero
866 396 905 427 de
928 396 1023 427 Patre
1047 402 1140 426 natus
1164 401 1222 426 est.
1269 396 1374 426 Patris
1397 400 1503 426 tamen
1534 400 1566 426 et
1589 393 1674 433 Filii,
1704 395 1789 425 sieut
1814 395 1877 426 iam
1902 394 2022 427 dictum

376 457 432 491 est,
463 456 511 482 est
535 461 597 480 una
620 449 772 480 divinitas
802 453 834 479 et
861 459 925 480 una
949 448 1108 479 maiestas.
1154 447 1256 487 Unus,
1287 447 1427 488 inquam,
1457 451 1506 476 est
1530 445 1618 476 Deus
1642 451 1743 487 pater,
1774 456 1794 476 a
1819 457 1882 488 quo
1907 447 2024 488 omnia,
2043 460 2056 481 ⁵

375 509 405 534 ct
427 512 521 544 aquo
541 501 650 541 Filius,
674 512 731 543 per
755 511 849 542 quem
874 499 997 538 omnia3
1025 505 1059 529 ut
1083 499 1199 529 uniusa
1225 498 1376 540 principii
1398 497 1574 528 auotoritas
1598 498 1629 528 in
1655 497 1804 528 omnibus
1820 504 2027 530 conservetur

377 561 407 585 et
431 554 461 583 in
486 553 587 584 tribus
612 553 758 594 personis
782 563 846 582 una
868 550 982 581 Deitas
1005 549 1167 581 adoretur.

400 644 428 673 2.
475 641 591 680 Quod
621 641 731 672 sicut
759 646 883 681 caput
914 639 951 669 in
982 649 1178 679 corpore,
1209 638 1266 669 ita
1294 649 1365 669 rex
1392 638 1430 668 in
1461 647 1588 679 regno
1618 647 1687 668 suo
1717 637 2002 680 principatum

1007 689 1163 720 debeat
1191 689 1392 730 optinere.

482 754 517 784 In
542 752 661 784 mundo
685 762 814 794 quoque
837 751 927 782 Deus
952 761 1050 781 unum
1074 750 1225 781 formavit
1247 749 1420 788 hominem,
1447 761 1467 781 a
1490 760 1552 791 quo
1577 749 1784 791 postmodum
1808 760 1902 782 omne
1924 760 2027 792 genus
2047 762 2072 781 ιο

377 807 548 836 humanum
577 805 676 836 traxit
699 803 865 843 originem.
911 801 1050 834 Proinde
1079 802 1162 832 sicut
1193 800 1232 833 de
1256 801 1326 832 Deo
1352 807 1442 843 patre
1473 806 1566 832 natus
1598 806 1647 831 est
1669 801 1760 832 Deus
1784 801 1847 832 Dei
1870 800 1966 841 filius,
1993 806 2029 833 ut

376 869 434 900 per
464 855 568 899 ipsum
599 855 701 886 omnis
733 855 823 886 tieret
851 860 1008 891 ereatura,
1037 853 1082 884 ita
1112 859 1144 884 et
1170 852 1210 884 de
1233 853 1302 884 viro
1326 853 1463 884 formata
1494 858 1543 884 est
1567 851 1690 893 mulier,
1721 864 1780 895 per
1809 863 1904 895 quam
1937 852 2028 885 fieret

376 909 478 940 omnis
503 908 631 939 humani
655 907 783 948 generis
799 905 957 946 genitura.
1002 904 1075 936 Non
1099 910 1156 945 est,
1181 905 1323 946 inquam,
1348 904 1462 936 mulier
1485 903 1524 935 de
1548 905 1616 935 viro
1640 909 1724 943 nata,
1748 904 1803 936 sed
1827 904 1928 945 facta3
1953 905 2028 948 quia

376 972 438 992 non
464 965 589 1002 poterat
618 958 657 990 de
680 957 818 999 simplici
842 968 975 998 corpore
999 956 1099 987 nasei.
1145 955 1196 986 De
1223 961 1314 998 patre
1337 967 1414 988 vero
1438 956 1511 988 Deo
1540 962 1634 987 natus
1664 961 1713 988 est
1737 956 1827 988 Deus
1850 955 1914 988 Dei
1943 956 2027 988 filius

376 1011 580 1043 ineffabiliter
607 1017 637 1042 et
665 1007 1047 1051 incomprehensibiliter,
1083 1013 1194 1050 utpote
1225 1008 1356 1049 spiritus
1387 1007 1426 1039 de
1455 1008 1579 1049 spiritu,
1610 1007 1702 1039 Deus
1731 1007 1770 1039 de
1793 1007 1876 1049 Deo,
1906 1013 1942 1040 ut
1971 1019 2028 1050 per
2046 1018 2072 1039 ιε

376 1065 481 1106 ipsum
506 1063 608 1094 omnis
639 1061 728 1092 tieret
757 1066 912 1092 creatura.
959 1059 1076 1091 Mulier
1098 1070 1174 1091 vero
1198 1059 1285 1090 faeta
1308 1066 1357 1091 est
1380 1059 1420 1090 de
1444 1060 1524 1097 viro,
1556 1064 1591 1090 ut
1615 1070 1672 1101 per
1698 1070 1767 1090 eam
1792 1060 1945 1091 nativitas
1968 1061 2027 1092 ori·

377 1122 472 1147 retur.
518 1114 622 1145 Unius
654 1118 761 1144 tamen
786 1112 984 1143 substantiae
1009 1111 1058 1142 vir
1089 1117 1121 1142 et
1149 1111 1262 1143 mulier
1291 1118 1356 1151 est,
1387 1110 1444 1142 sed
1471 1110 1574 1152 gradu
1599 1111 1700 1142 maior
1723 1117 1771 1143 est
1792 1112 1853 1152 vir,
1882 1112 1960 1154 quia
1986 1123 2027 1144 ex

376 1168 443 1198 viro
469 1165 591 1205 mulier,
615 1166 699 1195 sicut
722 1169 857 1195 testatur
879 1163 1056 1206 apostolus,
1081 1162 1207 1194 dicens:
1234 1163 1342 1206 Caput
1364 1163 1512 1194 mulieris
1534 1167 1579 1193 est
1603 1164 1662 1194 vir.
1703 1162 1808 1194 Unius
1831 1163 1927 1194 etiarn
1951 1163 2026 1195 sub-

377 1219 512 1249 stantiae
544 1217 639 1248 Pater
669 1221 700 1247 et
724 1215 825 1246 Filius
856 1221 916 1255 est;
947 1214 1002 1246 sed
1035 1214 1158 1256 ordine,
1189 1225 1252 1246 non
1277 1220 1403 1254 natura,
1434 1214 1549 1246 Paterb
1580 1215 1682 1246 maior
1710 1225 1780 1246 esse
1811 1215 2029 1256 cognoscitur,

378 1269 476 1301 Paulo
500 1275 589 1307 teste,
614 1269 667 1310 qui
685 1268 744 1299 ait:
771 1267 878 1309 Caput
896 1267 1019 1299 Christi
1035 1267 1135 1298 Deus.
1181 1266 1273 1305 Nam,
1298 1267 1380 1298 sieut
1404 1267 1466 1298 iam
1484 1267 1695 1308 praemissum
1713 1272 1772 1307 est,
1794 1267 1891 1298 Pater
1906 1277 1925 1298 a
1940 1265 2028 1299 nullo
2046 1275 2083 1296 20>

377 1328 434 1362 est,
459 1320 559 1351 Filius
582 1331 658 1350 vcro
683 1319 722 1351 de
746 1320 840 1351 Patre
865 1324 922 1358 est,
946 1324 981 1349 ut
1003 1329 1148 1349 summae
1164 1318 1332 1350 Trinitatis
1357 1319 1496 1350 essentia
1519 1318 1550 1348 in
1575 1318 1697 1349 unitate
1715 1318 1855 1350 Deitatis
1878 1318 2028 1351 adoretur

377 1379 408 1404 et
431 1378 609 1403 veneretur.
635 1379 830 1411 Principe-les·
854 1379 956 1403 etiam
977 1380 1152 1410 potestates,
1175 1378 1269 1410 quibus
1289 1378 1333 1402 hic
1349 1377 1462 1402 mundus
1477 1377 1585 1409 regitur,
1607 1376 1686 1402 duae
1707 1380 1769 1402 suut
1787 1378 1873 1410 regia
1893 1382 1920 1403 et
1939 1385 2027 1404 sacer-

378 1432 506 1456 dotalis.
549 1423 638 1462 Quas
662 1423 741 1453 duas
766 1426 939 1464 potestates
968 1422 1000 1452 in
1024 1431 1082 1451 sua
1111 1420 1179 1452 sola
1209 1431 1347 1462 persona
1374 1421 1444 1462 ipse
1469 1419 1617 1450 dominus
1640 1420 1729 1451 Iesus
1753 1419 1900 1452 Christus
1925 1432 2027 1453 saero-

378 1482 486 1506 sancto
512 1476 684 1516 mysterioc
708 1480 834 1515 gestare
859 1472 1011 1513 decrevit,
1043 1473 1099 1514 qui
1122 1483 1181 1504 rex
1205 1472 1300 1504 simul
1331 1478 1379 1504 est
1405 1477 1436 1504 et
1458 1471 1626 1503 sacerdos:
1656 1483 1723 1512 rex,
1755 1473 1831 1515 quia
1853 1483 1912 1504 nos
1935 1473 2028 1516 regit,

377 1526 528 1558 sacerdos
559 1538 645 1564 vero,
678 1527 753 1568 quia
782 1536 841 1556 nos
870 1525 918 1555 sui
949 1524 1095 1566 corporis
1126 1523 1346 1556 immolatione
1377 1535 1396 1555 a
1426 1530 1631 1566 peccatorum
1664 1530 1846 1556 nostrorum
1879 1525 2073 1558 sordibus„

379 1577 564 1609 emundavit
588 1584 619 1609 et
644 1578 730 1608 l‘atri
754 1588 812 1608 suo
836 1575 1066 1608 reconciliavit.

413 1667 442 1699 3.
489 1666 604 1706 Quod
634 1677 703 1697 rex
733 1666 806 1697 Dei
835 1666 962 1707 patris
993 1665 1210 1706 imaginem
1240 1665 1468 1706 optineat¹¹‚
1498 1671 1535 1696 et
1565 1664 1791 1707 episeopus
1821 1663 1992 1697 Christi.

485 1727 738 1768 verumptamen
763 1737 819 1757 rex
846 1726 878 1756 in
902 1726 993 1768 regni
1018 1726 1066 1756 sui
1089 1735 1224 1767 corpore
1248 1725 1353 1757 Patris
1378 1726 1609 1767 omnipotentis
1633 1725 1779 1767 optinere
1803 1725 1930 1757 videtur
1951 1726 2028 1757 ima-

379 1780 496 1820 ginem,
522 1784 553 1809 et
583 1779 755 1820 episeopus
779 1777 930 1809 Cliristi2.
976 1776 1070 1809 Unde
1101 1777 1160 1808 rite
1189 1778 1257 1818 regi
1287 1777 1454 1809 subiacere
1480 1777 1633 1808 videntur
1664 1787 1774 1808 omnes
1805 1777 1896 1819 regni
1926 1777 2028 1820 ipsius

379 1831 534 1872 episcopi.
563 1831 647 1861 sieut
678 1831 764 1861 Patri
794 1829 895 1861 Filius
927 1828 1178 1871 deprehenditur
1207 1840 1276 1860 esse
1306 1829 1479 1869 subiectus,
1511 1839 1574 1859 non
1606 1833 1729 1868 natura,
1761 1828 1816 1860 sed
1841 1829 1964 1868 ordine,
1995 1834 2076 1862 ut

379 1883 571 1913 universitas
605 1882 695 1923 regni
730 1881 770 1912 ad
812 1892 910 1912 unum
953 1881 1119 1922 redigatur
1152 1881 1358 1922 principium.
1410 1880 1511 1912 Cuius
1545 1880 1688 1922 mysterii
1727 1885 1962 1912 sacramentum
1998 1882 2028 1912 in

380 1933 494 1964 Exodo
514 1933 672 1964 Dominus
695 1932 862 1964 evidenter
885 1934 998 1974 aperit,
1022 1931 1077 1963 ubi
1101 1931 1141 1962 ad
1161 1932 1292 1974 Moysen
1316 1932 1412 1964 dicit:
1436 1933 1517 1963 Ecce
1540 1933 1693 1963 constitui
1715 1937 1743 1963 le
1766 1932 1859 1964 deum
1884 1933 2027 1964 Pharao-
2068 1958 2070 1964 .

382 1986 444 2025 nis,
475 1990 501 2015 et
526 1985 640 2016 Aaron
670 1987 730 2015 eric
753 1986 913 2026 propheta
942 1989 1027 2015 tuus.
1076 1984 1174 2015 Porro
1198 1983 1327 2025 Moyses
1356 1984 1388 2014 in
1413 1983 1552 2015 Ebraico
1581 1983 1700 2026 populo
1730 1985 1816 2026 regis
1844 1984 2030 2026 imaginem,

381 2042 411 2068 et
443 2036 550 2067 Aaron
581 2036 756 2067 sacerdotis
787 2037 964 2067 obtinuisse
994 2036 1083 2066 visus
1114 2041 1178 2066 est:
1213 2035 1301 2066 salva
1330 2035 1393 2067 alia
1421 2041 1530 2066 sancta
1562 2036 1753 2067 sacramenti
1783 2035 2030 2077 significatione.

383 2087 476 2119 Unde
507 2088 575 2129 ipse
607 2087 737 2129 Moyses
767 2092 970 2119 sacrosancto
1002 2088 1155 2128 mysterio
1190 2086 1432 2118 tabernaculum
1472 2086 1622 2118 aedificat
1652 2092 1748 2129 atque
1780 2087 1970 2129 sanctificat,
1999 2092 2065 2119 et
2112 2079 2114 2082 ,

383 2140 491 2170 Aaron
515 2145 681 2170 consecrat
712 2144 742 2170 et
765 2138 886 2181 populo
910 2138 990 2180 legis
1015 2139 1142 2170 divinae
1166 2139 1295 2170 decreta
1319 2139 1480 2181 proponit,
1509 2143 1539 2169 et
1562 2139 1671 2170 Aaron
1695 2139 1727 2170 in
1750 2139 1852 2181 virga,
1880 2149 1976 2181 quam
2000 2138 2028 2171 ei
2067 2130 2070 2136 ¹
2103 2163 2108 2171 .

876 2281 905 2310 4.
952 2278 1009 2310 De
1038 2278 1186 2309 officio
1215 2277 1392 2320 legitimi
1421 2279 1538 2320 regis.

492 2339 587 2377 Regis
611 2339 708 2376 igitur
731 2339 943 2370 ministerium
977 2345 1024 2370 est
1047 2338 1201 2380 populum
1234 2338 1295 2370 sibi
1319 2339 1500 2370 subiectum
1532 2339 1573 2370 ab
1604 2349 1712 2371 errore
1741 2340 1900 2381 corrigere
1929 2343 1962 2371 et
1989 2337 2029 2370 ad

386 2391 555 2431 aequitatis
579 2396 674 2432 atque
706 2391 851 2421 iusticiae
875 2391 1020 2422 semitam
1051 2401 1213 2421 revocare.
1260 2390 1353 2422 Unde
1381 2392 1476 2422 etiam
1507 2392 1538 2422 in
1570 2389 1651 2422 libro
1679 2390 1826 2422 Iudicum
1857 2390 2030 2433 repperies,
2058 2391 2072 2409 Γ

388 2442 461 2483 quia
485 2447 654 2482 antequam
673 2453 780 2482 regem
800 2442 951 2473 haberent
976 2441 1031 2472 tilii
1057 2441 1186 2474 lsraliel.
1213 2442 1372 2477 Ionatlias,
1396 2442 1481 2474 filius
1504 2442 1559 2474 filii
1579 2442 1693 2485 Moysi,
1717 2453 1787 2474 cum
1811 2443 1894 2474 inter
1915 2441 2030 2474 levitas

387 2493 559 2534 deputatus
583 2499 675 2529 esset,
707 2494 921 2535 praesumpsit
951 2494 1011 2525 sibi
1035 2493 1269 2525 sacerdotium:
1303 2494 1390 2530 Quia
1418 2495 1651 2536 unusquisque,
1678 2494 1793 2536 inquit,
1820 2494 1884 2526 sibi
1901 2493 2030 2536 placita

499 2615 523 2629 w
548 2607 602 2630 vius
628 2608 648 2630 1,
716 2607 742 2629 hu
763 2611 849 2638 potrst
870 2607 894 2630 ⁴2.
963 2609 989 2634 c)
1011 2608 1079 2631 mist.
1101 2616 1201 2639 semper
1221 2609 1246 2631 2.
1324 2609 1354 2635 d)
1375 2609 1495 2633 obtineat
1518 2610 1539 2634 1.
1617 2609 1642 2640 e)
1665 2609 1837 2634 obtimatibus
1858 2608 1882 2633 2.

498 2708 524 2741 l)
549 2708 594 2740 Cf.
619 2708 700 2733 vri-ba
727 2708 836 2733 Gelasii
859 2709 885 2732 in
910 2709 1025 2741 epistola
1051 2709 1183 2742 Greqorfi
1206 2714 1371 2736 memorata:
1395 2710 1459 2736 Duo
1484 2714 1549 2735 sunt
1573 2710 1691 2745 quippe,
1716 2710 1874 2745 imperator
1897 2710 2028 2744 auguste,

389 2759 493 2793 quihus
510 2758 710 2793 principaliter
724 2759 845 2784 mundus
862 2758 906 2783 liic
924 2759 1048 2791 regitur:
1065 2759 1221 2785 auctoritas
1238 2764 1351 2786 saerata
1367 2759 1536 2795 pontificum
1555 2765 1582 2787 et
1599 2761 1706 2796 regalis
1721 2764 1862 2796 potestas.
1929 2759 1960 2795 2)
1983 2757 2027 2793 Qf·
2057 2758 2060 2762 ’

391 2811 568 2836 llmnlmrrnm
593 2814 687 2835 vonlm
713 2819 815 2842 symon.
841 2811 858 2834 I.
879 2809 932 2836 Ill.
958 2818 981 2836 c.
1001 2810 1048 2835 21.
1075 2810 1176 2835 Libelli
1198 2811 1231 2836 dc
1254 2810 1301 2837 lire
1324 2811 1348 2844 I,
1370 2820 1399 2845 p.
1419 2811 1488 2838 ¹225.
2054 2797 2062 2802 ⁴
