2132 3067
560 152 612 178 DE
635 151 807 179 UNITATE
830 151 1040 179 ECCLESIAE
1063 152 1358 181 CONSERVANDA.
1723 149 1784 181 257

134 253 203 272 rum
228 241 345 281 officia,
374 248 406 272 et
433 251 492 271 nec
522 240 705 272 chrismatis
729 251 788 271 nec
811 239 946 271 aliorum
971 248 1257 281 sacramentorum,
1289 253 1373 285 quae
1396 243 1525 284 proprie
1549 241 1588 272 ad
1614 243 1785 284 episcopos

134 294 303 335 pertinent,
334 293 513 323 ministeria
543 300 616 324 sunt
644 292 688 323 ibi
719 292 889 330 celebrata,
920 293 987 323 sine
1012 292 1130 334 quibus
1154 304 1216 323 non
1241 299 1348 335 potest
1371 305 1441 324 esse
1465 294 1601 325 ecclesia
1626 294 1700 328 Dei,
1746 294 1784 324 In

133 351 255 376 tantum
286 344 387 375 valuit
416 355 521 374 sermo
548 343 753 376 Hildebranti
785 355 899 385 papae,
931 344 983 385 qui
1012 343 1101 375 illum
1126 344 1360 376 Herimannum
1391 345 1499 377 docuit
1523 351 1555 376 et
1578 345 1728 387 exemplo
1753 351 1784 376 et

132 398 290 437 scriptura
315 395 354 427 de
378 396 517 426 ecclesia
540 396 602 427 sibi
627 396 800 426 commissa
823 396 944 436 fugere,
976 402 1010 426 ut
1041 397 1132 426 iuxta
1160 397 1245 437 quod
1275 396 1392 427 dicitur
1415 409 1473 438 per
1496 397 1687 428 Malachiam
1713 407 1784 438 pro-

99 461 111 479 5
133 448 278 490 phetam:
313 447 495 489 Disperdat
521 447 681 478 Dominus
705 449 823 487 virum,
854 448 913 487 qui
936 447 1056 488 fecerit
1086 448 1155 487 hoc,
1184 453 1211 478 e!
1241 449 1431 489 mayistrum
1463 454 1490 479 et
1519 449 1720 490 discipulum
1744 449 1783 479 de

131 499 354 531 tabernaculis
370 499 477 538 Iacob,
502 498 556 529 ubi
581 504 628 530 est
651 499 874 540 congregratio
899 503 1095 538 sanctorum,
1120 499 1273 540 quoniam
1298 502 1452 530 iuniorem
1473 512 1563 531 nemo
1580 500 1672 531 habet
1696 501 1782 531 eari-

131 556 236 591 tatem,
266 562 364 592 quam
387 556 422 581 ut
446 552 594 581 animam
617 562 711 581 suam
736 551 809 591 quis
828 555 936 590 ponat
954 561 1020 591 pro
1045 552 1160 581 amicis
1183 552 1253 581 suis
1277 551 1368 582 iuxta
1392 552 1578 593 exemplum
1603 551 1697 590 illius,
1726 552 1781 594 qui

131 601 343 633 essentialiter
365 601 469 633 bonus
492 609 540 634 est
563 608 673 644 pastor
696 607 727 632 et
750 602 922 643 episcopus
946 602 1124 632 animarum
1149 608 1342 633 nostrarum.
1750 598 1754 602 ’

236 654 287 684 31.
333 653 419 692 Quid
451 654 490 685 de
514 653 679 684 Burcardo
710 653 857 691 dicimus,
888 664 982 695 quem
1013 664 1071 684 rex
1098 653 1280 684 Henrichus
1310 653 1348 684 de
1377 654 1486 685 infimo
1510 654 1578 685 loco
1603 654 1779 685 exaltatum

83 719 110 738 ιο
129 705 205 737 fecit
229 704 400 747 quondam,
425 713 460 736 ut
483 711 569 736 esset
592 704 866 736 Halberstatensis
889 705 1064 746 episcopus
1089 704 1253 744 ecclesiae,
1278 706 1329 736 cui
1354 717 1412 747 pro
1437 706 1585 737 mercede
1609 707 1782 737 suscitavit

130 757 315 789 diuturnum
341 762 372 787 et
394 767 493 798 grave
518 756 634 787 bellum
661 756 838 796 Saxonum,
862 756 1103 797 Thuringorum
1128 762 1224 798 atque
1250 757 1454 787 Suevorum‘?
1506 757 1569 796 Qui
1595 769 1665 788 cum
1691 769 1781 799 prae-

129 810 224 851 cipue
248 816 279 840 et
301 815 376 840 ante
398 819 509 839 omnes
539 809 570 838 in
603 809 663 839 hoc
687 813 772 840 esset
795 808 912 847 studio,
942 814 977 838 ut
1000 819 1108 849 regem
1134 807 1309 849 deponeret
1333 819 1351 838 a
1375 820 1483 849 regno,
1509 810 1563 850 qui
1588 821 1658 840 eum
1684 809 1780 840 subli-

128 861 228 892 mavit
252 859 429 902 episcopali
451 859 592 901 fastigio,
623 861 749 891 occisus
781 866 829 890 est
858 859 987 891 tandem
1014 859 1183 890 Goslariae
1206 871 1225 890 a
1249 861 1315 890 suis
1339 860 1549 902 popularibus
1578 862 1610 891 in
1640 861 1778 903 quadam

129 913 341 951 contentione,
371 923 454 954 quae
481 912 565 942 inter
592 912 681 954 ipsos
713 911 820 942 hostes
849 911 900 942 vel
931 910 1086 942 ecclesiae
1116 910 1166 941 vel
1198 912 1242 942 rei
1272 912 1422 953 publicae
1446 912 1531 943 facta
1554 919 1686 943 estnon
1710 915 1779 943 sine

81 977 107 996 15
127 964 338 1006 plurimorum
362 964 529 1005 sanguine,
553 964 585 994 in
602 963 717 994 diebus
734 962 857 994 scilicet
874 964 1034 1005 passionis
1051 962 1245 1002 dominicae,
1270 963 1398 1005 quando
1418 964 1532 995 iterum
1551 971 1663 994 contra
1679 964 1780 995 eccle-

127 1017 205 1047 siam
231 1015 280 1047 vel
303 1021 414 1046 contra
438 1026 503 1046 rem
529 1015 692 1057 publicam
717 1014 926 1046 celebrabant
948 1015 1173 1046 conventicula
1203 1027 1270 1054 sua,
1303 1026 1385 1057 quae
1417 1015 1520 1046 solent
1551 1017 1644 1047 etiam
1675 1016 1780 1046 adhuc

127 1079 184 1110 per
206 1067 350 1109 singulos
373 1067 439 1098 fere
463 1078 589 1098 menses
613 1067 729 1105 facere,
754 1077 824 1097 cum
851 1078 913 1097 non
934 1074 1081 1109 oporteat
1104 1067 1165 1097 nisi
1190 1066 1354 1109 publicum
1373 1067 1441 1097 fieri
1459 1067 1629 1098 concilium
1649 1073 1781 1109 propter

127 1120 280 1151 unitatem
305 1119 355 1150 vel
378 1118 532 1150 ecclesiae
556 1118 606 1149 vel
629 1119 673 1149 rei
698 1117 864 1160 publicae;
893 1119 1045 1161 quoniam
1076 1130 1167 1149 omne
1190 1130 1325 1160 regnum
1354 1120 1386 1149 in
1411 1130 1444 1149 se
1469 1120 1538 1160 ipso
1562 1120 1703 1150 divisum
1729 1119 1779 1150 de-

125 1171 296 1209 solabitur,
327 1171 410 1201 sicut
439 1171 472 1201 in
503 1169 673 1210 euangelio
703 1182 722 1200 a
753 1169 912 1201 salvatore
944 1175 1054 1200 nostro
1086 1170 1214 1200 dicitur.
1268 1170 1327 1201 Et¹
1354 1171 1468 1202 iterum
1495 1170 1534 1201 de
1560 1170 1697 1202 ecclesia
1721 1182 1779 1201 sua

79 1235 106 1254 ιο
125 1222 268 1265 loquitur
291 1228 322 1253 et
344 1221 384 1252 ad
409 1233 462 1252 eos
487 1222 540 1263 qui
565 1227 639 1252 sunt
662 1222 694 1252 in
719 1221 857 1252 ecclesia
880 1221 1032 1264 loquitur,
1057 1228 1101 1262 ut,
1126 1223 1152 1252 si
1176 1222 1238 1263 ipsi
1264 1222 1439 1252 concordes
1463 1222 1592 1261 fuerint,
1619 1223 1642 1251 si
1669 1233 1778 1252 secun-

126 1275 201 1306 dum
227 1274 312 1316 quod
336 1273 501 1304 mandavit
525 1279 555 1304 et
579 1274 688 1304 docuit
712 1275 775 1304 duo
799 1280 855 1304 aut
878 1280 943 1304 tres
961 1272 1083 1304 collecti
1102 1274 1297 1303 unanimiter
1313 1274 1484 1312 oraverint,
1509 1276 1682 1315 impetrare
1706 1284 1777 1315 pos-

127 1327 190 1358 sint
220 1326 258 1358 de
281 1326 344 1358 Dei
376 1326 544 1356 maiestate
575 1325 661 1367 quod
689 1325 863 1368 postulant,
895 1324 958 1355 duo
986 1330 1042 1356 aut
1072 1329 1136 1355 tres
1168 1324 1243 1355 lieet
1267 1325 1343 1356 sint:
1373 1324 1413 1356 Si
1435 1326 1570 1364 duobus,
1600 1325 1714 1367 inquit,
1738 1336 1778 1355 ew

126 1379 212 1410 vobis
235 1378 419 1410 convenerit
449 1378 485 1408 in
515 1383 604 1408 terra
635 1377 673 1408 de
704 1379 792 1408 omni
821 1389 866 1415 re,
896 1389 1121 1418 quamcunque
1144 1377 1315 1417 petieritis,
1339 1379 1503 1418 continyet
1529 1377 1616 1408 vobis
1641 1389 1659 1407 α
1684 1381 1778 1418 patre

125 1442 202 1470 meo,
226 1431 283 1472 qui
305 1431 342 1460 in
366 1429 464 1460 caelis
488 1434 541 1459 est.
599 1429 790 1471 Ubicunque
821 1430 903 1460 enim
925 1429 1062 1469 fuerint
1085 1428 1149 1459 cluo
1175 1434 1232 1459 aut
1256 1434 1319 1459 tres
1343 1428 1464 1459 collecti
1489 1429 1521 1458 in
1548 1430 1676 1460 nomine
1700 1440 1776 1468 νιιεο,

77 1493 105 1512 25
125 1493 182 1524 eqo
205 1493 278 1512 cum
301 1481 347 1511 eis
371 1492 451 1511 sum.
504 1480 590 1511 Ecce
621 1481 864 1511 unanimitatem
896 1480 985 1521 prius
1010 1480 1126 1521 posuit,
1157 1479 1362 1510 concordiam
1387 1480 1478 1521 pacis
1503 1486 1576 1511 ante
1600 1480 1778 1521 praemisit,

124 1539 158 1564 ut
181 1533 351 1564 conveniat
373 1532 477 1571 nobis,
505 1531 642 1562 fideliter
665 1537 696 1562 et
719 1532 853 1562 firmiter
877 1531 995 1562 docuit.
1049 1530 1144 1562 Unde
1173 1538 1205 1561 et
1228 1530 1413 1573 Cyprianus
1443 1532 1615 1573 episcopus
1640 1532 1671 1561 in
1695 1530 1776 1562 libro

125 1585 164 1616 de
195 1585 316 1616 unitate
345 1583 522 1614 catholicae
552 1582 750 1615 ecclesiae2:
782 1583 946 1619 Quomodo
977 1588 1094 1623 autem,
1124 1583 1239 1625 inquit,
1267 1588 1370 1625 potest
1401 1585 1431 1614 ei
1459 1595 1530 1614 cum
1560 1584 1672 1625 aliquo
1703 1594 1774 1614 con-

124 1638 244 1677 venire,
275 1637 330 1667 cui
358 1647 430 1667 cum
461 1647 596 1676 corpore
627 1637 732 1676 ipsius
764 1635 916 1666 ecclesiae
940 1640 1061 1666 etcum
1088 1637 1244 1666 universa
1265 1635 1484 1676 fraternitate
1514 1647 1579 1666 non
1605 1634 1776 1666 convenit?

127 1689 293 1726 Quomodo
313 1692 454 1729 possunt
478 1687 542 1718 duo
568 1692 625 1717 aut
648 1692 711 1717 tres
735 1688 771 1718 in
795 1688 924 1718 nomine
945 1686 1067 1718 Christi
1090 1686 1211 1728 colliqi,
1236 1698 1315 1728 quos
1340 1691 1459 1717 constet
1480 1699 1500 1717 a
1520 1686 1647 1718 Christo
1672 1687 1712 1716 ‘et
1736 1686 1774 1717 ab

77 1753 104 1772 so
124 1743 194 1772 eius
215 1740 387 1782 euanqelio
411 1738 588 1780 separari?
639 1738 715 1769 Zffon
740 1739 823 1769 enim
849 1750 906 1770 nos
931 1739 970 1769 ab
995 1738 1071 1779 illis,
1101 1739 1155 1769 secl
1185 1739 1236 1769 illi
1260 1750 1279 1769 a
1303 1738 1396 1768 nobis
1420 1743 1629 1777 recesserunt,
1653 1744 1680 1769 et
1703 1749 1775 1768 cum

125 1793 248 1824 hereses
271 1797 298 1823 et
321 1793 476 1822 scismata
500 1790 708 1832 postmodum
739 1795 820 1820 nata
844 1791 919 1829 sint,
949 1790 1025 1821 dum
1050 1790 1287 1829 conventicula,
1317 1790 1432 1831 inquit,
1462 1791 1524 1821 sibi
1547 1790 1678 1821 diversa
1702 1800 1775 1820 con-

123 1846 273 1885 stituunt,
304 1843 452 1874 veritalis
482 1847 581 1883 eaput
613 1847 708 1883 atque
739 1843 900 1883 origlz'nem
929 1841 1141 1883 reliquerunt.
1195 1842 1325 1883 Iyiturss
1356 1853 1426 1872 cum
1450 1841 1519 1872 Deo
1549 1853 1679 1872 manere
1708 1852 1774 1871 non

118 1901 267 1938 possunt,
291 1896 348 1936 qui
371 1906 438 1926 esse
462 1895 497 1925 in
522 1893 655 1925 ecclesia
679 1894 744 1925 Dei
767 1895 939 1924 unanimes
963 1893 1147 1926 noluerunt.
1192 1893 1342 1924 Ardeam
1371 1893 1443 1924 licet
1463 1893 1613 1934 flammis
1637 1897 1664 1921 et
1687 1892 1775 1933 iyni—

124 1948 182 1979 bus
203 1947 321 1978 traditi
343 1947 390 1977 vel
414 1946 527 1977 obiecti
542 1946 652 1977 bestiis
668 1947 798 1976 (mimas
814 1956 894 1976 suas
916 1950 1056 1985 ponant,
1081 1956 1145 1975 non
1163 1946 1224 1975 erit
1247 1944 1306 1975 rilla
1324 1944 1409 1984 fidei
1432 1955 1565 1984 corona,
1588 1944 1644 1974 sed
1663 1955 1774 1984 poena

76 2010 104 2030 ³5
119 1999 291 2040 perfidiae,
321 2009 379 2029 nec
408 1997 582 2039 religiosae
611 1999 741 2028 virtutis
765 1999 870 2028 eoeitus
893 1996 1067 2037 ¹qloriosus,
1098 1996 1154 2027 sed
1177 1996 1419 2037 desperationis
1444 1997 1605 2026 interitus.
1650 1995 1774 2034 Occidi,

124 2051 238 2093 inquit,
260 2050 338 2081 talis
356 2054 471 2090 potest,
495 2050 649 2080 coronari
669 2061 735 2080 non
752 2053 867 2090 potest.
905 2047 993 2089 Ergo
1011 2053 1083 2088 post
1097 2047 1253 2078 tredecim
1271 2048 1505 2088 expeditiones,
1530 2045 1647 2088 quibus
1666 2054 1774 2076 contra

123 2113 230 2144 regem
255 2101 459 2142 eundemque
475 2101 701 2142 imperatorem
721 2099 920 2130 Henrichum
945 2098 1149 2140 supradictus
1167 2098 1362 2129 militaverat
1378 2098 1572 2137 Burcardus,
1597 2109 1692 2139 quem
1717 2108 1774 2128 nos

124 2155 184 2196 ipsi
210 2164 338 2196 quoque
355 2152 494 2183 vidimus
511 2163 583 2183 cum
600 2151 653 2182 illo
670 2151 967 2192 Magadaburgensi
985 2150 1143 2192 Hartvigo
1167 2151 1198 2181 in
1224 2150 1349 2190 castris,
1374 2160 1456 2191 quae
1481 2155 1656 2191 posuerant
1674 2149 1774 2180 Saxo-

123 2217 179 2236 nes
209 2210 305 2247 atque
328 2204 487 2245 Thuringi
516 2203 556 2234 ad
585 2203 691 2234 locum
716 2201 952 2242 Herosfeldiae,
981 2203 1064 2232 sicut
1087 2213 1184 2244 supra
1207 2202 1270 2232 iam
1295 2201 1446 2241 diximus,
1471 2201 1601 2243 quando
1626 2212 1774 2243 perrexe-

76 2268 104 2286 ιο
124 2263 197 2288 runt
224 2257 256 2287 in
287 2255 473 2288 orientalem
499 2255 671 2286 Franciam
701 2254 741 2285 ad
771 2254 966 2296 patrandum
999 2253 1076 2284 illud
1106 2254 1191 2285 circa
1214 2253 1404 2293 U'irziburg
1433 2264 1570 2294 magnae
1599 2253 1771 2284 occisionis

123 2309 238 2349 scelus,
261 2314 335 2350 post
357 2309 444 2347 haec,
468 2308 612 2349 inquam,
637 2307 761 2337 occisus
785 2311 854 2337 est⁴
877 2307 908 2336 in
933 2305 1091 2337 seditione
1115 2305 1253 2347 quadam
1279 2304 1483 2347 popularium
1501 2311 1654 2336 suoruma
1671 2304 1772 2335 Nonis

233 2415 259 2445 a)
282 2422 388 2438 suarum
411 2414 438 2443 13
460 2412 573 2437 Schard.
594 2411 752 2437 emendavit.

231 2512 259 2548 1)
281 2513 328 2538 De
351 2512 416 2539 ecel.
442 2511 512 2537 unit.
536 2513 550 2543 ξ
577 2511 622 2543 12,
651 2510 722 2545 Opp.
744 2520 774 2544 p.
793 2510 864 2536 220.
908 2511 978 2536 Inde
1001 2510 1085 2536 eliam
1104 2509 1248 2535 Matthaei
1269 2509 1318 2543 qui
1339 2509 1463 2543 sequitur
1486 2509 1571 2541 locas,
1596 2518 1614 2534 a
1638 2509 1773 2542 l'zzlyatae

124 2564 214 2590 verbis
237 2564 314 2590 haud
331 2572 437 2598 parum
462 2563 636 2597 discrepans,
660 2563 820 2596 depromtus
845 2565 892 2588 est.
982 2562 1011 2595 2)
1034 2561 1108 2587 Ibicl.
1195 2561 1225 2594 3)
1248 2561 1322 2587 Ibid.
1347 2565 1360 2591 ς’
1388 2560 1434 2592 14,
1454 2570 1486 2594 p.
1505 2560 1573 2586 223.
1656 2559 1685 2593 4)
1710 2560 1772 2586 Hoc

77 2621 104 2641 ⁴5
123 2615 182 2641 loco
203 2624 257 2641 non.
281 2618 509 2641 commemoratur
531 2614 685 2648 Eqbertum
707 2614 780 2640 lianc
802 2613 961 2639 seditionem
988 2613 1110 2646 movisse,
1135 2621 1303 2646 quamquam
1321 2621 1344 2638 c.
1359 2612 1407 2644 35,
1427 2622 1454 2645 2¹·
1470 2612 1540 2638 261.
1557 2612 1679 2638 dicitur.-
1703 2610 1769 2644 quia

123 2669 191 2692 tunc
221 2666 332 2693 occisus
357 2669 400 2692 est
423 2665 473 2692 ille
496 2665 661 2691 Burcardus
686 2664 936 2691 Halberstatensis
967 2663 1121 2698 episcopus
1152 2673 1167 2689 a
1200 2663 1259 2689 suis
1288 2663 1490 2697 popularibus,
1520 2671 1577 2688 nou
1606 2662 1635 2687 id
1664 2665 1768 2695 agente

124 2717 299 2751 marchione,
323 2717 374 2743 scd
397 2719 494 2742 tamen
517 2716 571 2742 hoc
595 2716 703 2743 factum
727 2717 790 2750 ipso
816 2715 1014 2750 approbatum
1039 2715 1075 2748 tf.
1100 2717 1170 2741 Ann.
1195 2715 1266 2742 Sanc.
1288 2715 1307 2740 l.
1325 2715 1344 2740 l.
1363 2724 1395 2748 p.
1415 2714 1588 2745 72¹4—T26,
1615 2714 1656 2739 vel
1675 2713 1769 2746 potius

124 2768 270 2795 Hei-randi
292 2769 452 2794 Passionem
474 2768 620 2794 Bureardi
642 2768 671 2794 in
693 2768 894 2802 Winniysladii
919 2767 1018 2793 Chron.
1036 2766 1179 2793 Halhcrsc.
1203 2766 1294 2801 (Abel,
1320 2766 1494 2799 ‘Sammlzmy
1517 2765 1588 2790 alter
1607 2762 1770 2790 Chronilcen’

121 2827 150 2852 μ.
167 2819 355 2853 289—294),
380 2829 451 2853 quae
473 2820 501 2845 in
526 2819 599 2846 Ann.
624 2820 694 2848 Sax.
717 2820 857 2846 translata
883 2822 930 2845 est.

197 2875 293 2899 Libelli
314 2875 346 2899 de
366 2875 421 2899 lite.
451 2875 486 2899 II.
1501 2871 1534 2893 33

1804 461 1858 479 Mai.
1869 461 1934 484 212.

1802 513 1851 532 Iob.
1864 513 1943 537 15,13.

1862 594 1890 612 cf.

1804 623 1944 647 1.Petr.2,25.

1804 667 1868 686 1059.

1803 871 1866 890 1058.

1799 1129 1854 1148 Luc.
1866 1131 1900 1153 11,
1910 1130 1943 1149 17.

1797 1363 1828 1381 cf.
1839 1363 1920 1382 Matzh.

1800 1393 1834 1415 18,
1846 1394 1878 1412 19.
1888 1393 1924 1412 20.

1795 1694 1829 1720 ⁸p.
1840 1697 1887 1716 110.
