2132 3067
598 142 716 169 LIBER
739 143 790 169 DE
813 142 970 170 HONORE
994 142 1211 171 ECCLESIAE.
1671 141 1729 171 57?

83 235 253 274 praecepta
275 229 425 262 audireta
453 235 484 261 et
508 230 636 262 Deumb
660 230 876 262 invisibilibus
900 231 1051 263 misteriis
1076 231 1204 272 coleret,
1236 231 1291 264 ubi
1315 233 1421 264 Deum
1446 234 1564 274 iugiter
1587 233 1731 266 laudare-

82 294 163 321 muS‚
194 282 249 313 ubi
273 283 342 314 eius
367 293 485 324 corpus
509 287 540 313 et
563 283 694 323 sanguis
719 293 775 324 per
799 283 1013 313 ministerium
1037 284 1239 315 sacerdotum
1270 284 1424 316 ineffabili
1449 285 1588 326 Spiritus
1616 287 1731 318 sancti-

81 334 229 365 ficatione
259 333 413 365 cottidiec
437 339 626 374 sumeretur,
657 334 711 365 ubi
735 344 860 365 sacrum
885 333 1025 365 chrisma
1049 335 1271 376 conficeretur,
1301 336 1355 367 ubi
1385 347 1442 377 per
1465 336 1673 378 adoptionem
1699 339 1730 368 in

83 386 242 428 baptismo
259 385 322 416 Dei
345 384 402 416 filii
424 385 634 416 efficeremur.
680 385 744 424 Qui
767 385 858 416 locus
881 386 977 416 etiam
1001 385 1156 418 aecclesia
1178 388 1358 429 nuncupari
1384 388 1548 419 institutus
1573 394 1631 428 cst,
1656 389 1729 420 ideo

49 451 62 471 5
82 436 242 476 videlicet,
272 438 348 479 quia
378 436 503 468 fidelem
532 436 687 478 populum
718 437 763 468 ibi
793 437 824 467 in
849 437 969 468 honore
992 436 1056 468 Dei
1087 439 1277 480 congregari
1310 440 1492 470 sancitumd
1516 446 1594 473 est¹.
1641 441 1729 472 Atte-

81 494 182 520 statur
211 487 286 520 huic
315 489 363 520 rei
391 488 597 520 beatissimus
635 494 666 519 et
694 487 877 530 praeclarus
911 488 1024 520 doctor
1051 489 1246 521 Ambrosius
1270 490 1519 523 Mediolanensis
1552 492 1729 524 aecclesiae

81 539 353 582 archiepiscopus,
377 540 409 570 in
425 550 524 582 ymno
536 539 557 579 s,
581 550 675 581 quem
700 540 732 570 in
750 539 953 571 dedicatione
969 539 1146 572 aecclesiae
1171 541 1257 581 fecit,
1283 542 1406 574 taliter&
1422 543 1564 574 Domino
1581 543 1692 575 dicens
1704 550 1728 575 ²:

503 592 590 622 Haec
615 592 728 622 (lomus
751 592 811 622 rite
835 592 893 623 tibi
916 592 1068 623 dedicata

500 642 668 683 Noscitur,
692 643 726 673 in
749 654 816 684 qua
840 643 984 684 populus
1007 649 1172 675 sacratum

34 706 59 726 10
500 694 627 736 Corpus
651 695 798 734 asswnz‘t,
822 695 900 725 bibit
923 699 951 725 et
974 695 1121 727 heatumh

588 746 778 787 Sanquinis
801 747 963 777 haustum.

501 797 567 828 Hic
591 798 796 829 sacrosancti
818 797 931 829 latices
954 803 1100 829 veternas

502 849 647 880 Diluunt
670 848 783 890 culpas
803 850 1030 892 perimuntque
1055 861 1172 890 noscas,

502 900 682 932 Chrismate
705 912 779 932 vero
802 902 919 943 genusi
945 907 979 932 ut
1004 907 1128 932 creetur

37 964 61 983 ιε,
589 952 872 984 Christicolarum.

501 1003 565 1035 Hic
588 1004 677 1035 locus
701 1015 814 1046 nempe
837 1006 998 1036 vocitatur
1021 1005 1099 1035 aula

500 1055 600 1097 Reyis
623 1056 798 1095 inmensik,
822 1057 984 1098 niveaque
1007 1056 1092 1087 caeli

499 1107 610 1145 Porta,
635 1119 717 1150 quae
741 1108 843 1139 vitae¹
868 1108 1016 1149 patriam
1035 1112 1179 1149 petentes

582 1159 715 1200 Accipit
739 1170 855 1190 omnes.

29 1221 56 1240 20
77 1208 172 1241 Unde
201 1209 320 1241 factum
353 1215 411 1250 est,
442 1215 476 1241 ut
507 1209 600 1241 multi
627 1210 771 1241 fidelium
801 1222 834 1242 se
864 1221 1004 1253 suasque
1035 1221 1085 1241 res
1110 1211 1182 1242 Deo
1213 1210 1340 1242 tradere
1370 1211 1511 1243 volentes
1541 1211 1728 1251 aecclesiae,

75 1261 228 1293 videlicet
257 1272 396 1304 sponsae
419 1261 550 1302 Christi,
580 1261 641 1294 hoc
663 1263 733 1294 vice
755 1262 819 1294 Dei
850 1273 923 1293 curn
954 1273 1073 1304 magna
1103 1262 1209 1293 cordis
1238 1261 1419 1294 humilitate
1450 1263 1618 1295 donarent.
1663 1263 1728 1294 Alii

75 1313 171 1344 etiam
194 1313 227 1344 in
251 1313 320 1345 iure
343 1313 476 1355 proprio
498 1313 673 1346 aecclesias
700 1319 731 1346 et
753 1315 949 1345 monasteria
972 1314 1137 1351 facientes,
1162 1315 1262 1346 servis
1287 1314 1349 1346 Dei
1373 1315 1446 1346 ibim
1469 1315 1541 1346 Deo
1565 1315 1728 1346 servienti-

76 1363 135 1395 bus
159 1365 267 1396 omnia
290 1375 348 1396 sua
370 1364 512 1397 fideliter
534 1365 767 1405 tradiderunt¹¹‚
790 1366 836 1397 ita
859 1377 893 1397 se
918 1367 1076 1398 veraciter
1098 1365 1232 1408 implere
1256 1366 1433 1406 credentes,
1457 1366 1541 1408 quod
1566 1367 1727 1397 Dominus

73 1417 132 1447 ait:
163 1416 266 1448 Vende
290 1418 400 1449 omnia
425 1429 508 1459 quae
532 1418 640 1458 habes,
667 1422 695 1449 et
719 1418 763 1449 da
783 1418 1002 1459 Pauperibus,
1032 1423 1060 1448 et
1083 1419 1167 1457 veui,
1191 1429 1320 1460 sequere
1344 1429 1401 1449 me.
1448 1417 1508 1449 Cui
1540 1419 1585 1449 rei
1617 1428 1726 1449 omnes

29 1477 55 1496 2⁵
74 1469 212 1510 piissimi
236 1469 459 1510 imperatores,
491 1469 722 1501 Constantinus
745 1468 897 1500 videlicet
920 1470 1044 1511 primus
1068 1470 1288 1500 Romanorum
1321 1470 1574 1512 imperatorum⁰
1598 1468 1727 1500 Christo

75 1520 217 1560 credens,
247 1519 451 1552 Theodosius
480 1522 577 1553 etiam
607 1525 638 1552 et
666 1520 884 1552 IustinianusP
914 1531 987 1551 cum
1022 1520 1131 1552 multis
1164 1520 1235 1552 aliis
1264 1520 1446 1552 christianis
1476 1520 1727 1563 imperatoribus

75 1570 174 1603 robur
204 1576 236 1603 et
265 1571 450 1603 firmitatem
482 1572 680 1614 imperialem
713 1572 924 1611 conferentes,
956 1572 1085 1604 firmare
1116 1578 1147 1604 et
1179 1572 1324 1604 stabilire
1355 1572 1396 1604 ad
1425 1572 1580 1604 honorem
1609 1571 1729 1603 Christi

75 1629 236 1655 curarunt.

527 1685 600 1716 VII.
636 1685 694 1717 De
723 1685 997 1727 possessione
1027 1685 1275 1720 aecclesiae.

29 1759 56 1778 ³0
180 1745 275 1785 Quod
300 1745 398 1777 semel
421 1745 597 1777 aecclesiae
621 1746 732 1777 datum
756 1751 804 1777 est
826 1746 859 1776 in
883 1750 1076 1787 perpetuum
1094 1745 1215 1778 Christi
1239 1753 1297 1788 est,
1321 1758 1380 1778 nec
1404 1746 1513 1789 aliquo
1534 1745 1629 1776 modo
1653 1744 1726 1776 alie-

76 1797 144 1828 nari
167 1808 186 1828 a
209 1797 414 1839 possessione
429 1797 607 1830 aecclesiae
624 1802 732 1840 potest
754 1798 786 1828 in
810 1802 945 1838 tantum,
969 1803 1003 1830 ut
1026 1799 1121 1829 etiam
1146 1798 1231 1829 idem
1257 1799 1326 1840 ipse
1350 1798 1525 1829 fabricator
1541 1796 1726 1837 aecclesiae,

77 1855 246 1891 postquam
282 1860 351 1880 eam
381 1849 453 1881 Deo
483 1850 607 1881 voverit
636 1856 666 1881 et
699 1850 881 1881 consecrari
908 1849 1033 1891 fecerit,
1063 1851 1094 1880 in
1123 1861 1161 1881 ea
1192 1849 1345 1891 deinceps
1377 1848 1499 1880 nullum
1527 1849 1577 1879 ius
1607 1848 1725 1880 habere

75 1901 188 1942 possit.
232 1900 304 1932 Non
329 1902 414 1932 enim
439 1912 498 1943 per
527 1912 599 1932 eum
624 1901 777 1942 ordinari,
806 1911 868 1932 non
892 1901 1037 1932 investiri
1068 1900 1201 1932 ulterius
1224 1905 1342 1943 potest.
1387 1900 1539 1932 Testatur
1562 1899 1641 1931 haec
1663 1910 1725 1930 non

75 1951 178 1983 solum
203 1953 290 1992 novi,
318 1952 374 1983 sed
399 1953 494 1984 etiam
519 1953 636 1984 veteris
659 1953 863 1984 instrumenti
894 1953 1134 1984 sacratissima‘l
1158 1953 1327 1994 scriptura.
1373 1953 1463 1992 Quae
1487 1952 1586 1993 igitur
1608 1950 1727 1982 aeccle-

29 2015 56 2035 35
76 2004 142 2035 siae
164 2003 292 2043 dantur,
316 2004 400 2046 ideo,
425 2009 460 2035 ut
483 2004 631 2036 omnibus
655 2009 766 2035 notum
790 2009 847 2044 est,
871 2004 900 2036 ei
917 2004 1087 2045 donantur⁷
1111 2009 1147 2036 ut
1170 2015 1329 2046 pauperes
1347 2003 1467 2036 Christi
1490 2003 1565 2034 inde
1589 2002 1726 2043 alantur,

75 2060 176 2097 utque
199 2057 378 2088 servientes
403 2056 474 2087 Deo
498 2056 530 2086 in
554 2056 695 2087 sacrario
718 2055 859 2088 habeant
882 2056 967 2087 unde
991 2061 1173 2098 pascantur,
1204 2062 1239 2088 ut
1262 2055 1436 2087 videlicetr
1461 2055 1725 2097 contemplationi

75 2106 205 2138 divinae
236 2112 268 2138 et
295 2108 365 2139 eius
388 2107 537 2139 assiduae
565 2107 741 2139 laudationi
773 2108 840 2139 sine
871 2107 971 2139 seculi
1000 2107 1095 2139 huius
1118 2107 1334 2139 sollicitudine
1358 2107 1569 2139 devotissime
1599 2118 1726 2148 semper

75 2159 199 2200 intenti,
235 2159 391 2191 adherere
422 2159 494 2191 Deo
532 2159 651 2201 iugiter
681 2160 814 2200 possint.
871 2159 937 2191 Illis
967 2164 1127 2201 namque³
1164 2160 1218 2201 qui
1255 2159 1429 2191 aecclesiae
1467 2170 1544 2190 suae
1576 2164 1725 2200 sumptus

76 2210 242 2252 praebent,
266 2211 297 2242 id
322 2216 370 2242 est
393 2212 513 2242 sanctis
535 2211 733 2253 pauperibus
756 2211 787 2242 in
814 2212 873 2243 hoc
897 2211 1005 2243 seculo
1026 2211 1219 2251 ministrant,
1243 2211 1404 2242 Dominus
1426 2211 1486 2242 ait:
1511 2211 1621 2242 Facite
1639 2211 1725 2242 vobis

28 2273 57 2291 40
78 2264 200 2294 amicos
217 2263 255 2294 de
270 2269 445 2294 ‘trzcc‘mouetu
470 2264 668 2304 iniquitatis,
687 2268 732 2303 ut,
748 2275 820 2294 cum
836 2264 1029 2304 defeceritiS,
1046 2263 1211 2304 recipiant
1228 2274 1283 2294 vos
1300 2264 1334 2294 ίη
1352 2267 1483 2294 aeterna
1500 2261 1724 2293 tabernacula.

83 2314 316 2346 Thesaurizate
338 2315 428 2346 vobis
451 2315 643 2346 thesaurosv
671 2316 705 2346 in
732 2315 830 2354 caelo,
859 2315 915 2346 ubi
937 2327 994 2346 nec
1017 2326 1117 2356 eru-qo
1141 2327 1198 2346 nec
1222 2315 1312 2346 tinea
1335 2314 1514 2345 demolitur.
1560 2314 1724 2353 Quantum

77 2370 184 2397 autem
208 2365 357 2397 malumw
381 2366 432 2405 sit,
463 2366 548 2407 quod
573 2367 672 2398 semel
698 2367 768 2398 Deo
792 2366 896 2406 datur,
929 2367 1042 2397 iterum
1067 2366 1173 2408 aliquo
1206 2366 1335 2408 ingenio
1364 2365 1446 2397 velle
1473 2365 1608 2406 auferre,
1640 2365 1724 2396 idem

77 2417 146 2459 ipse
169 2417 368 2449 demonstrat
390 2418 516 2449 dicens:
543 2418 645 2450 Nemo
669 2420 798 2450 mittens
820 2429 955 2449 uicinum
978 2429 1072 2449 suam
1096 2420 1131 2449 in
1157 2423 1303 2449 aratrum
1314 2424 1338 2458 ¹,
1362 2423 1390 2448 et
1412 2418 1615 2459 respiciensr
1640 2422 1724 2448 retro

187 2498 215 2531 a)
236 2499 328 2524 audire
342 2499 368 2524 B
381 2501 403 2525 1.
461 2500 489 2527 b)
511 2498 557 2524 dffi
578 2500 602 2524 Β
617 2502 638 2525 1.
697 2501 721 2530 e)
745 2500 841 2525 cotidie
856 2499 881 2524 Β
893 2501 917 2524 ’2.
976 2500 1005 2527 d)
1026 2501 1169 2524 sanctitum
1185 2499 1210 2523 B
1226 2501 1246 2524 l.
1305 2503 1328 2530 c)
1353 2499 1424 2524 deest
1445 2499 1470 2523 Β
1482 2496 1522 2523 2¹³.
1582 2499 1603 2529 f.)
1625 2498 1722 2530 hymno

31 2549 58 2568 45
79 2544 139 2569 ΒΞ.
224 2544 255 2577 g)
276 2546 383 2570 concini
403 2546 495 2570 dicens
516 2546 540 2570 B
553 2548 574 2571 l.
664 2545 691 2577 h)
711 2547 782 2570 beati
803 2546 891 2570 Ambr.
981 2546 1002 2577 i)
1023 2549 1051 2570 ut
1071 2549 1174 2570 creetur
1193 2553 1277 2578 genus
1298 2542 1375 2570 132¹».
1462 2545 1492 2575 k)
1512 2546 1615 2570 aeterni
1634 2544 1724 2569 Ambr.

77 2589 100 2621 l)
119 2594 228 2616 sanctos
241 2590 331 2616 Ambr.
390 2594 427 2622 m)
443 2592 502 2616 Deo
516 2593 552 2617 ibi
566 2591 592 2616 B
603 2589 644 2616 2¹³.
698 2594 725 2623 n)
742 2593 878 2617 traderent
892 2592 949 2617 131.
1006 2597 1033 2619 o)
1051 2593 1195 2624 imperator
1209 2592 1234 2616 B
1246 2592 1270 2616 2.
1323 2593 1350 2623 p)
1368 2600 1435 2616 corr.
1450 2599 1482 2616 ea:
1497 2592 1633 2616 Iustianus
1648 2591 1672 2615 Β
1684 2591 1722 2614 ⁴2³.

77 2635 121 2668 ρ’)
134 2636 212 2662 Ratio
227 2637 303 2662 codd.
355 2636 382 2669 q)
398 2638 542 2662 Testantur
553 2658 558 2663 .
572 2658 576 2663 .
589 2657 594 2663 .
605 2639 801 2662 sacratissimae
817 2639 961 2671 scripturae
980 2635 1051 2662 Bab.
1101 2638 1125 2667 r)
1140 2638 1242 2662 scilicet
1256 2637 1313 2662 ΒΞ.
1366 2637 1390 2663 s}
1405 2639 1495 2670 utique
1510 2637 1535 2662 B
1546 2639 1569 2663 2.
1619 2640 1639 2667 t)
1655 2637 1725 2661 dces!

78 2681 139 2708 Bl.
160 2683 200 2707 2⁸.
266 2683 296 2713 u)
317 2691 469 2708 mammona
490 2684 550 2708 ΒΞ.
609 2682 637 2717 v)
658 2685 743 2709 tliaes.
765 2684 840 2709 132³.
907 2684 943 2715 w)
964 2684 1025 2709 mali
1047 2683 1107 2708 BQ.
1175 2684 1203 2712 x)
1224 2688 1311 2708 aran-0
1332 2683 1393 2708 131.
1460 2689 1488 2715 y)
1510 2684 1642 2715 aspiciens
1664 2682 1724 2707 BQ.

186 2754 214 2789 1)
238 2754 283 2787 Cf.
308 2762 396 2788 supra
426 2763 448 2782 c.
474 2755 502 2782 2.
589 2755 618 2789 2)
642 2755 769 2789 Hymnus
794 2754 951 2780 LXXVII.
984 2754 1028 2780 De
1051 2755 1227 2781 dedicatione
1250 2754 1382 2780 ecclesiae
1411 2763 1457 2788 ap.
1482 2754 1590 2788 Miqne,
1616 2753 1722 2779 Palrol.

25 2808 53 2828 50
77 2804 127 2832 lat.
144 2805 244 2837 XVII,
268 2805 320 2832 col.
341 2805 430 2832 1257.
464 2805 496 2833 S.

151 2860 249 2884 Libelli
269 2860 302 2884 de
323 2860 376 2885 lite.
408 2860 441 2884 11.
1458 2860 1489 2883 73

1750 487 1788 510 Ex
1808 486 1884 509 dictis
1898 487 1982 509 sancti
1991 489 2001 502 θ

1807 523 1946 546 Ambrosii.

1748 1430 1820 1448 Manh
1840 1430 1872 1452 19,
1884 1432 1908 1449 2³1

1746 1755 1784 1778 Ex
1807 1756 1908 1779 ratione
1917 1756 1951 1779 ν’,

1744 2200 1920 2231 Euangelium
1929 2200 1944 2223 ¹.

1745 2236 1798 2255 Lucv
1813 2238 1844 2261 16,
1854 2237 1872 2255 9Δ

1745 2326 1822 2345 Manu,
1834 2328 1853 2347 ιῐ,
1865 2327 1890 2345 20

1746 2430 1792 2448 Luc
1812 2429 1831 2449 9.
1842 2430 1876 2448 62.
