2132 3067
533 157 584 183 DE
606 156 777 183 UNITATE
800 157 1006 184 ECCLESIAE
1031 158 1324 186 CONSERVANDA.
1692 157 1751 188 ‘211

110 253 185 278 rata
210 248 336 277 ratione
360 247 522 276 civitatem
545 257 703 276 consensu
727 245 1019 277 dissimillimorum
1046 248 1160 278 dicunt
1184 250 1371 287 conavere,-
1395 254 1423 279 et
1439 261 1521 291 quae
1539 250 1713 280 harmonia
1733 262 1751 279 a

109 299 241 330 musicis
264 298 386 328 dicitur
410 298 444 328 in
469 301 580 337 cantu,
608 309 677 328 earn
702 308 768 328 esse
791 299 825 328 in
851 299 981 328 civitate
1005 300 1225 340 concordiam,
1255 301 1454 331 artissimum
1478 306 1573 342 atque
1597 302 1751 343 optimum

110 351 195 382 omni
217 350 251 380 in
276 360 310 379 re
329 348 466 390 publica
492 348 658 379 vinculum
682 348 928 389 incolumitatis,
952 361 1083 392 eamque
1098 353 1168 381 sine
1186 352 1313 382 iustitia
1339 352 1425 383 nullo
1447 357 1544 393 pacto
1562 364 1627 383 esse
1649 364 1751 393 posse.

110 400 265 444 Populum
292 405 397 431 autem
421 411 487 430 non
513 411 635 431 omnem
658 405 778 430 coetum
797 399 1030 441 multitudinis,
1052 402 1109 432 secl
1132 407 1252 433 coetum
1276 404 1360 434 iuris
1383 415 1539 434 consensu
1556 409 1583 434 et
1601 404 1753 434 utilitatis

77 464 90 483 5
109 453 328 485 communione
350 453 508 482 sociatum
532 463 597 482 esse
620 452 849 491 determinant,
878 456 906 482 et
929 453 1054 492 dicunt,
1082 458 1158 484 tunc
1182 465 1249 484 esse
1274 466 1335 484 reni
1358 454 1536 495 publicam,
1563 455 1596 485 id
1619 460 1663 486 est
1688 467 1751 486 rem

105 504 234 546 populi,
257 515 329 534 cum
353 503 428 534 bene
452 515 490 534 (ιο
515 504 597 534 iuste
620 504 758 544 aeritur,
781 504 848 534 sive
865 503 905 533 ab
922 515 986 535 uno
1005 516 1088 546 rege,
1111 506 1176 536 sive
1201 517 1220 535 a
1242 506 1362 546 paucis
1381 506 1598 547 optimatibus,
1622 507 1688 536 sive
1713 507 1752 537 ab

109 557 258 587 universo
279 555 413 596 populo.
462 553 538 586 Cum
564 566 636 586 ¹vero
661 555 806 585 iniustus
829 560 873 585 est
895 567 963 595 γεω,
993 568 1083 597 quem
1107 561 1285 598 tyrannum
1310 568 1394 587 more
1419 557 1544 588 Graeco
1574 558 1752 599 appellant,

109 612 164 638 aut
186 608 304 639 iniusti
328 608 508 647 optimates,
532 618 665 648 quorum
689 617 877 637 consensum
897 607 1012 637 dicunt
1028 619 1093 638 esse
1107 607 1301 648 factionem,
1325 614 1382 638 aut
1400 610 1541 639 iniustus
1559 611 1626 650 ipse
1647 620 1750 650 popu-

107 659 168 700 lus,
197 660 251 690 cui
277 669 390 690 nomen
421 659 577 688 usitatum
602 669 667 688 non
691 659 871 698 reperiunt,
901 659 969 688 nisi
991 659 1089 688 etiam
1112 660 1219 700 ipsum
1243 665 1420 701 tyrannum
1448 666 1566 700 vocent,
1596 672 1658 691 non
1687 662 1749 691 iam

65 721 90 740 ιο
109 711 222 743 dicunt
244 711 403 750 vitiosam,
433 711 517 740 sicut
542 711 642 750 prius
665 709 781 750 fuerm
811 709 1029 750 disputatum,
1061 710 1116 741 secl
1139 711 1223 741 sicut
1246 712 1331 741 ratio
1355 722 1394 741 eae
1419 711 1483 742 illis
1507 712 1751 751 definitionibus

109 773 255 794 conneoea
283 762 446 793 docuisset
478 762 609 792 omnino
639 760 763 792 nullam
793 772 858 792 esse
884 774 945 791 rem
974 762 1151 802 publicam,
1180 763 1333 804 quoniam
1364 774 1426 792 non
1451 768 1528 794 esset
1553 775 1601 794 res
1623 763 1751 804 populi,

108 825 178 845 cum
201 819 365 856 tyrannus
388 824 458 844 eam
481 813 634 854 factione
656 817 845 853 capesseret,
879 824 933 843 nec
966 814 1033 853 ipse
1057 813 1205 854 populus
1238 815 1302 844 iam
1329 814 1473 856 populns
1501 821 1589 855 esset,
1619 817 1647 845 si
1676 821 1752 846 esset

106 866 261 905 iniustus,
285 865 441 907 quoniam
465 875 530 896 non
554 869 633 895 esset
655 864 827 894 multitudo
853 865 937 895 iuris
961 876 1121 895 consensu
1144 870 1170 895 et
1195 865 1348 896 utilitatis
1373 868 1591 897 conmunione
1615 868 1752 906 sociata,

107 918 188 949 sicut
207 916 353 958 populus
372 917 492 956 fuerat
516 916 680 956 definitus.
727 915 829 956 Igitur
852 915 934 946 duae
958 916 1103 947 civitates
1127 916 1159 946 in
1182 927 1271 946 saera
1296 917 1455 958 scriptura
1478 918 1752 955 commendantur,

63 979 89 998 1⁵
107 979 169 999 una
194 968 264 1008 Dei,
295 967 394 999 altera
418 966 555 1007 diaboli3
586 967 638 998 illa
662 978 720 1008 per
744 967 946 998 Hierusalem
971 967 1182 1009 significatur,
1212 968 1403 1010 metropolin
1434 968 1544 1010 populi
1572 969 1643 1009 Dei,
1676 970 1752 1000 llaec

106 1031 163 1062 per
185 1019 397 1061 Babylonem,
420 1018 614 1061 metropolin
638 1019 781 1060 gentium
808 1019 917 1061 populi
942 1020 1005 1050 Dei
1027 1030 1155 1061 semper
1177 1019 1416 1059 adversariam
1444 1025 1540 1061 atque
1565 1021 1646 1059 ideo,
1677 1032 1752 1062 quo-

106 1073 190 1103 niam
218 1071 419 1103 Hierusalem
443 1071 526 1101 visio
550 1071 640 1112 pacis
669 1071 929 1112 inte1·pretatur¹‚
960 1082 1024 1112 pax
1049 1082 1106 1112 per
1129 1072 1213 1102 cives
1236 1076 1333 1113 atque
1357 1072 1551 1102 domesticos
1576 1073 1752 1114 Babylonis

107 1123 320 1162 confunditur,
345 1123 496 1164 quoniam
516 1122 663 1164 Babylon
681 1122 825 1154 confusio
843 1123 1072 1164 interpretatur
1081 1128 1102 1154 ².
1140 1123 1267 1163 Pacem,
1291 1123 1395 1165 inquit
1410 1123 1581 1161 Dominus,
1604 1125 1752 1167 relinquo

107 1176 203 1216 vobis,
220 1186 338 1217 pacem
360 1186 463 1205 meam
488 1174 529 1205 do
555 1175 662 1214 vobis;
695 1174 790 1214 unde,
815 1175 840 1205 si
865 1174 993 1216 quando
1019 1173 1073 1204 filii
1097 1173 1252 1204 ecclesiae
1276 1181 1435 1216 eoguntur
1457 1174 1658 1216 belligerare,
1688 1187 1750 1206 non

61 1238 88 1257 κο
107 1227 166 1258 hoc
188 1232 288 1269 agunt
311 1237 351 1257 ex
376 1226 524 1257 doctrina
541 1225 662 1257 Christi
679 1232 709 1257 et
726 1227 898 1257 traditione
915 1226 1080 1265 eeclesiae,
1106 1226 1159 1256 sed
1178 1237 1218 1257 ex
1235 1227 1426 1257 necessitate
1451 1232 1480 1256 et
1505 1228 1655 1268 contagio
1676 1238 1751 1269 quo-

107 1279 178 1311 dam
203 1277 379 1320 Babylonis
409 1278 548 1309 civitatis
579 1282 736 1318 terrenae,
766 1277 852 1319 apud
886 1289 980 1320 quam
1014 1284 1157 1319 tempore
1182 1277 1383 1308 mortalitatis
1407 1289 1482 1309 suae
1505 1279 1752 1319 peregrinantur

105 1330 160 1363 filii
186 1329 440 1371 Hierosolymae.
487 1329 572 1360 Hine
597 1330 711 1360 iterum
738 1330 941 1371 Augustinus
965 1331 997 1361 in
1021 1330 1206 1371 supradicto
1230 1329 1312 1360 libro
1336 1330 1374 1360 de
1399 1330 1529 1360 civitate
1554 1330 1632 1360 Dei:
1660 1330 1750 1362 Chri-

107 1383 244 1422 stianae,
267 1382 403 1424 inquit³‚
427 1382 599 1423 religionis
619 1386 798 1423 praecepta
823 1382 860 1412 de
887 1383 980 1413 iustis
998 1382 1176 1424 probisque
1200 1382 1340 1413 moribus
1357 1383 1387 1412 si
1404 1382 1501 1413 simul
1523 1382 1678 1412 audirent
1702 1387 1748 1412 at-

107 1446 165 1478 que
188 1438 340 1465 curarent
363 1444 453 1475 reyes
477 1438 582 1464 terrae
605 1438 633 1463 et
657 1444 764 1464 omnes
783 1432 904 1474 populi
923 1435 1096 1475 principes
1121 1438 1147 1464 et
1172 1445 1276 1464 omnes
1295 1434 1418 1464 iudices
1435 1439 1550 1470 terrae,
1575 1434 1706 1464 iuvenes
1724 1439 1750 1464 et

61 1497 88 1516 25
109 1487 260 1530 virgines,
290 1496 380 1516 senes
411 1497 482 1516 cuni
509 1485 710 1524 iunioribus,
743 1490 833 1516 aetas
859 1486 963 1516 omnis
987 1496 1097 1526 capasc
1120 1491 1148 1516 et
1172 1490 1301 1527 uterque
1324 1496 1420 1515 sescus
1445 1490 1482 1525 et,
1507 1496 1586 1526 quos
1609 1486 1749 1527 baptista

107 1538 271 1569 Iohannes
292 1536 482 1579 alloquitur,
505 1541 672 1567 exactores
691 1537 758 1577 ipsi
782 1542 878 1578 atque
901 1536 1029 1577 milites,
1053 1542 1130 1568 tunc
1146 1542 1173 1568 et
1189 1542 1293 1567 terras
1312 1538 1394 1567 vitae
1415 1538 1601 1577 praesentis
1618 1541 1751 1567 ornaret

107 1600 168 1620 sua
181 1589 344 1630 felicitate
366 1600 418 1619 res
437 1588 574 1629 publica
598 1593 625 1619 et
648 1590 732 1619 vitae
757 1593 908 1619 aeternae
932 1589 1057 1620 culmen
1081 1589 1284 1619 beatissimae
1308 1593 1492 1630 reynatura
1516 1588 1750 1619 conscenderet.

1775 1135 1906 1155 [nul-221.

1773 1477 1800 1494 l'x
1822 1477 1869 1496 148-

1784 1508 1805 1524 11
1829 1508 1861 1525 12.

107 1640 171 1672 Sed
193 1641 272 1682 quia
294 1641 353 1672 iste
378 1640 483 1680 audit,
506 1639 559 1671 ille
583 1641 765 1680 contemnit,
786 1640 962 1682 pluresque
986 1641 1076 1670 vitiis
1099 1641 1181 1671 male
1200 1640 1443 1671 blandientibus
1460 1640 1570 1681 ‘quam
1589 1640 1665 1670 utili
1688 1642 1751 1670 vir·
1772 1646 1797 1663 ⁸¹
1834 1649 1840 1659 ’

107 1696 208 1723 tutum
225 1692 400 1733 asperitati
416 1696 493 1722 sunt
509 1693 692 1731 amiciores,
715 1692 862 1730 tolerare,
887 1692 1000 1733 inquit,
1028 1691 1149 1723 Christi
1162 1691 1291 1731 famuli
1308 1692 1468 1731 iubentur,
1487 1692 1553 1722 sive
1569 1693 1633 1722 sint
1650 1702 1750 1732 reyes,

61 1754 88 1774 ου
106 1745 172 1775 sive
190 1745 370 1785 principes,
399 1744 465 1774 sive
490 1743 624 1782 iudices,
653 1744 719 1774 sive
742 1743 870 1782 milites,
899 1745 966 1773 sive
987 1744 1221 1783 provinciales,
1249 1744 1315 1774 sive
1339 1743 1464 1781 divites,
1488 1745 1554 1773 sive
1574 1754 1750 1784 pauperes,

106 1796 172 1827 sive
194 1794 298 1836 liberi,
321 1796 387 1826 sive
410 1796 506 1833 servi,
530 1795 734 1826 utriuslibeta
758 1806 866 1835 semus,
890 1795 984 1825 etiam
1006 1796 1193 1836 pessimam,
1217 1796 1246 1826 si
1271 1796 1316 1825 ita
1340 1805 1466 1825 necesse
1483 1799 1537 1834 est,
1550 1795 1748 1835 fla-qitiosis-

106 1849 281 1891 simamque
302 1858 368 1879 rem
386 1846 565 1888 publicam,
589 1852 616 1878 et
639 1849 675 1878 in
702 1847 759 1878 illa,
783 1846 972 1888 anqelorum
998 1847 1141 1888 quadam
1165 1847 1373 1877 sanctissima
1397 1851 1491 1887 utque
1513 1847 1749 1887 anyustissima

107 1900 201 1930 curia
228 1899 418 1940 caelestique
447 1909 479 1928 re
504 1898 651 1939 publica,
683 1899 739 1930 ubi
764 1899 827 1929 Dei
853 1898 1003 1929 voluntas
1032 1898 1084 1929 lez·
1115 1903 1169 1938 est,
1198 1898 1415 1928 clarissimum
1440 1897 1504 1927 sibi
1526 1897 1627 1928 locum
1653 1898 1748 1927 etiam

106 1951 167 1982 ista
191 1951 366 1982 tolerantia
390 1962 590 1992 comparare.
637 1949 733 1989 Quod
758 1951 826 1992 ipse
850 1955 1014 1992 praestare
1038 1949 1188 1990 dignetur
1211 1950 1265 1991 qui
1289 1949 1367 1979 vivit
1390 1954 1421 1979 et
1444 1954 1556 1989 regnat
1582 1948 1669 1979 Deus
1694 1959 1750 1989 per

62 2012 88 2032 ⁸⁵
107 2003 212 2033 omnia
234 2002 361 2034 saecula
383 2001 602 2034 saeculorum!
647 2002 762 2033 Amen.

828 2093 961 2125 LIBER.
986 2093 1026 2124 ΙΙ.

213 2157 239 2186 l.
283 2156 392 2188 Nolite
423 2157 534 2198 plures
565 2157 719 2197 vnayistrz‘
741 2156 821 2195 fieri
840 2154 971 2196 fratres
1000 2155 1071 2193 mei,
1100 2154 1244 2192 scientes,
1274 2155 1425 2196 quoniam
1454 2154 1563 2184 maius
1588 2153 1746 2183 iudicium

106 2207 241 2248 sumitis,
264 2208 348 2239 sicut
371 2209 450 2239 dicit
466 2207 602 2239 Iacobus
627 2206 791 2249 apostolus
809 2218 848 2237 ex
866 2206 1011 2237 doctrina
1029 2205 1148 2236 domini
1167 2212 1198 2236 et
1214 2205 1381 2236 salvatoris
1405 2205 1521 2236 nostri:
1545 2204 1611 2244 I'os,
1634 2205 1748 2246 inquit,

108 2257 204 2289 nolite
227 2260 341 2290 vocari
362 2260 467 2299 rabbi,
490 2271 579 2291 unus
602 2264 648 2290 est
671 2260 751 2290 enim
770 2260 928 2299 nia-(lister
946 2263 1057 2289 vester.
1096 2257 1189 2288 Unde
1206 2257 1406 2298 Augustinus
1423 2257 1455 2287 in
1473 2256 1564 2294 libro,
1588 2256 1643 2297 qui
1660 2266 1749 2296 prae-

63 2322 91 2342 4ο
107 2308 250 2340 titulatur
271 2310 311 2342 de
334 2312 489 2352 magistro
500 2316 521 2347 ⁴,
545 2310 724 2352 disputans,
748 2320 905 2352 quaerens
930 2315 960 2340 et
984 2310 1150 2340 inveniens
1174 2310 1361 2350 magistrum
1388 2319 1451 2339 non
1475 2319 1556 2347 esse,
1580 2308 1634 2349 qui
1658 2307 1751 2337 docet

108 2359 265 2393 hominem
284 2363 460 2403 scientiam,
479 2363 538 2393 nisi
558 2363 681 2393 Deum:
705 2363 896 2403 Μαῃὶείνοε,
913 2362 1026 2403 inquit,
1040 2362 1152 2403 plures
1167 2366 1244 2391 tunc
1260 2361 1340 2401 fieri
1356 2361 1513 2397 emistimo,
1530 2371 1598 2390 curn
1619 2359 1750 2390 diversa

109 2416 202 2454 atque
231 2414 317 2444 inter
346 2425 379 2445 se
409 2415 548 2445 adversa
578 2415 732 2452 sentiunt,
764 2425 833 2444 cum
868 2413 960 2444 verob
986 2414 1020 2443 icl
1046 2414 1152 2453 ipsum
1175 2413 1288 2444 dicunt
1312 2424 1418 2443 ‹mznes
1442 2416 1469 2441 et
1495 2422 1598 2441 verum
1624 2411 1748 2449 dicunt,

109 2463 148 2494 ab
170 2465 270 2495 unius
292 2467 362 2497 veri
384 2467 537 2507 magistri
560 2467 749 2507 magisterio
773 2477 837 2496 non
861 2465 1025 2496 recedunt.
1074 2463 1138 2500 Qut
1156 2465 1251 2503 enim,
1275 2464 1379 2505 inquit
1395 2463 1552 2496 Christus,
1577 2463 1683 2492 ¹maior
1706 2467 1751 2492 est

109 2519 254 2556 vestrum,
277 2519 336 2548 erit
358 2518 506 2548 minister
530 2522 638 2548 vester.
680 2515 746 2552 Qui
768 2518 852 2548 enim
876 2528 907 2548 se
931 2516 1135 2555 exaltaverit,
1158 2515 1396 2555 humiliabitur,
1420 2520 1446 2545 et
1466 2515 1571 2555 quise
1589 2514 1749 2551 humiliat,

63 2577 90 2598 ιο
109 2566 315 2599 eoealtabitur.
354 2568 418 2599 Sed
435 2579 508 2599 cum
528 2569 596 2610 ipse
618 2579 699 2598 unus
717 2569 870 2609 magister
887 2567 1035 2599 Christus
1053 2567 1202 2608 idemque
1218 2566 1307 2597 Deus
1325 2571 1426 2597 mutet
1442 2572 1585 2606 tempora
1603 2571 1633 2594 ct
1652 2570 1749 2594 trans-

219 2648 244 2680 τι)
267 2648 306 2673 ita
326 2648 408 2681 A219.,-
429 2650 631 2682 utriusquelibet
653 2652 676 2674 l.
753 2650 780 2674 bi
802 2657 891 2674 verum
916 2650 937 2673 1.

215 2716 244 2750 1)
267 2716 311 2750 Cf.
334 2726 420 2751 supra
447 2726 478 2751 p.
508 2717 575 2744 192.
601 2718 670 2744 202.
759 2718 789 2750 2)
813 2717 882 2743 Isid.
907 2717 998 2750 Etym.
1025 2715 1089 2748 XV,
1118 2716 1142 2747 1,
1169 2715 1194 2748 4,
1223 2715 1292 2748 Opp.
1315 2714 1367 2746 IV,
1390 2724 1419 2748 p.
1442 2714 1507 2739 194.
1603 2713 1633 2747 3)
1658 2714 1690 2739 L.
1708 2713 1748 2743 II,

111 2773 134 2792 c.
152 2766 198 2799 19,
222 2767 240 2793 l.
257 2768 276 2794 l.
299 2769 350 2795 col.
369 2768 417 2795 47.
532 2768 562 2802 4)
587 2769 666 2795 Haec
688 2769 773 2794 verba
797 2768 826 2794 in
849 2771 904 2794 toto
927 2768 976 2793 illo
1000 2768 1033 2793 (ἵε
1055 2766 1189 2800 magistro
1212 2766 1325 2799 dialoyo
1347 2766 1458 2800 (Opera
1483 2765 1506 2798 J,
1530 2765 1581 2791 col.
1599 2764 1673 2796 541)
1696 2772 1748 2788 nou

109 2817 295 2852 inueniuntur,
318 2820 366 2846 sed
386 2819 416 2845 in
439 2820 643 2848 Retractation.
667 2820 787 2854 Proloyo
810 2822 824 2850 ἓ
849 2819 865 2844 2
889 2817 978 2853 (Opp.
1002 2818 1026 2850 I,
1051 2818 1103 2844 col.
1121 2817 1162 2850 2).

1466 2870 1513 2892 ‘N‘

1770 2164 1815 2182 [uc.
1825 2164 1845 2187 3,
1856 2165 1873 2182 1⁴

1769 2216 1920 2239 MnttlJ.23‚1o.

1771 2472 1836 2489 ilum.
1850 2472 1917 2489 11.1‘.*.
