2132 3067
41 745 66 764 10

41 1003 66 1023 15

37 1261 62 1279 20

37 1518 63 1537 25

37 1777 64 1797 ³0

39 2034 65 2054 ³⁵

39 2293 66 2312 40

40 2549 67 2568 ⁴5

509 177 560 202 DE
583 176 754 203 UNITATE
778 178 990 204 ECOLESIAE
1012 178 1309 206 CONSERVANDA.
1675 176 1734 207 {ZOT

88 266 176 297 dotes
200 266 231 296 in
256 266 355 296 verbo
380 265 452 303 Dei,
486 266 516 296 in
542 266 658 296 virtute
683 266 755 304 Dei,
787 267 944 297 concessit
969 267 1127 306 Christus,
1159 268 1241 299 tilius
1264 268 1326 299 Dei
1351 269 1425 307 vivi,
1458 269 1511 310 qui
1537 269 1619 299 dixit
1641 268 1734 300 beato

89 318 181 349 Petro
205 323 235 348 et
258 318 289 347 in
313 318 383 358 ipso
408 323 537 348 sanctae
562 317 728 357 ecclesiae,
753 323 864 359 utpote
887 330 984 360 supra
1001 326 1123 360 petrum
1142 319 1308 350 fundatae:
1336 319 1555 362 Quaecunque
1577 321 1735 361 [lyae-eris

87 380 185 410 super
212 373 343 408 terram,
374 374 470 400 erunt
499 369 606 410 liyata
637 374 665 400 et
695 370 731 400 in
761 369 872 409 caelis,
901 376 928 400 ct
957 382 1170 411 quaecunque
1199 370 1332 402 solveris
1357 384 1457 412 super
1479 378 1610 411 terram,
1639 378 1734 403 erunt

87 421 193 452 soluta
217 425 245 450 et
267 421 303 451 in
327 420 436 451 caelis.
492 420 623 451 Verbum
649 422 731 451 enim
758 421 823 451 Dei
846 426 890 451 est
912 433 975 451 ‘non
1002 422 1186 462 allijlatum,
1210 423 1292 452 sicut
1316 428 1450 454 testatur
1473 424 1638 465 apostolus
1662 424 1723 454 Dei

86 482 144 504 nec
168 471 248 502 solvi
272 473 389 513 poterit
413 471 476 502 ullo
500 471 595 502 modo
620 472 780 513 scriptura
805 473 877 511 Dei,
902 484 981 514 opus
999 473 1070 513 Dei,
1095 473 1227 504 verbum
1246 474 1318 507 Dei,
1356 474 1443 504 Nam
1462 475 1597 514 caelum,
1621 476 1735 517 inquit,

86 528 114 555 et
136 528 222 555 terra
245 523 445 562 transibunt,
468 523 564 553 verba
588 528 694 554 autem
719 534 789 554 mea
814 535 877 555 uon
904 525 1102 555 transibunt.
1141 525 1244 565 Igitur
1261 536 1358 566 opera
1375 525 1495 556 diaboli
1513 532 1585 557 sunt
1603 531 1735 568 peccata

87 575 259 615 hominum,
282 576 373 606 iuxta
396 574 482 616 quod
501 574 620 605 dicitur
643 586 700 616 per
716 574 893 606 Iohannem
917 576 1116 616 apostolum:
1140 575 1326 617 ‘chisacz't
1348 583 1526 617 peccatum,
1550 590 1588 608 ex
1606 579 1732 609 diabolo

85 633 139 667 est,
163 638 225 658 non
249 627 354 657 carnis
380 626 536 668 originem
562 625 710 657 ducendo
730 637 770 657 ex
788 626 929 667 diabolo,
953 627 1007 657 sed
1025 628 1235 658 imitationem
1255 628 1303 658 vel
1321 630 1558 669 suggestionem
1578 629 1732 670 peccandi

85 678 238 710 sumendo
262 679 302 709 ab
327 677 391 709 illo.
439 677 605 714 Quoniam
638 678 677 708 ab
708 678 818 717 initio,
850 679 963 720 inquit,
994 679 1144 710 diabolus
1170 685 1295 720 peceat,
1326 680 1366 710 dc
1397 680 1591 721 archangelo
1615 681 1735 713 scilicet

84 741 194 762 versus
210 730 241 760 in
258 729 434 768 diabolum,
459 730 551 760 iuxta
567 729 652 771 quod
677 729 819 771 loquitur
839 730 1000 760 Dominus
1026 742 1081 772 per
1100 731 1301 762 Ezechielem
1326 731 1514 772 proplietam
1541 744 1648 763 suum:
1675 734 1732 773 Tu,

86 783 243 825 inquiens,
267 782 384 813 cherub
409 787 554 813 eaeteutus
579 786 606 812 et
627 786 811 823 protegens,
835 787 863 812 et
881 783 981 823 posui
1004 787 1031 812 te
1054 783 1089 813 i‘n
1117 788 1219 813 monte
1236 788 1347 814 saucio
1365 783 1439 823 Dei,
1463 786 1497 814 in
1525 785 1627 815 medio
1650 785 1734 826 tapi-

86 834 160 866 dum
183 835 378 876 iqnz'torum,
403 833 580 864 ambulasti
597 833 768 874 peofectus
791 834 826 864 iu
851 835 915 864 viis
938 835 1004 864 tuis
1028 846 1048 864 a
1073 834 1126 864 die
1149 835 1347 865 candin'om's
1371 840 1455 873 tuae,
1480 836 1581 866 donec
1607 837 1733 867 inventa

85 891 128 918 est
150 887 311 928 iniquitas
333 886 369 916 in
393 890 430 916 te.
476 884 590 916 Omnis
622 890 729 915 autem
763 885 817 926 qui
845 884 921 916 facit
952 885 1153 927 iniquitatem
1179 890 1209 915 et
1233 892 1401 926 peccatum
1428 887 1512 926 facit,
1544 888 1627 918 sicut
1651 888 1733 918 idem

86 937 139 980 qui
161 947 259 978 supra
283 942 413 968 sanctus
430 936 590 968 Iohannes
607 936 772 978 apostolus
789 937 850 967 ait:
874 937 913 967 Et
931 937 1032 976 scitis,
1057 937 1171 978 inquit,
1196 938 1351 978 quoniam
1371 940 1534 979 apparuit
1549 939 1645 978 filius
1664 940 1736 979 Dei,

86 994 120 1020 ut
142 989 295 1020 dissolvat
318 1000 418 1029 opera
443 988 588 1028 diabolt;
614 989 718 1019 omnis
743 996 848 1019 (tinem
872 989 1025 1030 spirituS,
1051 989 1107 1029 qui
1130 988 1224 1019 solvit
1242 989 1358 1029 Iesum,
1381 1000 1419 1020 esc
1442 990 1508 1020 Deo
1532 1002 1598 1021 ‘non
1623 996 1683 1029 esl,·
1708 997 1735 1020 et

85 1041 136 1072 hic
158 1046 202 1072 est
223 1040 458 1080 Antichristus,
482 1040 520 1071 de
544 1051 606 1082 quo
631 1041 784 1079 audistis,
814 1041 970 1081 quoniam
993 1041 1079 1071 veuit
1103 1045 1130 1070 et
1155 1041 1221 1070 iam
1244 1041 1279 1070 in
1304 1041 1426 1072 mundo
1449 1047 1503 1072 est.
1555 1041 1642 1083 Ergo
1667 1053 1734 1072 ver-

85 1092 169 1133 bum,
192 1093 300 1123 anima
324 1098 356 1123 et
378 1102 453 1123 caro
477 1102 560 1122 unus
585 1097 633 1122 est
658 1090 805 1122 Christus
829 1092 860 1122 in
885 1102 948 1122 una
971 1102 1110 1133 persona
1132 1091 1195 1123 Dei
1221 1098 1251 1123 et
1275 1091 1424 1123 hominis.
1476 1092 1539 1124 Sed
1565 1092 1616 1125 ille
1639 1093 1736 1125 solvit

85 1144 198 1182 lesum,
228 1144 282 1185 qui
305 1143 358 1175 vel
381 1144 581 1175 divinitatem
607 1143 676 1174 eius
701 1143 751 1174 vel
775 1144 916 1174 animam
946 1143 997 1174 vel
1026 1149 1175 1174 carnem*³¹
1199 1148 1306 1184 negat.
1361 1144 1465 1176 Solvit
1488 1152 1518 1176 et
1542 1144 1594 1176 ille
1617 1145 1733 1185 Iesum,

84 1196 136 1238 qui
159 1195 309 1227 mandata
332 1201 364 1226 et
386 1195 486 1227 verba
510 1195 583 1226 Iesu
606 1194 655 1226 vel
678 1206 829 1236 perverse
853 1195 991 1226 vivendo
1009 1194 1058 1225 vel
1076 1195 1260 1236 perversius
1283 1196 1522 1238 interpretando
1546 1199 1733 1239 corrumpit.

84 1247 148 1278 Sed
171 1252 202 1278 et
223 1246 276 1279 ille
299 1247 394 1279 solvit
409 1247 526 1288 Iesum,
551 1247 604 1289 qui
621 1247 740 1278 scindit
756 1247 910 1279 unitatem
929 1247 1094 1278 ecclesiae.
1133 1246 1225 1277 Unus
1242 1247 1325 1277 enim
1344 1248 1439 1278 homo
1457 1248 1614 1289 Christus,
1637 1255 1735 1290 caput

83 1303 113 1330 et
135 1309 268 1341 corpus;
298 1310 370 1330 nam
395 1309 511 1340 corpus
536 1300 604 1330 eius
629 1305 677 1330 est
700 1298 838 1330 ecclesia
861 1300 939 1330 eius.
985 1299 1090 1340 Igitur
1113 1309 1153 1330 ex
1179 1298 1249 1330 Deo
1274 1310 1336 1329 non
1361 1305 1444 1338 sunt⁷
1469 1301 1523 1342 qui
1548 1300 1611 1331 Dei
1635 1311 1735 1342 opera

83 1350 131 1382 vel
154 1350 252 1382 verba
274 1350 324 1382 vel
348 1356 549 1382 sacramenta
572 1350 776 1391 rescindunt;
807 1362 899 1382 nam:
922 1351 1030 1382 Filius
1053 1350 1128 1389 Dei,
1155 1350 1291 1382 verbum
1317 1351 1389 1391 Dei,
1421 1353 1454 1382 ίη
1478 1352 1536 1383 hoc
1559 1353 1733 1393 apparuit,

83 1407 116 1434 ut
138 1403 240 1434 solvat
264 1414 364 1445 opera
389 1402 533 1442 diaboli;
563 1408 595 1434 et
618 1408 652 1434 ut
674 1403 777 1444 ipsius
801 1402 922 1433 diaboli
947 1413 1045 1444 opera
1068 1401 1195 1434 solvant
1219 1402 1401 1434 sacerdotes
1425 1403 1456 1433 in
1480 1403 1579 1434 verbo
1604 1404 1677 1442 Dei,
1700 1404 1733 1434 in

83 1455 196 1486 virtute
216 1454 289 1494 Dei,
312 1454 472 1485 concessit
489 1453 646 1495 Christus,
669 1454 754 1485 filius
772 1454 845 1486 Dei.
892 1454 957 1485 Sed
975 1453 1170 1486 Hildebrant
1194 1465 1277 1496 papa
1301 1455 1347 1485 sic
1370 1454 1500 1496 scripsit
1523 1460 1552 1485 et
1575 1455 1621 1485 sic
1644 1466 1733 1497 prae-

82 1505 236 1537 dicavit·:
270 1505 425 1545 Quidam,
455 1506 619 1548 inquiens,
648 1507 818 1538 Romanus
843 1506 998 1548 pontifeae
1028 1518 1134 1547 regem
1158 1507 1362 1537 Francorum
1391 1518 1456 1537 ‘non
1488 1511 1552 1537 tam
1577 1518 1640 1547 pro
1663 1508 1732 1537 suis

85 1558 323 1600 iniquitatibus,
346 1569 444 1599 quam
466 1569 529 1598 pro
554 1570 587 1590 eo
612 1559 699 1600 quod
722 1563 834 1589 tantae
853 1559 1010 1598 potestati
1033 1569 1099 1588 non
1124 1563 1194 1589 erat
1218 1558 1321 1596 utilis,
1351 1570 1371 1588 a
1394 1569 1496 1600 reguo
1520 1559 1682 1599 deposuit,
1705 1563 1733 1589 et

83 1609 272 1651 Pippinum,
306 1609 416 1642 Caroli
438 1610 560 1651 Maynz'
585 1611 796 1651 imperatoris
822 1614 965 1651 pato-em,
996 1611 1030 1641 in
1063 1610 1134 1640 eius
1166 1609 1233 1640 loco
1256 1609 1432 1649 substituit,
1465 1621 1573 1640 onmes
1598 1610 1732 1641 Franci-

82 1672 182 1703 9enas
205 1673 226 1692 a
249 1662 433 1693 iuramento
450 1662 637 1702 fidelitatis,
661 1673 758 1703 quam
783 1660 834 1692 illi
846 1661 1013 1702 fecerunt,
1037 1661 1184 1692 absolvit.

187 1713 235 1744 15.
279 1712 363 1744 Mira
386 1712 519 1755 quidem
544 1712 695 1744 videntur
718 1713 812 1744 nobis
836 1723 918 1754 quae
934 1713 1084 1744 astruiw:
1109 1718 1144 1744 ut
1161 1712 1284 1743 scilicet
1299 1711 1470 1754 religiosus
1486 1712 1603 1755 aliquis
1619 1713 1733 1743 Roma-

83 1774 140 1795 nus
163 1764 307 1806 pontifex
332 1770 569 1796 sacramentum
598 1765 672 1796 fidei
704 1765 737 1795 in
765 1764 874 1806 aliquo
903 1764 1071 1795 absolvere
1096 1764 1312 1806 temptaverit,
1341 1765 1417 1806 quia
1442 1764 1520 1795 fides
1544 1764 1606 1796 Dei
1631 1765 1732 1805 magis

82 1825 177 1858 quam
200 1815 336 1847 alicuius
358 1817 554 1854 aestimatur,
580 1827 662 1858 quae
686 1815 782 1848 alicui
806 1817 838 1847 in
863 1817 931 1847 eius
956 1816 1084 1847 nomine
1110 1817 1204 1847 datur
1227 1821 1323 1857 atque
1352 1816 1560 1857 promittitur,
1592 1827 1674 1857 quae
1702 1821 1733 1847 ct

82 1866 122 1898 ad
144 1867 378 1899 invocationem
397 1872 579 1899 sanctorum
599 1868 660 1899 Dei
677 1868 855 1907 roboratur,
880 1874 914 1899 ut
938 1868 999 1910 ipsi
1025 1879 1154 1909 quoque
1178 1868 1241 1898 sint
1265 1873 1360 1898 testes
1385 1868 1451 1898 sivc
1475 1867 1599 1898 iudices
1621 1872 1733 1908 pactae

82 1917 155 1950 fidei
183 1919 215 1950 in
243 1920 372 1951 nomine
402 1920 546 1951 Domini.
597 1919 736 1959 Quando
768 1925 875 1951 autem
907 1931 926 1950 a
956 1919 1019 1950 fide
1050 1919 1166 1961 aliquis
1199 1919 1322 1950 solutus
1352 1919 1448 1950 fuerit
1478 1925 1509 1949 et
1540 1918 1634 1949 fidem
1667 1930 1731 1949 non

83 1969 238 2010 habuerit,
262 1972 435 2013 praecipue
459 1983 541 2011 eam>
565 1982 661 2014 quam
686 1972 866 2002 iuramento
890 1971 1075 2011 firmaverit,
1100 1970 1211 2012 procul
1236 1970 1334 2001 dubio
1360 1970 1497 2001 mendax
1519 1977 1574 2008 est,
1600 1970 1732 2012 insuper

83 2027 114 2053 et
135 2023 291 2064 periurus,
316 2023 419 2065 qualis
442 2035 580 2066 reynum
604 2023 668 2055 Dei
691 2035 755 2054 uon
775 2023 968 2064 possidebit,
991 2024 1075 2054 sicut
1098 2022 1262 2064 apostolus
1286 2022 1340 2052 ait.
1394 2022 1481 2063 Ergo
1506 2021 1585 2052 fides
1609 2023 1634 2052 si
1658 2023 1731 2053 titu-

84 2072 215 2114 baverit,
242 2076 368 2106 caritas
389 2077 486 2106 etiam
511 2077 584 2117 ipsa
607 2076 801 2117 lanfynescit,
830 2077 913 2105 sicut
936 2075 1138 2115 Augustinus
1163 2074 1195 2104 in
1219 2072 1300 2104 libro
1325 2073 1364 2104 de
1389 2074 1533 2104 doctrina
1557 2074 1731 2104 christiana

85 2124 230 2157 scribit³:
254 2126 342 2158 Dum
358 2127 456 2167 fides,
479 2127 593 2169 inquit,
617 2127 745 2167 titubat,
769 2128 961 2158 divinarum
984 2126 1225 2166 scripturarum
1250 2127 1431 2156 auctoritas
1450 2126 1593 2156 vacillat.
1640 2125 1730 2167 Opus

84 2182 187 2209 autem
212 2177 287 2210 fidei
311 2178 440 2209 dilectio
464 2185 521 2219 est,
546 2180 629 2210 sicut
652 2178 817 2219 apostolus
842 2183 991 2208 testatur:
1021 2177 1129 2216 Fides,
1153 2177 1313 2218 inquiens,
1338 2188 1421 2217 quae
1440 2189 1503 2218 per
1526 2176 1728 2208 dilectionem

85 2234 245 2271 operatur.
289 2229 396 2261 *Unde
419 2236 450 2262 et
472 2234 603 2261 sanctus
627 2230 785 2261 Iohannes
809 2229 987 2271 apostolus:
1017 2229 1141 2268 Omnis,
1166 2229 1278 2270 inquit7
1303 2229 1450 2269 spiritus,
1479 2229 1537 2269 qui
1559 2228 1730 2268 confitetur

86 2281 189 2313 Iesum
208 2281 371 2314 Christum
395 2284 430 2313 'in
455 2294 555 2313 cai-ne
578 2283 713 2322 venisse,
737 2293 776 2312 ea:
792 2282 860 2312 Deo
884 2286 937 2312 est.
977 2280 1221 2311 Confessionem
1240 2279 1386 2310 hocloco
1409 2290 1471 2309 non
1498 2280 1598 2310 solum
1624 2280 1729 2310 catho-

85 2331 162 2364 licae
185 2333 270 2373 fidei,
300 2333 356 2365 sed
387 2339 418 2365 et
448 2334 645 2375 operationis
671 2335 782 2371 bonae,
807 2344 889 2375 quae
914 2332 949 2364 fit
971 2343 1028 2374 pcr
1053 2332 1231 2372 caritatem,
1260 2331 1410 2373 requirit3
1445 2331 1563 2373 alioqui
1588 2332 1729 2362 nonnulli

86 2384 225 2424 heretici,
253 2385 342 2416 multi
373 2385 558 2424 scismatici,
589 2385 644 2415 sed
676 2391 707 2416 et
738 2384 828 2415 multi
854 2383 923 2414 falsi
947 2383 1112 2414 christiani
1142 2383 1335 2414 confitentur
1366 2383 1473 2414 Iesum
1504 2383 1667 2414 Christum
1698 2384 1729 2414 in

85 2446 176 2467 carne
205 2437 341 2475 venisse,
369 2437 425 2468 sed
457 2436 692 2468 confessionem
723 2447 812 2467 suam
844 2436 934 2466 factis
963 2440 1091 2476 negant,
1122 2446 1185 2465 non
1210 2434 1358 2465 habendo
1381 2435 1558 2466 caritatem.
1605 2435 1729 2466 Caritas

85 2488 202 2529 quippe
226 2488 287 2520 Dei
311 2488 411 2519 filium
436 2488 571 2519 adduxit
596 2487 636 2518 ad
659 2499 799 2528 carnem,
829 2493 861 2519 et
892 2487 965 2517 ideo
995 2492 1091 2528 negat
1122 2486 1211 2518 illum
1241 2487 1270 2517 in
1295 2498 1390 2517 carno
1416 2487 1552 2525 venisse,
1584 2487 1730 2528 quisquis

86 2549 147 2570 non
170 2539 266 2571 habet
288 2541 464 2572 caritatem.
510 2540 612 2581 Igitur
641 2551 723 2581 opus
754 2539 828 2569 fidei
861 2539 990 2569 dilectio
1014 2545 1071 2577 est,
1102 2539 1158 2569 sed
1185 2538 1275 2569 Deus
1299 2538 1428 2569 dilectio
1452 2544 1509 2578 cst,
1533 2549 1626 2580 quam
1653 2538 1731 2569 dicit

86 2590 248 2631 apostolus
272 2591 415 2623 habitare
439 2593 472 2622 in
489 2591 640 2622 cordibus
665 2590 821 2630 tidelium3
846 2590 926 2621 fides
946 2591 1030 2621 enim
1049 2596 1103 2621 tua
1120 2590 1158 2621 de
1177 2589 1315 2629 Christo,
1340 2590 1489 2621 Clu-istus
1514 2595 1563 2620 cst
1587 2591 1617 2620 in
1635 2590 1728 2620 cordo

196 2698 221 2727 a)
245 2696 281 2721 ἱια
301 2696 453 2725 emendari;
474 2698 611 2721 caritatem
635 2699 657 2721 l.

194 2788 220 2823 l)
241 2788 285 2822 Cf.
304 2799 326 2816 c.
345 2790 372 2822 2,
390 2799 419 2824 p.
438 2790 504 2816 186.
572 2791 601 2817 2)
627 2790 671 2822 Cfff.
688 2790 756 2816 ibid.
827 2789 857 2823 3)
881 2789 943 2817 Lib.
959 2789 993 2814 de
1009 2789 1096 2814 doctr.
1114 2788 1208 2815 christ.
1233 2789 1250 2814 l.
1268 2788 1291 2821 I,
1317 2797 1339 2814 c.
1358 2788 1406 2821 37,
1430 2792 1443 2817 ξ
1462 2788 1508 2818 41,
1537 2787 1607 2821 Opp.
1626 2787 1682 2819 III,
1703 2789 1729 2818 l.

90 2839 138 2864 col.
166 2839 200 2865 18
223 2840 252 2867 C'.

1758 332 1906 355 matthiam,

1756 437 1767 447 ν
1786 436 1843 455 Tim.
1854 438 1873 459 ε,
1883 437 1903 456 9.

1728 449 1775 464 ‚-.

1755 488 1904 509 §munz-²³5.

1756 569 1827 588 LIoh.
1838 569 1857 592 3,
1867 570 1887 587 8.

1754 596 1829 621 ‘1›.35.

1757 692 1785 711 ib.

1756 782 1838 801 Ezech.
1849 783 1882 802 28,

1788 812 1820 830 14.
1832 812 1864 831 15.

1758 951 1775 969 Ι,
1789 951 1835 970 [oh.
1846 951 1865 974 3,
1876 952 1894 970 8.

1757 1003 1860 1024 1.10h.4‚
1869 1004 1887 1023 3.

1757 1365 1772 1382 Ι.
1784 1364 1831 1383 Ioh.
1843 1365 1862 1387 3,
1873 1365 1893 1384 8.

1753 1723 1822 1746 (xvi)

1754 2034 1899 2056 1.C0r.6,10.

1750 2193 1800 2211 (“ι;ι1Δ
1812 2193 1832 2216 5,
1843 2194 1854 2211 G

1753 2234 1769 2252 1.
1780 2232 1827 2252 1012.
1837 2234 1859 2256 «1,
1869 2233 1888 2251 2Δ

1750 2260 1827 2285 ‘1·.5‹;.

1751 2551 1813 2570 unni.
1823 2551 1842 2570 5,
1853 2551 1872 2570 ὃ.
