2132 3067
53 726 82 745 1⁰

52 983 80 1003 15

50 1242 78 1261 2⁰

47 1503 76 1522 25

45 1761 74 1780 30

41 2277 72 2296 40

42 2582 72 2603 45

533 162 585 188 DE
609 162 778 191 UNITATE
800 165 1007 193 ECCLESIAE
1031 168 1325 198 CONSERVANDA.
1691 171 1748 202 185

105 250 346 292 expositione1:
371 250 410 280 In
434 261 509 290 uno,
534 251 648 293 inquit,
670 258 774 291 estote,
798 266 899 285 unum
917 261 1020 295 estote,
1044 269 1129 289 unns
1146 264 1248 289 estote.
1289 260 1343 291 Et:
1371 261 1430 292 Vae
1448 262 1522 300 illis,
1540 264 1597 304 qui
1613 264 1750 294 oderunt

106 303 261 333 unitatem
291 301 460 342 ecclesiae,
490 309 709 343 presumentes
742 306 775 335 in
806 306 988 337 homi'mbns
1018 314 1128 348 parles
1153 312 1280 349 f·ace›‹.
1336 311 1465 344 Utinam
1498 314 1656 345 volue1int
1690 315 1748 346 hoc

104 352 277 391 attendere,
307 353 362 395 qui
392 358 498 394 partes
530 354 560 384 in
586 354 769 386 hominibus
792 356 945 397 fecerunt,
979 365 1011 389 ut
1041 360 1160 391 faciunt
1189 362 1371 393 scindentes
1402 365 1553 396 unitatem
1584 366 1749 405 ecclesiae,

105 403 196 447 quale
225 404 383 445 flagitium
407 405 566 436 scismatis
591 413 717 438 constat
739 409 870 448 gravius
895 420 963 440 esse
987 421 1081 451 quam
1108 411 1210 443 scelus
1235 412 1399 444 idolatria(¹
1410 422 1432 453 ³,
1460 418 1609 457 quoniam
1634 417 1749 458 legitur

103 457 134 488 in
152 457 251 487 veteri
275 462 464 487 testamento
489 457 637 488 idolatria
660 457 767 499 gladio
793 461 903 500 punita
929 472 1007 500 esse,
1033 463 1149 493 scisma
1165 471 1271 494 antem
1291 465 1376 496 hiuu
1395 439 1506 498 tcirac.
1544 468 1749 510 Quapioptci

104 508 318 539 necessarium
350 508 503 538 duximus
532 509 672 540 sciibere
701 509 809 552 aliqua
839 511 878 542 de
903 518 986 542 statu
1012 513 1104 544 huius
1129 517 1280 557 tempmis
1304 517 1469 557 etthsiac,
1494 520 1577 560 quia
1603 522 1747 562 quisquis

103 560 236 592 senserit
267 570 300 590 se
327 570 396 590 esse
420 560 504 591 intra
527 566 670 592 materna
695 563 818 592 viscera
842 563 942 604 ipsius
967 564 1130 599 ecclesiae
1154 578 1215 597 non
1242 570 1356 608 pot<rit
1380 570 1418 607 e,i
1450 571 1576 610 quando
1601 571 1747 611 doluerit,

103 623 165 643 non
188 610 367 644 condoleie
407 612 471 642 Diu
496 613 579 642 enim
605 619 662 650 est
686 614 770 654 quod
796 614 827 644 in
852 626 952 653 retrno
971 615 1103 647 Romani
1128 618 1251 659 imperii
1278 619 1357 650 bella
1381 621 1498 662 ubique
1523 628 1552 652 (t
1575 623 1747 654 seditiones

102 669 249 705 aguntur,
273 662 360 705 quod
385 663 439 693 filii
463 674 481 694 a
506 664 614 694 matris
639 664 792 696 ecclesiae
816 667 938 706 gremio
964 667 1198 700 distrahuntur:
1229 676 1260 700 et
1283 682 1353 701 cnm
1379 679 1508 713 supinet
1533 675 1562 703 in
1588 673 1746 715 ‘·pluiimis
1768 687 1793 704 -‚
1814 689 1823 699 2

102 715 270 753 discordia,
295 715 350 745 vix
374 715 406 745 in
431 716 544 756 paucis
568 716 722 746 remansit
738 718 919 750 eoncordia.
946 730 1001 760 per
1018 731 1111 761 quam
1132 702 1239 752 unitur
1256 728 1285 752 et
1303 724 1447 754 consistit
1465 724 1581 756 Christi
1599 725 1746 763 eeclesia,

101 767 252 810 quoniam
276 766 351 797 inde
375 766 527 797 dicuntur
550 768 713 807 scismata,
738 768 824 810 quod
849 769 951 800 divisa
975 778 1049 801 sunt
1072 772 1178 805 corda,
1203 784 1274 803 culn
1295 775 1448 816 scriptum
1467 776 1516 813 sit,
1541 777 1624 818 quod
1644 777 1745 808 multi>

101 819 220 851 tudinis
243 818 441 849 credentium
467 819 561 849 fuerit
585 830 638 849 cor
663 831 760 850 unum
786 826 817 850 et
839 821 946 851 anima
971 833 1043 853 una.
1083 824 1145 854 Sed
1172 823 1266 854 huius
1287 825 1465 857 discordiae
1486 828 1586 858 fomes
1603 835 1633 858 et
1650 830 1745 859 nutri-

101 876 240 903 mentum
272 870 372 901 fuisse
403 869 580 911 Gregorius
611 881 705 912 papa,
740 872 795 912 qui
832 878 863 902 et
896 872 1090 912 Hildibrant,
1125 876 1252 906 videtur
1280 876 1451 918 aliquibus,
1487 879 1572 919 quod
1605 891 1659 909 nos
1690 891 1746 910 nec

101 922 295 953 affirmamus
319 933 379 952 nec
402 922 576 961 renuimus,
601 922 656 952 sed
683 922 775 954 huius
799 925 843 954 rei
869 932 1026 955 secretum
1053 926 1160 957 divino
1185 927 1304 958 iudicio
1326 928 1547 970 relinquimus,
1573 932 1645 972 quia
1664 942 1746 961 nune

101 974 144 1006 ibi
173 974 364 1004 constitutus
393 979 442 1004 est
470 981 544 1015 post
567 975 710 1015 corporis
734 974 829 1006 liuius
853 975 1098 1018 depositionem,
1129 979 1182 1009 ubi
1207 979 1266 1009 sub
1291 980 1396 1010 iudice
1423 981 1491 1011 Deo
1516 983 1635 1023 recepit
1660 983 1748 1013 iuxta

101 1026 203 1057 meriti
233 1026 281 1056 sui
310 1024 508 1067 qualitatem.
553 1025 675 1056 Tamen
705 1025 820 1057 dicturi
853 1039 962 1059 sumus
994 1040 1099 1070 pauca
1127 1030 1165 1060 de
1194 1031 1321 1072 scriptis
1352 1031 1444 1070 illius,
1477 1040 1520 1067 ut,
1554 1033 1600 1063 his
1625 1045 1660 1063 ea
1685 1044 1747 1074 qua

100 1083 225 1120 oportet
247 1076 413 1119 diligentia
438 1078 624 1119 pei·speetiS‚
654 1085 801 1109 teneatur
823 1079 938 1110 modus
963 1080 1158 1112 defensionis
1183 1084 1320 1124 partium
1347 1083 1457 1124 ipsius,
1481 1085 1641 1125 quoniam,
1666 1085 1746 1114 sieut

99 1129 230 1161 scribit²
253 1135 382 1160 sanctus
407 1128 590 1171 Cyprianus
615 1130 801 1172 episcopuS,
830 1131 988 1162 &nitatem
1015 1135 1072 1174 qni
1097 1146 1156 1164 non
1182 1139 1274 1174 tenet,
1301 1146 1361 1164 non
1388 1140 1468 1166 tene!
1487 1135 1596 1165 Pati-is
1619 1141 1646 1166 er
1669 1135 1747 1166 Filii

90 1181 201 1222 fidem,
225 1183 323 1212 vitam
348 1192 411 1211 'non
436 1186 519 1211 tenet
542 1186 570 1210 et
593 1182 741 1214 salutem,

201 1233 229 1265 2.
276 1232 378 1273 Igitur
409 1232 555 1263 Romana
585 1233 721 1264 ecclesia
752 1241 854 1265 mater
882 1242 930 1266 est
960 1237 1102 1266 omnium
1133 1236 1350 1278 ecelesiarum,
1387 1249 1466 1279 quae
1498 1238 1618 1270 faciunt
1650 1250 1742 1270 unam

97 1283 283 1315 catholicam
308 1283 488 1322 ecclesiam,
512 1290 544 1315 et
567 1285 707 1326 dignitas
733 1286 867 1316 Romani
892 1288 1030 1317 nominis
1054 1293 1151 1329 caput
1174 1288 1224 1319 vel
1248 1289 1378 1320 domina
1402 1289 1520 1320 dicitur
1543 1290 1744 1332 populorum,

97 1337 150 1378 qui
181 1337 341 1378 pertinent
371 1335 410 1366 ad
440 1337 543 1378 ipsam
575 1337 722 1376 Romam,
754 1349 834 1380 quae
858 1349 928 1369 cum
955 1339 996 1369 sit
1019 1339 1128 1379 libera,
1160 1340 1235 1370 facit
1257 1341 1363 1381 etiam,
1394 1348 1427 1372 ut
1452 1342 1515 1372 sint
1538 1341 1629 1372 liberi
1654 1349 1744 1383 quot-

97 1393 175 1430 quot
195 1394 269 1419 sunt
291 1388 350 1419 sub
375 1387 527 1419 civilitate
552 1400 618 1420 sua.
659 1389 744 1420 Hinc
767 1397 896 1421 sanctus
914 1390 1092 1431 Gregorius
1110 1392 1253 1422 scribens
1270 1391 1310 1423 ad
1330 1392 1467 1423 I'hocam
1486 1394 1744 1434 imperatorem-³:

96 1440 312 1480 Reformetmy
339 1441 453 1482 inquit,
485 1442 548 1471 iam
574 1442 717 1482 sinynlt's
741 1442 798 1472 sub
825 1443 902 1483 {1190
922 1444 977 1483 pii
1001 1444 1129 1484 imperii
1152 1443 1284 1474 libertas
1307 1456 1379 1483 sua,
1404 1446 1554 1485 quoniam
1578 1445 1635 1475 hoc
1661 1447 1744 1476 inter

97 1502 185 1533 reyes
207 1492 351 1533 gentium
375 1498 403 1523 et
426 1493 474 1523 7·ρί
492 1492 670 1534 publicaeb
695 1493 806 1532 distat,
829 1494 916 1534 quod
939 1506 1029 1535 reyes
1052 1496 1194 1534 flentium
1215 1496 1622 1534 1201111'221·serem-mnsunt,
1649 1498 1743 1537 impr:-

95 1548 218 1575 ratores
246 1555 320 1575 vero
349 1545 397 1574 rei
424 1544 576 1585 publicae
608 1545 734 1575 domini
765 1545 950 1576 liberorum.
996 1545 1059 1576 Sed
1086 1546 1394 1588 Constantinopolis,
1426 1559 1508 1589 quae
1536 1559 1618 1578 nova
1643 1548 1743 1579 Roma

94 1594 218 1635 dicitur,
247 1602 322 1626 tuuc
345 1602 413 1625 erat
435 1596 528 1627 sedes
553 1597 779 1637 imperatoriae
803 1597 980 1638 dignitatis,
1014 1598 1071 1628 hoc
1097 1598 1139 1628 ita
1163 1598 1331 1629 ordinante
1355 1599 1511 1629 industria
1534 1604 1565 1630 et
1589 1598 1741 1639 religione

95 1646 296 1678 Constantini
327 1647 541 1689 imperatoris,
571 1656 605 1678 ut
629 1653 719 1678 vetus
750 1648 851 1678 Roma
881 1649 1041 1690 optineret
1066 1650 1237 1690 primatum
1263 1650 1429 1692 apostolici
1455 1651 1582 1682 honoris
1607 1658 1637 1682 et
1660 1662 1741 1681 nova

94 1699 243 1730 retineret
271 1700 484 1741 principatum
515 1700 621 1741 regiae
652 1700 836 1738 maiestatis,
868 1707 902 1731 ut
933 1702 978 1731 sic
1010 1706 1111 1731 mater
1135 1708 1166 1732 et
1190 1701 1254 1732 tilia
1279 1702 1508 1732 concordarent
1532 1703 1561 1732 in
1587 1703 1739 1733 unitatem

94 1750 285 1782 christianae
316 1751 391 1781 fidei
421 1757 452 1782 et
482 1751 655 1792 religionis,
712 1751 884 1793 Postquam
917 1759 1023 1783 antem
1059 1753 1336 1794 degeneraverunt
1370 1765 1471 1784 novae
1507 1753 1590 1784 illius
1622 1754 1740 1784 lx‘omac

94 1803 313 1844 imperatores,
337 1802 411 1833 faeti
436 1802 487 1833 vel
511 1803 642 1834 heretici
668 1802 717 1833 vel
741 1803 950 1834 hereticorum
976 1804 1160 1835 defensores
1184 1805 1251 1834 sive
1275 1805 1369 1835 etiam
1388 1804 1563 1835 catholicae
1587 1805 1739 1835 ecelesiae

94 1859 330 1895 persecutores,
366 1860 442 1885 tnnc
472 1862 574 1886 mater
603 1855 694 1896 quasi
726 1854 868 1886 scribere
898 1857 1005 1898 coepit
1034 1855 1116 1886 tiliae
1148 1855 1288 1887 libellum
1319 1857 1460 1897 repudii,
1491 1864 1520 1887 ct
1550 1856 1628 1886 alios
1659 1856 1738 1886 tilios

93 1904 258 1937 nobilitate
282 1906 375 1936 simul
400 1912 429 1937 et
454 1906 570 1937 virtute
595 1907 846 1948 praestantiores
871 1907 1047 1949 adquisivit
1070 1906 1142 1942 sibi,
1167 1914 1201 1937 ut
1219 1907 1342 1937 Galliac
1366 1916 1395 1938 ct
1414 1908 1606 1938 Germaniae
1631 1907 1737 1948 populi

93 1957 156 1988 sint
179 1963 210 1988 et
232 1956 287 1988 filii
312 1963 343 1989 et
365 1959 453 1989 cives
478 1960 537 1996 sui,
568 1966 664 2000 atque
697 1969 789 1999 reges
819 1969 928 1989 earum
955 1960 1164 1999 imperatores
1192 1960 1255 1989 sint
1278 1959 1321 1988 rei
1347 1959 1495 2000 publicae
1520 1966 1550 1989 et
1575 1959 1737 1989 Romanae

93 2007 244 2040 ecclesiae
273 2010 431 2051 patriciic.
477 2010 571 2041 Unde
600 2009 740 2051 legitur⁴
769 2009 966 2051 Stephanum
993 2021 1108 2051 papam
1135 2011 1260 2040 venisse
1291 2010 1330 2040 ad
1363 2022 1469 2051 regem
1505 2011 1676 2052 l'ippinum
1709 2017 1738 2040 et

93 2061 271 2101 postulasse
302 2063 517 2103 patrocinium
550 2063 617 2092 eius
648 2067 759 2092 contra
785 2061 977 2091 Haistulfum
1003 2072 1109 2102 regem
1137 2061 1421 2102 Longobardornm
1447 2072 1484 2092 ac
1509 2063 1610 2104 ipsius
1635 2068 1737 2103 patro-

92 2112 166 2142 cinii
189 2114 293 2154 gratia
312 2113 505 2153 decrevisse,
530 2113 706 2156 quemlibet
723 2112 876 2154 deinceps
894 2124 1000 2153 regem
1023 2114 1216 2143 Francorum
1237 2114 1405 2154 patricium
1424 2124 1492 2144 esse
1508 2114 1737 2145 Romanorum.

92 2163 176 2195 sicut
196 2165 285 2196 veibi
310 2176 407 2196 causa
431 2165 550 2207 legitur
573 2166 603 2196 iu
630 2164 854 2206 chirographis
878 2164 916 2195 de
941 2164 1056 2195 (ssarolo
1081 2166 1253 2206 seriptum:
1284 2165 1420 2195 (sarolus
1444 2167 1555 2206 qratia
1584 2165 1644 2195 Dei
1667 2166 1736 2194 ‘rea-
1757 2180 1783 2195 0.

92 2215 293 2248 Francorum
318 2223 346 2248 et
370 2218 658 2259 Lonqobrzrslorwn
686 2228 723 2246 ac
745 2217 912 2257 patricius
930 2217 1185 2247 Ιίο77ιιιηο7ιιη75
1228 2216 1288 2247 llic
1306 2222 1353 2246 est
1370 2216 1515 2253 Carohw,
1541 2217 1595 2258 qui
1615 2217 1735 2257 primns

91 2277 132 2297 ex
154 2267 352 2300 Francorum
376 2270 507 2310 regibus
532 2269 706 2310 imperator
730 2272 779 2298 est
802 2267 978 2304 oimdinatus
1003 2268 1087 2309 quod
1112 2274 1145 2299 ut
1167 2268 1267 2299 tieret.
1292 2279 1348 2309 per
1364 2268 1447 2298 illius
1465 2268 1617 2309 temporis
1635 2268 1736 2309 ponti-

91 2317 183 2350 ficem
199 2319 380 2352 Romanum
403 2321 522 2352 invitus
546 2326 594 2351 est
617 2319 792 2358 adductus3
817 2320 907 2350 cuius
931 2320 1027 2350 etiam
1054 2326 1144 2360 pater
1162 2320 1328 2361 l'ippiuus,
1353 2320 1391 2350 dc
1416 2331 1478 2361 quo
1500 2330 1598 2361 snpra
1615 2319 1733 2350 dictum

91 2375 148 2409 est,
171 2381 244 2402 cum
268 2377 354 2403 esset
378 2373 479 2403 maior
503 2372 617 2402 domus
641 2372 672 2402 in
697 2382 795 2412 regno
820 2371 1030 2405 Francorum,
1055 2371 1113 2401 hoc
1137 2378 1183 2402 cst
1208 2372 1387 2413 praefectus
1414 2371 1533 2412 palatii,
1557 2372 1644 2402 etad
1663 2382 1733 2401 eum

91 2427 250 2464 spectaret
280 2435 406 2455 summa
435 2425 544 2465 regiae
572 2424 740 2465 potestatis
765 2428 796 2454 et
819 2423 928 2461 officii,
952 2422 1071 2453 electus
1096 2428 1143 2453 est
1167 2423 1287 2464 primus
1311 2434 1350 2453 ex
1376 2424 1546 2464 praefectis
1571 2422 1679 2464 palatii
1705 2423 1734 2452 in

91 2484 198 2516 regem
222 2482 318 2517 atque
342 2475 507 2506 ordinatus
531 2481 579 2506 est
608 2486 666 2517 per
689 2474 774 2506 beati
799 2474 955 2505 Bonifacii
980 2473 1161 2515 Moguntini
1185 2474 1417 2516 archiepiscopi
1447 2474 1700 2505 benedictionem
1713 2480 1734 2507 θ,

201 2580 229 2611 a)
248 2581 340 2606 idolol.
357 2581 459 2613 passim
482 2583 505 2606 1.
582 2581 608 2611 b)
632 2581 805 2612 imperatores
827 2579 890 2605 add.
913 2579 991 2611 (ἶνες.
1074 2579 1100 2609 c)
1122 2580 1209 2611 patrit.
1228 2578 1327 2610 passim
1353 2580 1374 2603 1.

200 2673 227 2708 1)
255 2674 406 2707 Augustini
431 2675 460 2700 in
488 2674 622 2700 Iohannis
652 2682 751 2706 erunss.
776 2683 799 2699 c.
825 2674 852 2705 3,
881 2676 995 2698 lraclat.
1021 2672 1092 2704 XII,
1124 2674 1138 2703 ξ
1163 2672 1188 2703 9,
1220 2672 1290 2705 Opp.
1315 2672 1357 2697 erl.
1384 2672 1497 2704 ltened„
1527 2671 1616 2697 l'eml.
1646 2671 1730 2700 112⁴),

91 2722 150 2756 III,
174 2723 202 2756 2,
231 2725 283 2752 col.
307 2726 378 2752 387.
498 2726 527 2756 ⁵2)
558 2726 602 2750 De
631 2725 730 2751 cathol.
755 2725 818 2751 eccl.
845 2724 951 2749 unitate
979 2726 993 2753 ξ
1018 2724 1044 2755 6,
1077 2722 1147 2757 Opp.
1172 2723 1214 2749 ed.
1240 2723 1348 2753 Hartel,
1380 2723 1460 2749 I't'nd.
1489 2723 1576 2753 1868.
1606 2731 1636 2755 μ,
1662 2722 1729 2746 215.

93 2773 123 2808 3)
150 2774 234 2809 Grey.
265 2784 306 2810 ep.
333 2776 420 2809 XIII,
445 2776 493 2808 31,
527 2776 597 2810 Opp.
623 2777 663 2808 II,
694 2776 744 2802 col.
772 2775 866 2807 1239;
895 2774 983 2807 Jaffc'
1010 2783 1053 2802 nr.
1080 2774 1170 2801 1399.
1270 2774 1297 2799 4]
1331 2773 1374 2806 (ss.
1400 2775 1470 2799 Anu.
1495 2774 1578 2798 Einla.
1611 2783 1637 2797 rr.
1662 2774 1730 2797 801.

90 2823 122 2859 5)
146 2825 190 2858 C'f.
213 2826 363 2853 Bonizonis
385 2828 455 2853 liber
477 2828 516 2854 ad
538 2828 656 2853 amicum
680 2827 707 2858 V,
734 2827 836 2852 Libellz'
857 2827 891 2852 dc
913 2826 960 2852 lite
984 2825 1007 2859 I,
1029 2836 1059 2860 p.
1078 2826 1147 2852 586.
1236 2826 1265 2855 6)
1290 2825 1333 2857 Οἵ.
1358 2826 1428 2850 Anu.
1456 2824 1535 2849 Iz'z'nh.
1561 2833 1586 2848 a.
1606 2824 1673 2849 750.

163 2880 259 2905 Libelli
280 2882 311 2906 de
332 2882 386 2907 lite.
419 2883 454 2906 Il.
1466 2879 1498 2900 *2⁴

1768 465 1826 483 Num
1848 465 1880 487 16„
1891 466 1918 484 30

1815 495 1877 514 ——83.

1767 791 1818 810 Act.
1828 793 1846 812 4,
1858 792 1892 810 32.
