2132 3067
244 608 262 625 r!
288 609 328 625 xvi.
340 611 366 628 ap

255 639 285 656 ιι,
297 637 307 653 3
318 642 356 658 «ψ,

318 1078 379 1094 ΙΟΓΆ.

272 1107 335 1125 Febr.
348 1108 379 1124 12.

231 1142 252 1159 es
264 1141 381 1160 unu-1:¹3³.

250 1692 276 1710 rs.
288 1693 304 1710 1.
317 1693 365 1709 t'or.

394 166 455 196 54ss
936 158 1131 186 BRUNONIS
1156 156 1325 183 EPISCOPI
1352 155 1496 182 SIGNINI

395 258 564 296 vlia-opus
590 254 717 282 vacavit
741 251 780 281 ad
805 262 846 284 se,
871 250 962 279 euius
988 247 1196 288 propositum,
1229 244 1428 275 voluntatem
1451 250 1483 274 et
1507 243 1694 285 religionem
1720 254 1795 274 mox
1820 249 1854 274 ut
1877 244 2039 284 cognovit,

396 308 518 337 iar-*avit
544 315 624 335 vum.
651 312 683 333 nt
706 301 798 331 simul
822 311 892 330 eum
919 310 955 330 eo
974 299 1105 329 Romam
1125 297 1254 327 rediret.
1300 296 1359 327 Cui
1384 295 1452 326 ille:
1477 294 1557 325 ‘Non
1581 295 1678 335 fatio’,
1702 295 1815 336 inquit.
1860 294 2040 336 Respondit

396 359 579 398 epist-opas:
613 359 729 392 *Quare
760 352 854 382 non'?
899 352 941 381 At
972 349 1038 380 ille:
1068 349 1163 388 ‘Quia
1194 359 1258 378 non
1288 346 1466 378 seeundum
1493 347 1679 377 canonicam
1709 346 1954 385 institutionem,
1985 346 2041 377 sed

398 420 451 449 prr
475 406 646 436 secularem
680 412 709 434 vt
732 405 851 443 regiam
876 406 1066 443 potestatem
1092 400 1268 430 Romanam
1293 398 1464 429 aeclesiam
1489 398 1630 439 arripere
1654 397 1787 428 vadis'1.
1833 396 1891 428 Ille
1921 396 2040 436 autem,

398 467 426 488 nt
461 468 526 487 «wat
560 464 669 486 natura
702 454 838 495 simplex
869 459 964 494 atque
997 452 1193 490 mitissimus,
1227 452 1385 492 patienter
1415 450 1441 480 ei
1475 450 1640 489 satisfecit,
1672 449 1798 480 reddita
1827 448 1866 480 de
1891 448 2040 479 omnibus
2060 459 2073 480 5

396 511 476 539 >it-nt
503 508 552 539 ille
577 507 719 537 voluerat
743 506 873 536 ratione.
919 506 990 543 Quo
1014 504 1164 534 nimirum
1196 503 1227 532 in
1252 502 1336 532 facto
1360 501 1444 532 beati
1470 501 1557 532 Petri
1581 500 1728 542 apostoli,
1760 500 1852 531 cuius
1876 509 2043 531 successor

397 572 470 591 mox
503 562 569 600 ipse
600 560 723 588 tuturus
747 563 824 595 erat,
855 555 1037 596 exemplum
1068 555 1210 584 imitatus
1241 559 1297 584 est.
1343 553 1405 591 Qui
1436 558 1607 594 postquam
1639 551 1824 584 Cornelium
1855 551 2042 593 baptizavit,

398 613 554 642 hominem
579 609 699 640 seilicet
722 607 882 646 gentilem,
907 612 937 637 et
960 617 978 636 a
1001 606 1174 636 Iudeorum
1200 604 1355 645 religione
1379 609 1579 640 extraneum,
1603 603 1644 634 ab
1667 604 1739 634 aliis
1761 602 1916 645 apostolis
1937 613 2043 644 repre-

397 663 523 693 hensus.
556 672 654 703 quare
684 660 723 690 ad
749 659 907 689 hominem
940 658 1070 688 intravit
1102 657 1284 698 preputium
1315 655 1496 694 habentem,
1529 667 1590 686 non
1623 660 1672 687 est
1703 655 1897 696 dedignatus
1928 655 1974 685 eis
2003 653 2043 685 de

396 714 542 744 omnihus
566 712 697 743 reddere
730 712 894 741 rationem.
941 709 982 740 Et
1010 715 1085 740 tunc
1115 708 1288 749 episcopus
1311 707 1445 738 Romam
1478 707 1610 738 veniens
1641 707 1820 748 predictum
1851 705 2044 737 monachum
2064 718 2090 737 ιο

396 777 500 796 secum
519 764 662 797 adduxit,
688 762 820 793 inultum
846 762 877 791 in
902 760 961 791 hoc
984 762 1054 802 ipso
1080 760 1172 790 heato
1192 759 1286 789 Petro
1307 759 1455 800 apostolo
1479 760 1636 798 serviens,
1660 758 1746 800 quod
1770 757 1859 789 illum
1880 757 2043 789 hominem

398 828 503 847 seeum
535 815 715 850 reducebat,
748 814 837 843 cuius
868 811 1021 843 conscilio
1054 818 1085 842 et
1116 811 1275 852 sapientia
1300 811 1443 842 llomana
1471 810 1610 842 aeclesia
1640 809 1815 852 aliquando
1843 809 1984 851 regenda
2012 813 2045 839 et

397 867 603 908 gubernanda
621 872 695 898 erat,
742 865 804 895 Hic
828 870 876 894 est
896 864 979 893 enim
999 862 1174 903 Gregorius
1191 863 1347 904 septimus
1363 872 1459 904 papa,
1483 863 1575 893 cuius
1591 861 1807 904 prudentiam,
1830 861 2043 892 constantiam

397 925 427 949 et
451 918 679 955 fortitudinem,
711 918 799 947 cuius
824 926 949 957 pugnas
979 920 1009 946 et
1033 914 1157 945 labores
1181 925 1330 946 enarrare
1353 913 1483 945 alterius
1508 914 1662 955 temporis
1694 918 1726 944 et
1749 913 1855 955 operis
1878 917 1927 944 est
1950 931 1988 936 --
2013 917 2045 942 et

398 970 574 1001 secundum
601 969 775 999 Romanam
800 967 1061 998 consuetudinem
1095 977 1166 996 cum
1191 967 1316 1006 magnis
1341 965 1489 997 laudibus
1520 976 1540 996 a
1563 965 1649 996 clero
1681 970 1712 996 et
1735 965 1855 1006 populo
1886 965 1918 995 in
1941 964 2044 1006 ponii·
2065 976 2090 995 ιε

401 1022 488 1052 tieem
521 1021 640 1051 electus
673 1026 729 1052 est,
762 1019 877 1049 deinde
902 1030 977 1049 vero
1009 1020 1038 1048 in
1070 1018 1153 1049 beati
1181 1017 1265 1048 Petri
1295 1016 1431 1058 apostoli
1462 1016 1646 1048 cathedram
1677 1016 1830 1056 elevatus,
1861 1016 1982 1052 divina,
2011 1020 2046 1046 ut

400 1074 522 1114 opinor,
554 1079 706 1113 operante
738 1070 949 1112 providentia,
981 1075 1101 1100 mutato
1127 1069 1254 1099 nomine
1279 1068 1343 1099 Leo
1373 1075 1508 1100 vocatus
1532 1074 1612 1100 est2.
1659 1068 1787 1100 Vicerat
1809 1069 1893 1100 enim
1917 1067 1984 1099 Leo
2006 1066 2046 1098 de

402 1126 485 1154 tribu
511 1123 599 1162 Iuda,
629 1134 646 1152 a
678 1134 739 1164 quo
772 1123 829 1152 iste
853 1122 918 1152 Leo
943 1122 1095 1161 originem
1127 1120 1256 1159 ducens,
1287 1120 1390 1151 factus
1421 1120 1614 1151 fortissimus
1639 1119 1826 1160 bestiarum,
1857 1119 1896 1150 ad
1928 1117 2046 1150 nullius

401 1176 525 1205 timeret
560 1185 738 1205 oet-ursuni.
785 1174 883 1204 Cuius
918 1173 1048 1214 quidem
1085 1172 1208 1213 rugitus
1244 1182 1319 1202 mox
1354 1177 1470 1202 terram
1501 1172 1686 1212 commovit,
1716 1173 1830 1202 terruit
1860 1169 2045 1211 sacrilegos,

400 1226 538 1257 turbavit
573 1227 775 1267 symoniacos
810 1232 841 1255 et
874 1226 1117 1264 coniugatorum
1153 1222 1355 1254 sacerdotum
1393 1223 1571 1254 exereitum
1608 1223 1819 1255 vulneravita.
1862 1221 1927 1254 Iste
1960 1222 2045 1253 enim
2065 1232 2093 1252 ιο

402 1279 603 1309 beatissimus
628 1278 772 1318 pontifex
797 1277 898 1306 saneti
918 1276 1057 1317 Spiritus
1081 1276 1156 1316 igne
1180 1274 1374 1313 inflamatns,
1401 1275 1542 1305 maxime
1565 1282 1677 1306 contra
1699 1275 1904 1316 symoniacos
1927 1273 2048 1304 exarsit

399 1336 438 1368 ct,
465 1338 497 1360 nt
521 1329 708 1359 clericorum
734 1328 811 1358 ordo
835 1333 921 1358 caste
945 1333 976 1358 et
1000 1327 1148 1368 religiose
1165 1327 1297 1363 viveret,
1321 1327 1471 1368 antiquos
1488 1331 1648 1358 canones3
1664 1326 1876 1358 confirmavit.
1909 1323 2045 1356 Multum

402 1382 431 1411 in
457 1381 514 1411 hoc
540 1382 619 1422 ipso,
652 1381 705 1410 ubi
731 1380 946 1411 necessarium
978 1378 1046 1415 fuit,
1077 1378 1311 1420 dispensatorie
1336 1378 1607 1419 condescendens,
1637 1384 1669 1409 et
1699 1389 1800 1420 parva
1828 1377 1931 1408 indita
1960 1377 2047 1419 peni-

402 1433 508 1472 tentia,
532 1432 709 1474 apostolica
733 1431 920 1462 auctoritate
945 1430 983 1460 de
1009 1431 1167 1471 preteritis
1184 1440 1330 1471 parcens,
1353 1441 1393 1461 ne
1417 1429 1478 1461 tale
1501 1429 1622 1472 aliquid
1648 1429 1780 1461 ulterius
1800 1429 2048 1467 committerent,

401 1484 615 1514 amnnniebat.
662 1483 731 1513 Hoc
753 1489 859 1513 autem
884 1483 915 1512 in
940 1481 1122 1523 exemplum
1148 1482 1269 1523 suscipi
1298 1492 1362 1512 non
1388 1487 1524 1523 oportet,
1555 1481 1641 1524 quod
1666 1480 1822 1524 pontyfex
1851 1491 1914 1512 non
1937 1479 2046 1512 volun·
2066 1489 2093 1510 ει

402 1542 474 1572 tate,
499 1535 554 1565 sed
579 1535 765 1565 necessitate
789 1533 915 1575 agebat,
941 1534 1001 1564 nisi
1026 1540 1056 1564 et
1080 1544 1179 1564 causa
1202 1534 1338 1564 fortasse
1362 1533 1476 1564 similis
1500 1534 1550 1574 sit,
1575 1545 1658 1575 quae
1682 1532 1866 1564 multotiens
1889 1531 2047 1564 aeclesiae

403 1593 539 1617 rectores
564 1598 599 1616 ea
624 1585 769 1616 tollerare
793 1586 878 1626 cogit
903 1596 983 1626 quae
1007 1586 1123 1626 corrigi
1149 1596 1210 1615 non
1236 1590 1380 1627 possunt.
1426 1585 1555 1624 Quanta
1578 1586 1606 1616 ei
1624 1585 1807 1627 benignitas
1824 1585 1909 1615 circa
1925 1594 2046 1624 omnes,

403 1646 520 1679 quanta
556 1637 725 1676 humilitas,
761 1643 880 1679 quanta
912 1637 1133 1677 mansuetudo,
1169 1648 1265 1678 quani
1300 1636 1418 1678 largus,
1454 1647 1550 1678 quam
1585 1636 1735 1677 affabilis,
1770 1646 1866 1679 quam
1896 1634 2046 1666 omnibus

402 1689 599 1730 compatiens
624 1689 729 1727 fuerit,
754 1689 824 1731 quis
841 1688 948 1719 (licere
966 1688 1093 1720 valeat?
1138 1688 1299 1720 Omnibus
1317 1689 1424 1719 omnia
1440 1688 1542 1719 factus
1566 1694 1624 1729 est,
1650 1695 1683 1720 ut
1699 1699 1810 1720 omnes
1834 1686 2046 1718 lucrifaceret.

404 1742 514 1771 Sermo
538 1742 605 1771 eius
629 1740 694 1771 sale
717 1740 862 1771 conditus
888 1748 917 1771 et
943 1740 1103 1770 mulcebat
1127 1741 1197 1781 pios
1221 1747 1252 1771 et
1275 1740 1416 1772 terrebat
1438 1740 1566 1782 impios.
2065 1747 2117 1778 θος

507 1803 534 1831 3.
580 1801 644 1831 Sed
678 1802 739 1831 iam
770 1812 853 1832 nune
875 1801 915 1832 ad
946 1812 982 1832 ea
1011 1802 1178 1832 veniamus
1211 1812 1294 1843 quae
1327 1812 1383 1842 per
1411 1812 1483 1832 eum
1514 1801 1675 1832 Dominus
1705 1806 1856 1842 operatus
1886 1805 1945 1840 est,
1982 1809 2047 1830 non

403 1852 487 1893 quod
512 1853 618 1883 omnia
649 1854 786 1883 scribere
810 1853 944 1884 velimus
968 1864 1050 1895 quae
1075 1852 1123 1884 vel
1148 1852 1186 1883 de
1219 1864 1256 1884 eo
1279 1852 1463 1884 audivimus
1487 1852 1537 1883 vel
1569 1853 1665 1893 etiam
1689 1852 1810 1894 scripta
1831 1851 2046 1893 repperimus-

404 1903 502 1934 Multa
525 1904 616 1934 nobis
647 1905 760 1935 beatus
785 1903 961 1945 Gregorius
987 1916 1080 1946 papa,
1113 1905 1204 1935 cuius
1235 1905 1382 1946 superius
1413 1905 1609 1936 mentionem
1639 1904 1785 1944 fecimus,
1815 1902 1855 1934 de
1884 1902 1947 1934 hoc
1976 1902 2046 1934 viro
2101 1919 2110 1945 ι

404 1966 531 1985 narrare
556 1955 686 1995 solebat,
711 1967 728 1986 a
752 1966 814 1997 qno
838 1963 868 1986 et
892 1967 929 1986 ea
953 1967 1035 1998 qnae
1060 1967 1160 1997 usque
1185 1955 1279 1987 modo
1297 1956 1364 1987 dixi
1389 1967 1505 1997 magna
1529 1967 1569 1987 ex
1586 1961 1676 1997 parte
1693 1966 1743 1986 me
1759 1954 1888 1986 audisse
1905 1954 2046 1986 memini.

404 2008 465 2044 Qui
496 2008 590 2037 eumb
614 2007 707 2037 nobis
731 2007 935 2038 audientibus
962 2007 1134 2049 aliquando
1158 2007 1197 2039 cle
1221 2009 1291 2049 ipso
1315 2007 1510 2050 loqueretur,
1541 2008 1648 2049 eoepit
1670 2018 1728 2038 nos
1752 2007 1920 2048 increpare
1944 2011 1976 2038 et
1997 2016 2048 2038 me
2066 2015 2094 2036 ιο

404 2059 563 2098 precipue,
603 2065 633 2088 ut
667 2059 759 2088 miehi
792 2059 970 2099 videbatur,
1007 2060 1166 2100 siqnidem
1206 2060 1236 2089 in
1268 2070 1317 2089 ine
1348 2058 1459 2090 oculos
1495 2060 1635 2090 intentos
1667 2057 1817 2099 habebat,
1850 2058 1927 2100 quia
1960 2057 2048 2089 beati

406 2109 517 2139 Leoni<
551 2110 631 2140 facta
662 2110 806 2140 senentio
835 2112 937 2151 perire
968 2118 1161 2152 pateremur,
1194 2117 1225 2141 et
1254 2111 1339 2153 quod
1371 2122 1408 2141 ea
1438 2121 1499 2141 non
1529 2110 1742 2142 scriberemus
1772 2119 1855 2152 quae
1883 2109 2048 2140 Romanae

404 2161 556 2191 ancli-siae
581 2161 618 2192 :nl
644 2161 778 2201 gloriam
810 2170 839 2192 et
864 2162 969 2192 multis
993 2162 1200 2193 audientibus
1231 2162 1333 2193 forent
1363 2162 1403 2193 ad
1428 2161 1616 2193 humilitatis
1639 2161 1835 2204 exemplum.
1881 2160 1945 2193 Sed
1971 2161 2048 2204 quia

406 2215 432 2241 in
459 2224 624 2243 vomnnine
651 2213 747 2243 verba
773 2213 935 2252 r'umlebat,
967 2220 998 2245 et
1026 2214 1102 2245 nulli
1134 2221 1276 2244 nostrum
1302 2213 1482 2255 specialiter
1515 2214 1575 2245 hoc
1601 2225 1698 2255 agere
1720 2211 1923 2252 videbatui-0,
1951 2222 2046 2244 nemo

406 2265 460 2292 luit
492 2265 543 2305 qui
576 2276 611 2294 ea
643 2265 797 2294 scriberet
829 2276 910 2306 qnae
940 2266 1088 2296 onmibus
1119 2265 1290 2296 scribenda
1315 2265 1497 2297 mandabat.
1542 2265 1610 2296 Nec
1640 2275 1700 2306 ego
1731 2264 1862 2306 quidem
1893 2275 1979 2295 nunc
2009 2274 2047 2295 ea
2065 2272 2093 2293 ⁴⁰

406 2315 612 2355 scripsi-stan,
645 2317 703 2345 nisi
736 2316 981 2357 quodammodo,
1014 2323 1047 2347 nt
1078 2328 1114 2347 ea
1145 2318 1328 2358 scriberem,
1360 2322 1490 2348 coactus
1515 2328 1633 2357 essem,
1662 2317 1745 2347 sicut
1773 2316 1805 2346 in
1835 2315 2047 2357 sequentibus

408 2367 623 2396 inanitkstalw.
673 2367 784 2397 l’arcat
819 2367 914 2398 michi
947 2374 1080 2410 uterque
1111 2369 1275 2410 pontyfex.
1311 2370 1386 2410 quia
1420 2376 1594 2411 utrumque
1629 2379 1679 2400 me
1712 2368 1745 2399 in
1779 2367 1840 2399 hoc
1875 2366 2048 2398 offendisse

407 2429 575 2452 υιηςιιω-νι».
635 2418 701 2447 lloe
738 2419 833 2456 igitur
869 2420 1004 2460 primum
1048 2420 1193 2451 dicamus
1228 2420 1312 2462 quod
1357 2420 1388 2450 in
1422 2419 1568 2461 partibus
1604 2419 1730 2451 Galliae
1763 2417 1947 2450 admirabili
1985 2417 2046 2449 Dei

409 2469 547 2508 potu-ntia
579 2480 632 2508 por
655 2481 726 2499 vum
757 2470 871 2500 factum
904 2471 1096 2502 andivimus.
1142 2473 1223 2502 Cum
1248 2472 1331 2502 enim
1358 2471 1470 2502 beatus
1496 2471 1559 2502 Leo
1591 2471 1635 2502 ibi
1659 2469 1817 2502 concilia⁴
1840 2469 2047 2509 caelebraret,

518 2576 544 2595 a!
565 2573 673 2596 niolnnit
699 2573 766 2597 sirica
792 2574 919 2597 subducta
945 2575 1004 2603 «ivl,
1031 2581 1053 2600 c!
1079 2576 1169 2600 eadem
1191 2585 1271 2600 manu
1292 2585 1421 2608 superscr.
1444 2577 1595 2602 uulnerauit
1618 2578 1640 2602 l.
1753 2575 1782 2607 b)
1803 2583 1863 2600 cnm
1883 2575 1907 2600 h.
1929 2575 1946 2600 l.
1966 2582 2048 2599 marm
2064 2577 2107 2605 ⁴⁶2

412 2627 427 2641 ι’.
444 2618 535 2642 ΧΓΙΙ.
560 2619 644 2649 «timul.
670 2621 689 2642 l.
766 2620 792 2644 cl
814 2621 919 2643 viulobat
944 2624 964 2645 1,
2126 2607 2128 2642 l

518 2711 542 2734 l»
568 2711 610 2741 (y.
639 2710 796 2734 nansi-amm
823 2711 840 2735 Ι.
859 2712 875 2736 l.
898 2721 925 2743 2¹-
945 2712 1013 2737 587.
1123 2713 1152 2745 22)
1183 2712 1211 2738 l'.
1237 2713 1337 2739 Leonis
1360 2723 1383 2739 c.
1402 2714 1428 2744 3,
1453 2714 1471 2740 l.
1489 2714 1507 2740 l.
1529 2723 1558 2747 p.
1581 2714 1647 2740 152.
1749 2713 1779 2748 3)
1802 2712 1872 2740 Scfl.
1898 2712 2048 2740 Clemenlfl

406 2770 515 2794 Impar,-
539 2760 574 2792 ''s-
604 2761 677 2785 l‘etri
702 2762 837 2786 l'rimi'ani‘
863 2762 943 2786 libri·
966 2767 1039 2794 (Ji-111.
1065 2773 1086 2789 c.
1106 2764 1152 2795 527,
1178 2764 1279 2789 Ia'belli
1301 2765 1334 2790 de
1358 2765 1405 2790 lile
1429 2765 1451 2797 I,
1473 2774 1504 2799 p.
1525 2765 1572 2792 70.
1646 2765 1676 2799 4)
1698 2765 1768 2791 Set'I.
1793 2764 1888 2791 Remis
1909 2773 1937 2791 α.
1958 2763 2046 2796 1049,

412 2815 469 2838 ΗΝ,
488 2813 583 2843 :3-5›‚-
610 2812 771 2844 ,llojlnw‘i‘ar
797 2816 854 2837 ‹te-r.
877 2814 928 2840 11⁸,-
955 2814 1057 2839 Ii'omw‘·
1081 2824 1106 2841 α.
1130 2816 1216 2846 1⁰50,
1241 2816 1310 2849 alpr.
1335 2825 1377 2842 ex.

2096 2901 2101 2906 ·
2094 2760 2109 2879 *AD—&1
2101 2711 2106 2740 ειν
