2132 3067
520 169 557 196 X.
591 170 643 196 DE
664 170 1009 199 EXCOMMUXICATIS
1033 173 1217 201 VITANDIS
1240 174 1322 201 ETC.
1686 172 1744 204 135

95 257 193 289 lensis
216 259 389 300 episcopus
412 257 542 300 prefuit.
643 259 787 289 Primum
812 259 1031 292 Bracarensea
1056 263 1246 293 concilium¹
1272 274 1355 294 anno
1378 263 1437 295 III.
1461 264 1636 295 Ariamirib
1659 265 1744 306 regis

95 309 137 341 ab
168 311 328 352 episcopis
352 309 436 340 VIIe
465 309 611 341 habitum
641 315 790 341 currente
818 310 894 342 hera
922 311 1094 344 DXCIX.21
1117 314 1259 355 capitula
1282 314 1379 345 XVII
1404 321 1515 346 contra
1539 315 1745 346 Priscilliani-

96 367 161 393 stas
184 361 413 404 promulgavit,
437 361 552 393 deinde
576 361 677 392 XXII
701 372 838 393 canones
863 364 1037 394 constituit.
1126 365 1308 396 Secundum
1334 366 1530 397 Bracarense
1554 367 1744 398 concilium²

95 424 180 444 anno
202 413 245 444 ΙΙ.
269 413 365 444 Mirie
398 414 484 455 regis
515 413 555 444 ab
587 413 748 454 episcopis
771 412 837 444 XII
862 413 1007 445 habitum
1039 422 1185 447 currente
1214 416 1291 447 hera
1321 417 1427 448 DCX.
1452 429 1591 449 canones
1616 419 1645 449 X
1671 430 1744 450 con-

62 476 75 495 5
95 465 214 496 stituit:
237 465 290 496 cui
313 464 471 496 Martinus
495 464 705 495 Bracarensis
728 465 901 507 episcopus
926 466 1054 508 prefuit.
1141 467 1311 498 Tercium3
1335 469 1551 500 Bracharense
1575 470 1743 501 concilium

95 516 145 548 XI
176 517 401 559 episcoporum
433 515 635 547 orientalium
665 522 792 558 patrum
824 527 896 547 cum
927 517 1040 548 eodem
1066 518 1204 549 Martino
1233 521 1394 560 excerpsit
1417 526 1447 550 et
1471 521 1653 552 emendavit
1683 522 1742 552 sub

94 568 266 599 LXXIIIs
288 567 436 609 capitula.
546 567 706 607 Quartum
730 568 931 599 Bracarense
962 570 1156 600 concilium⁴
1185 581 1268 600 anno
1296 570 1372 602 1111.
1399 571 1569 603 Wambani
1594 574 1678 614 regis
1702 572 1742 603 ab

94 620 256 661 episcopis
279 619 375 650 VIIII
400 619 545 650 habitum
570 619 646 650 hera
669 619 875 651 DCCXIII.‘='
898 631 1036 652 canones
1062 621 1141 652 VIII
1165 622 1340 655 constituit.
1364 623 1413 653 cui
1432 622 1588 654 Ysidorus
1612 624 1743 665 Spalen-

95 672 160 702 sis⁵
190 671 363 713 episcopus
392 670 546 705 interfuit,
633 671 778 702 Primum
805 670 960 712 Spalense
992 672 1184 703 concilium⁶
1214 684 1298 704 anno
1322 673 1360 705 V.
1386 674 1556 705 Richaredi
1588 676 1672 716 regis
1701 675 1741 706 ab

47 734 75 753 ιο
95 723 256 765 episcopis
287 722 355 754 VI'²
380 722 524 754 habitum
554 721 631 754 hera
661 722 886 754 DCXXVIII.
917 734 1055 755 canones
1086 724 1134 755 III
1167 725 1286 764 statuit,
1319 725 1369 755 cui
1400 725 1548 756 Leander
1578 727 1742 768 Spalensis

94 775 268 817 episcopus
291 774 420 816 prefuit,
442 774 483 806 ad
508 785 605 816 quem
630 780 760 805 sanctus
785 773 964 815 Gregorius
987 775 1124 806 Moralia
1147 776 1285 817 scripsit.
1380 777 1562 808 Secundum
1588 778 1743 820 Spalense

95 825 286 857 concilium⁷
315 831 460 868 tempore
484 825 626 857 Sisebuti
658 827 744 867 regis
774 825 815 856 ab
847 827 1008 868 episcopis
1031 827 1110 858 VIII
1142 827 1286 858 habitum
1318 827 1393 858 hera
1417 827 1580 859 DCLVII.
1605 840 1743 860 canones

94 878 162 910 XII
186 878 354 909 constituit
376 877 528 909 subiectis
552 877 679 908 XLVII
709 877 859 920 capitulis
891 878 930 909 de
961 878 1023 909 fide
1035 884 1060 909 δε
1092 880 1143 910 cui
1173 878 1310 909 concilio
1340 879 1452 909 beatus
1475 879 1634 911 Ysidorus
1665 880 1743 922 Spa-

94 929 192 961 lensis
229 930 401 971 episcopus
438 929 571 971 prefuit,
615 930 669 972 qui
714 940 834 971 eorpus
877 940 1037 961 canonum
1076 931 1324 972 compaginavit.
1392 930 1569 973 Hucusque
1608 931 1743 962 concilia

48 992 75 1011 15
95 981 337 1023 Hispaniarum.

199 1032 309 1064 Haec⁹
340 1038 415 1064 sunt
444 1032 544 1074 igitur
571 1032 772 1063 diversarum
800 1033 1037 1074 provinciarum
1062 1033 1206 1066 concilia.
1237 1044 1319 1075 quae
1343 1033 1508 1075 predictus
1530 1033 1688 1065 Ysidorus
1712 1036 1743 1065 in

93 1083 274 1116 collectario
298 1095 356 1115 suo
380 1084 420 1115 de
443 1083 621 1115 canonibus
645 1083 890 1125 diligentissime
914 1085 1099 1127 descripsit:
1130 1096 1225 1126 quem
1249 1086 1358 1127 utique
1383 1085 1599 1117 collectarium
1624 1087 1648 1116 si
1673 1087 1743 1128 quis

93 1136 238 1168 studiose
268 1135 451 1178 perlegerit,
481 1135 668 1178 plenissime
699 1136 762 1175 illa,
793 1146 875 1178 quae
899 1148 957 1168 nos
981 1137 1164 1167 summatim
1191 1148 1290 1178 supra
1314 1137 1488 1178 tetigimus,
1519 1149 1552 1168 se
1582 1138 1743 1169 invenisse

93 1188 260 1230 gaudebit.

46 1253 73 1272 20
201 1240 313 1271 Preter
340 1238 420 1270 haec
448 1245 555 1270 autem
586 1238 679 1281 plura
706 1239 914 1271 inveniuntur
942 1239 1087 1278 concilia,
1118 1246 1152 1270 ut
1175 1240 1454 1281 mogunciensem,
1484 1240 1688 1272 Nannetense
1713 1246 1743 1271 et

93 1290 157 1322 alia
179 1291 365 1322 huiusmodi
389 1296 551 1330 sexcenta,
582 1302 663 1333 quae
687 1296 793 1322 tamen
817 1302 1022 1334 nequaquam
1046 1296 1274 1333 contempnere
1300 1291 1465 1326 debemus,
1493 1302 1562 1322 cum
1588 1292 1687 1322 multa
1710 1293 1742 1322 in

93 1343 143 1374 his
167 1343 404 1375 ecclesiasticae
427 1343 632 1385 dispositioni
656 1343 838 1374 necessaria
870 1344 1084 1384 reperiamus3
1115 1343 1282 1384 presertim
1308 1354 1378 1373 cum
1404 1350 1434 1374 et
1459 1343 1593 1374 Romani
1618 1344 1743 1386 pontifi-

93 1406 147 1427 ces
169 1394 224 1426 illa
246 1406 303 1437 per
326 1395 509 1437 provincias
533 1394 690 1426 celebrari
714 1395 868 1425 iusserint
891 1405 994 1436 eaque
1018 1395 1084 1425 suis
1108 1394 1322 1436 legationibus
1346 1395 1544 1426 auctorizare
1572 1406 1744 1426 consueve-

91 1447 166 1478 rint.
213 1446 284 1477 Hoc
307 1457 384 1477 vero
407 1445 602 1487 generaliter
631 1447 663 1477 in
694 1445 893 1488 quibuslibet
916 1445 1171 1488 provincialibus
1195 1446 1338 1477 conciliis
1362 1453 1409 1478 est
1433 1446 1678 1482 observandum,
1711 1452 1745 1478 ut

45 1510 72 1529 25
92 1498 147 1530 illa
170 1509 298 1540 semper
321 1498 463 1539 capitula
484 1499 689 1540 recipiamus,
721 1508 933 1540 quaecunque
957 1497 1142 1539 apostolicis
1171 1504 1202 1529 ct
1234 1499 1469 1529 universalibus
1494 1499 1648 1529 institutis
1672 1509 1744 1529 con-

92 1561 206 1582 sonare
229 1556 261 1581 et
283 1549 539 1581 aecclesiasticae
561 1549 691 1581 utilitati
712 1555 895 1591 competere
916 1549 1095 1581 videamus.
1142 1550 1223 1580 Nam
1242 1551 1344 1581 saneti
1361 1556 1503 1592 patres¹¹
1523 1551 1581 1581 sub
1599 1550 1742 1581 districto

91 1602 295 1634 anathemate
323 1601 412 1633 illum
442 1602 636 1644 dampnasse
667 1601 833 1642 leguntur,
871 1602 1055 1643 quicunque
1087 1602 1341 1633 orthodoxorum
1373 1608 1497 1644 patrum
1531 1608 1649 1633 statuta
1679 1613 1743 1632 non

91 1655 261 1696 receperit,
290 1665 373 1695 quae
404 1652 642 1684 universalibus
666 1652 808 1684 conciliis
832 1663 1010 1684 consonare
1035 1655 1246 1695 perspexerit.
1291 1654 1353 1684 Per
1384 1654 1600 1684 contrariumi
1634 1660 1742 1684 autem

91 1717 251 1748 nusquam
273 1704 328 1736 illa
348 1707 494 1747 recipere
523 1705 692 1744 debemus,
722 1715 933 1747 quaecunque
965 1705 1148 1746 apostolicis
1178 1712 1208 1737 et
1238 1704 1474 1736 universalibus
1505 1705 1658 1735 institutis
1689 1703 1743 1734 ad-

44 1768 72 1787 30
91 1758 214 1789 versari
237 1758 445 1799 percipimus,
468 1768 508 1788 ne
531 1756 642 1788 itidem
668 1757 727 1788 sub
752 1756 929 1787 inevitabili
953 1757 1156 1789 anathemate
1185 1768 1365 1799 pereamus.
1411 1756 1531 1787 Beatus
1556 1757 1638 1786 enim
1665 1756 1744 1787 Gre-

91 1810 202 1851 gorius
225 1819 311 1850 papa
333 1809 457 1850 primus
481 1820 592 1840 omnes
615 1820 633 1839 a
657 1807 890 1850 principalibus
915 1808 1060 1839 conciliis
1084 1809 1310 1840 dissentientes
1339 1810 1369 1838 in
1401 1808 1553 1849 synodica
1583 1819 1641 1838 sua
1670 1818 1742 1838 ana-

91 1859 314 1892 thematizavit
325 1866 361 1892 ¹².
400 1856 491 1891 Idem
514 1859 590 1891 alibi
602 1865 628 1882 ¹³
652 1860 759 1890 omnia
782 1861 882 1890 sacris
900 1861 1078 1891 canonibus
1095 1860 1231 1891 adversa
1248 1861 1307 1892 sub
1324 1860 1527 1891 anathemate
1545 1859 1742 1900 dampnavit.

92 1912 152 1943 His
175 1913 287 1954 utique
310 1912 477 1943 sententiis
500 1911 545 1942 illi
569 1911 790 1943 indubitanter
813 1911 1000 1952 multantur,
1025 1913 1209 1954 quicunque
1233 1912 1353 1954 aliquid
1378 1913 1408 1942 in
1433 1912 1618 1941 canonicam
1637 1916 1742 1940 aucto-

89 1964 218 1995 ritatem
241 1965 388 2005 recipere
411 1969 610 2005 presumunt,
634 1963 719 2006 quod
743 1964 915 1995 autenticis
932 1964 1153 1994 sanctionibus
1171 1964 1336 1995 adversari
1354 1962 1606 2005 deprehendunt.
1643 1962 1741 1992 Beato

43 2025 71 2045 35
91 2025 219 2058 quoque
239 2016 459 2057 Augustin0¹⁴
482 2020 645 2046 asserente
671 2014 854 2056 didicimus,
883 2015 969 2057 quod
994 2015 1049 2046 illa
1072 2015 1217 2055 concilia,
1242 2026 1323 2056 quae
1348 2027 1404 2056 per
1427 2014 1569 2054 singulas
1593 2014 1741 2054 regiones

91 2065 141 2098 vel
164 2067 347 2109 provincias
370 2067 461 2106 fiunt,
491 2067 708 2109 plenariorum
733 2067 943 2098 conciliorum
969 2069 1151 2098 auctoritati
1161 2068 1183 2107 k,
1213 2078 1293 2109 quae
1322 2078 1362 2097 ex
1385 2067 1536 2097 universo
1560 2064 1636 2095 orbe
1661 2064 1741 2095 chri-

91 2119 196 2150 stiano
218 2118 309 2159 fiunt,
332 2119 401 2150 sine
424 2118 497 2150 ullis
520 2119 716 2161 ambagibus
740 2120 868 2150 cedunt.

197 2169 250 2201 De
279 2171 469 2202 auctoritate
505 2176 613 2201 autem
649 2171 794 2212 ipsorum
826 2170 1057 2212 pontificalium
1098 2170 1298 2200 decretorum
1336 2168 1421 2199 nulla
1456 2168 1549 2198 nobis
1583 2167 1740 2198 dubitatio

91 2220 292 2264 relinquitur,
323 2227 432 2252 cum¹⁵
457 2228 488 2253 et
510 2223 581 2263 ipsa
604 2222 799 2253 universalia
823 2222 957 2253 concilia
981 2223 1204 2252 auctoritatem
1230 2221 1347 2251 exinde
1372 2221 1571 2262 perceperint
1600 2230 1658 2249 nec
1686 2218 1739 2249 ali-

45 2282 73 2302 -10
92 2273 177 2304 unde
201 2273 390 2315 synodicam
414 2273 597 2304 firmitatem
622 2274 739 2305 habere
762 2276 933 2316 potuerint.
981 2274 1070 2305 Haec
1094 2284 1171 2314 ergo
1196 2278 1226 2304 et
1250 2284 1306 2303 nos
1331 2271 1610 2303 inretractabiliter
1635 2271 1741 2301 obser-

91 2335 168 2356 vare
201 2324 367 2364 debemus,
398 2331 432 2356 ut
463 2324 633 2366 apostolici
665 2332 773 2368 patres
804 2327 896 2357 nobis
927 2337 967 2356 ex
998 2324 1174 2367 apostolica
1205 2326 1394 2356 auctoritate
1426 2329 1648 2364 preceperunt,
1685 2333 1740 2363 per

92 2387 190 2418 quam
214 2382 246 2408 et
267 2376 403 2407 aliorum
428 2382 547 2408 statuta
569 2376 664 2408 nobis
687 2377 727 2408 ad
752 2377 989 2408 observandum
1014 2378 1220 2407 canonizasse
1244 2375 1407 2417 leguntur:
1432 2386 1546 2416 nempe
1565 2374 1738 2404 beatissimi

203 2459 229 2489 a)
249 2459 325 2484 Bate.
348 2457 370 2482 7.
439 2459 468 2484 b>
488 2459 621 2483 AJ-imiarii
645 2460 667 2483 7.
740 2460 766 2485 ε’)
787 2460 852 2483 VHI
874 2459 935 2483 soll.
957 2459 1036 2489 Hz'sp.
1115 2458 1143 2482 dl
1164 2458 1276 2481 DLXIX
1299 2459 1322 2481 T.
1400 2462 1426 2481 e)
1447 2457 1557 2480 Mironis
1578 2455 1638 2480 (Ml.
1660 2454 1738 2485 Ηίψ.

92 2503 114 2534 f)
133 2504 291 2528 LXXXIIII
312 2503 374 2529 Coll.
395 2504 475 2536 Hisp.
570 2510 600 2536 g>
620 2505 737 2529 DCXHI
760 2507 782 2530 7,
878 2505 906 2529 Ῐή
927 2505 992 2528 VIII
1012 2513 1060 2528 scr.
1084 2504 1145 2527 ls'ol‘.
1167 2503 1246 2534 Ili-sl».
1342 2504 1362 2529 ἰ)
1384 2503 1517 2527 contrario
1541 2503 1563 2525 7.
1658 2501 1686 2524 k>
1708 2508 1738 2523 Cf

45 2558 73 2577 45
93 2551 251 2575 auctoritate
272 2559 340 2575 corr.
363 2551 386 2574 ἲ.

202 2626 229 2660 1)
250 2626 284 2652 A.
303 2625 362 2651 563
386 2625 484 2659 (561).
574 2627 602 2660 ’2)
626 2628 658 2653 Α,
677 2627 747 2652 572.
837 2627 865 2649 3)
892 2625 1025 2658 Cupilrda
1048 2624 1171 2650 i'llrrrtz'm'
1196 2624 1391 2654 limiam-emis,
1420 2622 1551 2648 ,llaaxffli
1577 2626 1589 2651 ς’
1615 2622 1673 2645 Ηῖῖἶ)
1697 2631 1736 2652 «κγ.

94 2676 124 2711 4)
149 2676 179 2704 C'.
204 2686 231 2704 α.
257 2677 327 2703 6ῗ5.
437 2677 465 2707 ὁ)
494 2677 581 2702 Immo
610 2678 803 2703 :lsrnriceumla
837 2677 947 2701 Isidoro
978 2685 1019 2709 ‘'p-
1047 2676 1158 2708 Hispal.
1184 2685 1210 2701 ιι.
1237 2675 1305 2699 (3315.
1332 2678 1446 2698 mortim.
1557 2673 1585 2698 6)
1610 2673 1641 2697 Α,
1668 2672 1736 2695 50⁴¹.

96 2727 124 2762 7)
147 2729 180 2755 Α.
201 2728 270 2754 619.
360 2728 389 2761 8)
414 2729 580 2759 Bernaldus,
607 2729 698 2753 neseio
722 2738 756 2753 an
782 2738 804 2754 c.
830 2728 873 2759 13,
899 2738 952 2761 qao
975 2728 1008 2751 ‹ln›
1025 2727 1083 2759 fide
1106 2727 1208 2759 (mitur,
1234 2726 1276 2750 hir·
1300 2725 1451 2756 intcllr’yrzl.
1542 2726 1556 2747 ἱ·
1597 2724 1673 2747 llam»
1699 2737 1733 2740 ——

94 2779 233 2813 gaudebit
256 2788 289 2804 επ
313 2779 469 2805 Hincmaro
493 2789 515 2805 c.
534 2780 571 2803 33
597 2780 747 2813 (Turi-ian.
772 2780 790 2805 l.
815 2779 841 2803 l'.
867 2790 890 2804 ις,
909 2779 956 2803 ¹2²1.
978 2788 1007 2811 ]¹.
1029 2778 1111 2809 552)st
1204 2778 1249 2802 101
1282 2776 1310 2802 Γ.
1335 2785 1419 2808 :supra
1443 2785 1471 2809 p.
1492 2775 1539 2800 07.
1630 2775 1676 2805 117·
1710 2773 1735 2798 l'.

47 2838 74 2856 50
93 2838 179 2864 &upra
198 2839 228 2863 p.
247 2830 296 2862 (33,
319 2840 346 2856 n.
367 2831 394 2857 8.
480 2830 526 2863 12)
557 2831 584 2858 V.
609 2840 697 2864 supra
716 2839 747 2864 p.
770 2831 834 2855 12¹³.
928 2830 974 2862 13)
1005 2829 1033 2855 V.
1057 2837 1143 2862 supra
1165 2838 1194 2862 p.
1214 2830 1240 2853 S.
1343 2828 1389 2852 14i
1416 2827 1459 2851 lte
1482 2827 1556 2859 bapt.
1582 2835 1603 2849 v.
1632 2825 1735 2848 Iloua(-

95 2881 113 2907 l.
129 2881 170 2914 II,
192 2883 206 2912 ἓ
231 2882 258 2913 4,
285 2881 356 2915 Opp.
380 2883 422 2907 cd.
447 2882 552 2908 Bened.
577 2886 595 2906 t.
614 2881 668 2913 IX,
692 2881 742 2907 col.
762 2881 810 2907 98.
902 2881 949 2913 111)
980 2880 1007 2907 l'.
1027 2889 1114 2912 supra
1135 2889 1163 2913 p.
1183 2880 1231 2907 62²,

1764 1252 1808 1275 1¹50)

1761 2177 1807 2201 (ῆι)
