2132 3067
242 155 471 183 TRACTATUS
496 157 546 182 DE
570 157 688 184 REGIA
711 158 933 185 POTESTATE
956 160 1004 186 ET
1027 160 1294 188 SACERDOTALI
1319 162 1540 188 DIGNITATE.
1578 163 1613 189 11.
1695 160 1757 191 433

578 246 794 284 1NC1P1T³
822 249 973 285 LIBER
1001 250 1281 288 SECUNDUS.

215 317 241 346 1.
289 314 394 345 Finito
419 313 605 355 precedenti
621 314 728 346 libello
746 322 850 347 tacere
867 316 1132 355 deliberaveram,
1157 319 1186 349 id
1213 326 1270 359 est,
1295 330 1313 349 a
1336 321 1475 360 presenti
1501 322 1629 361 negotio
1654 322 1756 363 quies-

108 378 188 406 cere,
212 372 243 397 et
266 364 345 396 alias
369 367 510 396 animum
538 366 712 407 applicare,
745 377 815 397 cum
842 379 916 399 ecce
942 369 1030 399 venit
1054 370 1147 400 miehi
1173 371 1202 400 in
1227 377 1363 401 mentem
1389 371 1465 402 illud
1490 371 1574 414 quod
1599 374 1754 414 scriptum

108 424 164 458 est,
188 418 264 460 quia
286 418 322 448 in
348 429 401 448 ore
425 417 561 448 duorum
588 418 635 448 vel
659 420 756 449 trium
783 421 910 450 testium
934 421 1030 451 stabit
1055 432 1144 452 omne
1171 423 1306 453 verbum.
1360 423 1399 453 Et
1430 434 1504 453 mox
1534 424 1665 455 recaluit
1689 425 1754 455 ani-

76 484 88 502 5
107 481 176 500 mus
201 479 301 509 meus,
332 475 363 499 et
396 476 589 510 oportunum
615 480 684 500 esse
708 470 861 511 iudicavi,
893 478 927 502 ut
958 472 997 502 de
1028 471 1087 503 hac
1119 473 1296 515 eademque.
1327 486 1368 512 re,
1400 474 1439 505 de
1473 486 1535 517 qua
1565 477 1625 506 iam
1656 487 1753 507 unum

106 521 222 553 librum
247 519 421 557 edideram,
447 520 586 552 facerem
611 526 642 551 et
665 521 851 559 secundum,
876 523 1027 564 quatinus
1045 523 1170 555 duobus
1187 524 1276 555 libris
1300 537 1348 555 res
1373 537 1434 556 una
1458 526 1594 557 validius
1612 528 1755 558 firmetur

107 578 137 604 et
159 572 394 603 corroboretur.
440 572 538 603 Porro
563 571 644 603 libro
670 574 827 614 superiori
853 585 979 605 omnem
1010 582 1197 616 potestatem
1223 588 1240 606 a
1265 576 1334 606 Deo
1359 588 1428 607 esse
1453 577 1642 619 dispositam
1668 579 1754 611 satis.

106 626 190 656 sicut
214 634 295 663 reor,
320 623 529 655 ostendimus.
575 623 667 654 Nunc
699 631 804 655 autem
837 625 1018 666 legentibus
1048 627 1213 658 evidenter
1236 628 1400 658 notificare
1430 629 1640 668 decrevimus,
1669 631 1753 672 quod

105 677 173 718 ipse
203 676 294 707 Deus
329 675 408 706 duas
440 675 622 717 specialiter
654 681 829 717 potestates
860 677 892 707 in
923 677 1080 709 aecclesia
1112 690 1170 709 sna
1201 686 1312 710 sancta
1348 679 1518 711 collocavit
1552 687 1646 722 atque
1682 692 1752 712 con-

61 741 86 760 ιο
106 728 215 767 stituit,
240 727 363 769 regiam
388 726 539 758 videlieet
562 732 592 758 et
616 727 862 768 sacerdotalem,
886 740 949 759 non
975 730 1095 771 absque
1114 741 1229 771 magno
1254 742 1290 761 ac
1315 730 1525 762 saluberrimo
1544 739 1754 764 sacramento.

105 780 193 819 Quas
216 779 296 810 duas
325 784 501 821 potestates
532 780 602 820 ipsa
625 779 687 810 Dei
720 781 878 821 sapientia
911 791 1048 814 carnem,
1080 782 1110 812 in
1143 793 1205 824 qua
1235 783 1337 813 videri
1364 789 1481 824 posset,
1513 795 1689 824 assumens,
1721 785 1752 815 in

104 832 225 863 unitate
249 842 325 862 suae
351 842 507 873 personae
531 832 682 872 suscepit,
707 838 738 862 et
761 842 814 862 eas
839 832 868 861 in
894 843 931 862 ea
954 832 1025 863 ideo
1051 833 1188 874 quadam
1212 835 1423 875 germanitate
1444 835 1503 865 sibi
1521 842 1631 865 mutuo
1656 836 1753 866 socia-

105 885 148 915 vit
164 889 259 926 atque
280 884 480 921 coniunxit¹‚
504 889 539 914 ut
562 889 593 913 et
616 894 714 913 unum
740 884 781 914 sit
804 884 836 914 in
861 884 906 913 eis
930 890 1065 914 vim-ulum
1088 891 1203 915 caritatis
1227 896 1364 926 semper⁷
1390 886 1474 927 quod
1492 897 1665 928 numquam
1691 887 1751 918 dis-

104 936 265 977 iungatur,
289 940 320 966 et
342 940 376 966 ut
393 934 508 966 ambae
525 934 586 965 sibi
604 935 743 965 invicem
761 934 899 966 fideliter
915 935 1105 967 adherentes
1123 942 1232 967 mutuo
1250 938 1412 968 socientur
1433 943 1463 968 et
1486 939 1750 979 compaginentur.

59 999 86 1019 ιε»
103 993 208 1018 vicaria
230 987 315 1018 enim
339 993 380 1017 sui
403 1001 453 1024 ope
477 985 528 1017 vel
553 985 763 1027 opitulatione
789 1001 893 1024 semper
922 993 1099 1025 indigent23
1133 994 1163 1019 et
1193 989 1255 1018 nisi
1287 989 1348 1019 sibi
1379 989 1519 1019 invicem
1552 991 1752 1027 conveniant,

104 1038 237 1070 fluctuat
268 1050 362 1070 omne
394 1049 512 1080 corpus
544 1037 731 1076 aecclesiae,
764 1043 795 1069 et
826 1050 882 1080 per
911 1039 1035 1070 incerta
1064 1039 1203 1081 populus
1228 1045 1414 1081 evagatm·³.
1460 1040 1599 1072 Proinde
1622 1043 1696 1083 quia
1721 1043 1751 1072 in

104 1091 229 1122 duobus
254 1091 436 1133 praeceptis
460 1095 559 1121 totam
583 1089 688 1131 legem
713 1095 744 1120 ct
767 1090 940 1132 prophetas
964 1091 1105 1132 pendere
1130 1092 1198 1132 ipse
1222 1091 1381 1122 Dominus
1408 1092 1491 1123 dixit
1514 1093 1544 1122 in
1570 1093 1751 1134 euangelio.

104 1149 135 1174 et
151 1143 226 1185 quia
242 1143 359 1174 caritas
375 1143 504 1184 gemina
520 1153 590 1172 esse
608 1141 788 1172 dinoscitur
805 1161 843 1165 —
860 1143 924 1173 duo
949 1144 1069 1184 quippe
1087 1148 1160 1173 sunt
1176 1143 1276 1185 ipsius
1302 1144 1444 1174 caritatis
1465 1150 1646 1186 praecepta,
1672 1146 1753 1175 sicut

101 1195 164 1226 iam
182 1195 334 1234 diximus,
348 1213 386 1217 —
399 1193 479 1225 duas
497 1193 726 1224 convenienter
743 1198 918 1235 potestates
934 1194 1024 1225 Deus
1041 1201 1072 1226 et
1089 1195 1238 1225 dominus
1257 1196 1396 1226 omnium
1415 1196 1446 1226 in
1463 1195 1617 1228 aecclesia
1635 1197 1752 1231 statuit,

57 1257 84 1276 20
104 1247 221 1289 quibus
252 1246 526 1288 dispensationem
559 1246 718 1283 omnium,
753 1256 835 1287 quae
866 1246 950 1276 intra
982 1247 1084 1287 ipsam
1119 1253 1287 1287 geruntur,
1323 1248 1523 1279 committere
1558 1249 1753 1289 procuravit.

103 1298 173 1338 His,
197 1300 338 1341 inquam,
362 1297 488 1328 duabus
513 1297 725 1339 potestatibus
751 1299 842 1339 quasi
865 1297 935 1329 aliis
959 1298 1085 1329 duabus
1109 1297 1239 1329 fulcitur
1256 1304 1286 1329 et
1303 1304 1514 1339 sustentaturg
1539 1306 1569 1330 et
1593 1299 1641 1330 his
1665 1311 1753 1341 prae-

103 1351 191 1382 ditab
214 1349 316 1381 libero
340 1349 450 1380 volatu
474 1354 620 1391 penetrat
643 1349 779 1380 caelum.
825 1349 948 1380 Harum
982 1350 1077 1380 etiam
1110 1350 1267 1381 industria
1299 1356 1492 1392 potestatum
1523 1350 1597 1382 olim
1628 1356 1691 1381 tam
1722 1352 1752 1381 in

102 1402 202 1434 Iudea
225 1413 320 1444 quam
345 1407 377 1432 et
399 1402 482 1433 iuter
504 1400 640 1443 gentiles
665 1402 779 1432 meruit
803 1401 938 1432 exaltari
962 1407 993 1432 et
1017 1401 1167 1433 nobiliter
1184 1401 1350 1432 sublimari
1375 1408 1405 1433 et
1429 1403 1539 1433 harum
1557 1408 1752 1444 potestatum

102 1454 156 1496 pia
179 1465 256 1485 cura
279 1465 318 1484 ac
340 1453 488 1494 vigilanti
517 1452 665 1484 sollercia
697 1452 842 1484 extendit
872 1453 1021 1495 palmites
1051 1465 1126 1484 suos
1157 1466 1175 1484 a
1206 1455 1286 1484 mari
1317 1465 1418 1496 usque
1442 1454 1482 1485 ad
1507 1466 1604 1486 mare.
1658 1455 1752 1494 Quod

56 1516 83 1536 π
103 1506 263 1548 quomodo
287 1506 470 1547 contigerit,
501 1505 533 1536 id
565 1511 613 1536 est
645 1504 782 1547 qualiter
806 1516 865 1546 per
888 1504 945 1535 has
976 1505 1055 1536 duas
1079 1510 1254 1547 potestates
1279 1506 1340 1536 Dei
1364 1507 1469 1547 gratia
1493 1506 1665 1537 eomitante
1690 1517 1753 1537 cre-

103 1558 184 1589 verit
214 1562 246 1589 et
274 1556 460 1595 adoleverit,
493 1568 550 1598 pro
583 1556 713 1588 modulo
744 1562 874 1588 nostrae
906 1557 1059 1587 scientiae
1090 1558 1206 1589 nostris
1235 1568 1320 1588 nunc
1343 1557 1545 1588 auditoribus
1568 1557 1752 1588 referemus

103 1609 292 1641 Summatim
317 1614 423 1640 tamen
449 1608 586 1651 quedam
612 1609 827 1650 perstringam
838 1615 860 1647 ⁰,
885 1609 961 1650 quia
978 1615 1092 1640 cuncta
1115 1609 1155 1640 ad
1182 1610 1239 1641 hec
1265 1610 1457 1651 pertinentia
1473 1610 1648 1650 generatim
1668 1620 1752 1640 com-

102 1660 198 1703 plecti
221 1671 285 1692 non
308 1660 411 1692 valeo.

206 1713 236 1744 A
263 1712 394 1755 regibus
424 1718 530 1743 tamen
554 1718 585 1743 et
608 1712 775 1754 prophetis
799 1712 951 1744 Iudaicae
981 1713 1086 1754 gentis
1115 1712 1284 1743 exordium
1311 1723 1446 1745 sumam.
1492 1712 1622 1753 Moyses
1652 1713 1751 1752 igitur

56 1774 82 1794 so
103 1764 168 1795 dux
193 1765 312 1806 pariter
335 1771 366 1796 et
389 1765 546 1806 propheta
566 1763 810 1795 Hisraheliticae
832 1765 946 1805 gentis7
971 1771 1006 1795 ut
1030 1764 1124 1795 modo
1149 1764 1262 1795 melius
1281 1764 1440 1795 Davidico
1464 1770 1590 1794 utamur
1613 1762 1749 1804 eloquioy

99 1817 261 1858 percussit
284 1817 444 1858 Eyiptum
475 1828 546 1848 cum
573 1817 807 1858 primogyeozitis
837 1827 955 1856 eorum,
987 1821 1017 1846 et
1045 1817 1158 1847 eduxit
1181 1816 1286 1847 Israel
1309 1817 1348 1846 de
1372 1816 1474 1847 medio
1497 1817 1566 1846 eius
1591 1816 1623 1845 in
1650 1826 1749 1845 manu

100 1869 224 1910 potenti
246 1873 274 1899 et
296 1868 354 1899 ind
378 1868 512 1900 brachio
536 1868 658 1900 eaecelso
681 1873 712 1899 et
735 1868 850 1899 divisit
871 1879 962 1899 mare
986 1868 1132 1898 Rubrum
1160 1869 1191 1899 in
1218 1869 1407 1908 divisiones,
1436 1873 1463 1898 et
1487 1867 1600 1897 edzwit
1624 1866 1749 1897 Israhel

97 1932 158 1962 per
180 1920 318 1951 medium
344 1921 424 1960 eius,
448 1925 476 1951 et
499 1921 641 1951 eoecussit
656 1919 865 1951 Pharaonem
890 1924 917 1949 et
941 1920 1090 1950 virtutem
1106 1921 1177 1951 eius
1203 1921 1236 1950 [η
1260 1920 1347 1950 mari
1365 1919 1485 1957 Rubro,
1510 1925 1540 1949 et
1556 1917 1747 1948 transduaeit

99 1972 257 2014 populum
280 1983 376 2002 suum
396 1983 458 2014 per
480 1972 651 2012 desertum,
681 1976 708 2002 et
734 1973 902 2013 percussit
924 1977 1036 2013 gentes
1062 1971 1187 2011 multas,
1212 1976 1238 2001 et
1262 1970 1380 2002 occidit
1404 1981 1494 2011 reyes
1513 1970 1631 2010 fortes,
1664 1969 1744 2000 Semi

55 2033 82 2053 ³⁵
101 2035 208 2066 regem
237 2024 477 2064 Amor-reorum,
505 2029 533 2055 et
562 2023 611 2064 Oq
641 2034 747 2065 regem
771 2023 897 2056 Basan,
929 2028 956 2054 et
985 2024 1074 2054 (ledit
1102 2029 1223 2054 terram
1252 2034 1361 2053 eorum
1393 2022 1597 2052 hereditatem
1627 2020 1746 2062 populo

101 2086 168 2116 su0,
192 2074 279 2106 illum
305 2075 491 2117 significans
514 2086 623 2117 regem
647 2086 684 2106 ac
710 2080 870 2116 pastorem
896 2075 1111 2113 mitissimum,
1136 2075 1189 2116 qui
1215 2073 1364 2104 transfert
1387 2074 1418 2104 in
1442 2084 1475 2104 se
1500 2072 1666 2103 credentes
1690 2083 1748 2113 per

102 2138 190 2168 spem
222 2132 254 2159 et
282 2127 378 2158 fidem
410 2126 450 2158 de
480 2126 674 2158 mortalitate
702 2127 743 2158 ad
776 2125 1048 2158 inmortalitatem.
1100 2126 1204 2165 Unde,
1235 2127 1317 2156 sicut
1340 2126 1372 2156 in
1395 2125 1476 2156 libro
1501 2124 1658 2166 superiori
1682 2124 1744 2154 iam

101 2177 272 2218 diximus⁴‚
304 2185 510 2210 sacrosancto
541 2179 684 2210 misterio
715 2180 746 2209 in
779 2179 907 2210 heremo
933 2179 994 2209 Dei
1019 2177 1261 2209 tabernaculum
1286 2176 1461 2215 edificavit,
1486 2181 1516 2207 et
1539 2177 1648 2206 Aaron
1673 2186 1745 2206 con-

101 2231 249 2270 seeravit,
280 2242 317 2262 ac
347 2230 466 2272 populo
497 2231 604 2262 divine
633 2230 713 2272 legis
745 2235 918 2272 praecepta
949 2230 1126 2271 proposuit.
1178 2229 1285 2260 Aaron
1312 2239 1387 2259 vero
1411 2229 1442 2258 in
1466 2228 1566 2269 virga,
1597 2238 1692 2269 quam
1717 2227 1744 2258 ei

55 2359 82 2378 40
210 2355 236 2386 a)
259 2355 330 2379 deest
352 2357 376 2381 1.
453 2355 479 2386 b)
503 2355 608 2387 prodita
631 2356 652 2380 l.
731 2356 754 2385 c)
777 2355 973 2386 perstringuam
995 2354 1020 2378 Q.
1097 2354 1125 2377 ‹l›
1146 2353 1216 2377 dces!
1238 2355 1261 2377 2.

209 2466 237 2500 1)
258 2466 352 2501 Epist.
377 2467 508 2493 Heinrici
531 2466 584 2493 [Γ.
610 2467 648 2493 ad
671 2466 838 2500 Gregorizcm
863 2475 890 2491 a.
912 2465 1000 2496 1073,
1024 2465 1102 2497 Jaffe'
1127 2465 1167 2497 ΙΙ,
1188 2474 1217 2499 p.
1236 2465 1291 2496 46‚·
1316 2465 1399 2498 Iquo
1422 2465 1504 2490 Flac.
1526 2473 1556 2497 p.
1575 2464 1649 2488 425:
1674 2461 1744 2488 Cum

102 2523 221 2551 regnum
245 2520 274 2543 et
297 2518 500 2545 sacerdotium.
529 2521 560 2543 ut
591 2518 619 2543 in
643 2517 757 2543 Clu-isto
782 2517 835 2543 rite
861 2516 1061 2542 administrata
1091 2516 1259 2547 subsistant,
1289 2516 1397 2541 vicaria
1420 2515 1462 2541 sui
1488 2523 1542 2548 ope
1567 2522 1681 2547 semper
1704 2513 1742 2538 in-

103 2567 229 2603 digeant,
261 2572 378 2603 oportet
404 2569 548 2603 nimirum,
579 2569 694 2595 domine
719 2569 755 2594 mi
781 2572 809 2594 et
831 2572 915 2602 pater
939 2567 1144 2600 amantissime,
1175 2567 1309 2601 quatinus
1334 2567 1370 2593 ab
1395 2566 1516 2592 invicem
1548 2565 1663 2591 minime
1689 2564 1742 2589 dis-

103 2619 237 2654 sentiant,
260 2629 359 2647 verum
382 2621 479 2655 potius
504 2620 611 2647 Christi
635 2620 760 2655 gluttino
785 2619 1022 2646 coniunctissima
1045 2618 1289 2645 indissolubiliter
1317 2618 1372 2644 sibi
1401 2617 1568 2644 cohereant.
1614 2616 1743 2649 Namque

55 2675 82 2696 ⁴⁵
102 2670 143 2697 sie
165 2674 195 2697 et
216 2680 274 2698 non
299 2672 384 2698 aliter
407 2675 595 2698 conservatur
626 2672 653 2697 in
682 2671 797 2697 vinculo
826 2670 974 2705 perfectae
1004 2669 1132 2695 caritatis
1162 2673 1190 2696 ct
1213 2670 1303 2704 pacis,
1333 2673 1361 2695 et
1390 2669 1564 2695 christianae
1589 2666 1742 2693 concordia

103 2721 219 2749 unitatis
243 2727 273 2750 et
295 2723 530 2750 aecclesiasticae
555 2723 638 2749 simul
663 2726 754 2749 status
778 2721 944 2755 religionis3
968 2721 1004 2754 ef.
1026 2721 1182 2756 proloyum.
1257 2720 1286 2756 2)
1313 2721 1357 2754 Cf.
1384 2720 1538 2747 Jieusdedic
1564 2720 1623 2745 Lib.
1649 2721 1743 2743 contra

102 2773 244 2802 invasores
261 2776 348 2810 prol.²
377 2784 465 2809 supra
486 2784 515 2809 p.
533 2775 612 2809 300,·
644 2775 823 2800 Humbertmn
854 2777 950 2799 contra
974 2773 1071 2799 simon.
1089 2773 1146 2805 III,
1171 2782 1194 2799 c.
1212 2773 1260 2804 ⁵21,
1286 2773 1347 2799 Lib.
1365 2773 1388 2805 J,
1410 2781 1439 2805 p.
1458 2772 1525 2798 2:25.
1646 2770 1674 2801 3)
1701 2769 1743 2801 Cf.

101 2824 178 2858 infra
198 2835 229 2860 p.
246 2826 318 2853 485.
406 2827 435 2852 4*
458 2827 492 2853 L.
509 2827 534 2859 J,
558 2836 581 2853 c.
600 2827 627 2859 3,
649 2835 678 2859 p.
698 2825 767 2852 468.

1464 2875 1510 2900 *31*

1777 439 1852 458 &Con
1865 439 1925 463 13,1.

1772 874 1872 897 «mauge
1882 873 1916 893 Fi.

1787 903 1826 923 SS.
1836 903 1898 927 vul,

1802 939 1823 957 p.
1832 933 1882 952 425.

1772 1041 1922 1090 Μηιιὶῖἷὲέάο,

1774 1156 1803 1174 ib.

1770 1809 1866 1831 l'S.l3-1,

1771 1840 1854 1858 10-21
