2132 3067
515 153 551 179 X.
586 154 638 180 DE
661 153 1007 182 EXCOMMUNICATIS
1030 156 1214 184 VITANDIS
1238 157 1320 185 ETC.
1679 156 1731 186 121

94 243 168 286 quia
197 242 257 272 hoc
289 247 523 272 sacramentum
549 252 569 271 a
591 241 678 272 nullo
708 248 758 273 est
786 242 1030 284 neglegendum.
1083 245 1255 276 Sciendum
1288 252 1391 277 autem
1425 258 1485 277 non
1516 259 1573 288 pei·
1602 248 1734 278 eandem

94 305 205 324 manus
228 294 465 334 impositionem
490 294 717 335 suscipiendos
741 305 803 332 eos,
829 295 883 336 qui
907 295 992 335 apud
1018 295 1175 327 hereticos
1201 297 1352 338 baptizati
1377 306 1459 339 sunt,
1484 307 1513 330 et
1537 310 1600 333 cosv
1626 301 1678 340 qui
1705 300 1735 329 in

93 345 252 376 catholiea
282 345 435 386 baptizati
471 351 582 386 postea
613 345 644 374 in
677 345 811 376 heresim
844 345 1010 387 prolapsia
1042 354 1125 378 sunt.
1193 348 1285 378 Unde
1319 350 1429 379 beatus
1461 350 1617 389 Vigilius¹
1651 362 1735 392 papa

93 397 236 428 scribens
254 395 462 427 Eleutheriob
479 397 647 437 episcopo:
667 396 797 435 Eorum,
814 397 928 438 inquit,
945 398 1181 438 baptizatorum
1194 406 1215 438 ὓ,
1241 400 1317 441 quid
1337 402 1447 431 iterum
1466 403 1556 442 apml
1573 404 1735 432 Ari-ianas

59 461 72 480 5
91 449 246 490 baptizati
268 453 354 487 sunt,
378 448 603 478 reconciliatio
619 447 661 486 fit
686 459 748 477 non
770 459 831 488 per
857 448 945 478 illam
972 461 1087 480 manus
1110 452 1356 491 impositionem,
1381 465 1463 493 quae
1486 466 1544 493 per
1562 455 1734 484 invocatio-

92 512 162 532 nem
184 501 311 531 sanctie
337 498 485 540 Spiritus
510 504 676 539 operatur,
710 499 765 530 sed
788 499 873 540 perd
898 499 998 538 illam,
1023 513 1086 541 qua
1110 503 1309 541 penitentiae
1329 504 1466 543 fructus
1490 507 1676 546 acquiritur
1708 511 1734 535 et

91 556 226 583 sanctae
257 551 493 582 communionis
524 551 685 580 restitutio
714 552 896 590 perficitur.
954 551 1047 582 Unde
1079 559 1109 582 et
1140 554 1169 582 in
1201 554 1341 595 antiquis
1373 555 1560 586 ordinibusr
1591 556 1735 587 diversae

92 603 251 634 orationes
274 602 314 633 ad
340 601 522 632 huiusmodi
547 612 659 631 manus
683 602 909 643 impositiones
933 602 1177 635 distribuuntur.
1221 604 1301 635 Nam
1327 618 1407 648 quae
1432 618 1530 648 super
1553 618 1606 637 ‹⁴0s
1629 607 1736 637 ‹licun-

91 660 152 693 tur,
183 655 239 696 qui
269 653 311 684 ab
341 653 514 684 hereticisg
538 652 692 694 baptizati
723 659 807 693 sunt,
839 654 994 695 Spiritum
1027 661 1173 685 sanctum
1204 656 1234 686 in
1268 668 1321 687 eos
1352 659 1461 688 venire
1492 664 1618 699 petunt:
1653 669 1734 700 quae

46 718 71 737 ιο
90 710 196 737 autem
221 705 375 747 apostatis
399 703 609 735 redeuntibus
633 704 871 745 impenduntur,
895 707 1032 746 gratiam
1057 712 1179 737 tantum
1197 708 1465 740 reconciliationis
1483 710 1542 740 sul)
1561 711 1735 751 penitentia

90 758 136 789 eis
160 758 333 798 impetrare
358 756 518 787 videntur.

195 809 247 840 De
270 819 463 850 quacunque
487 808 591 838 heresi
616 807 753 849 quilibet
781 814 996 847 convertatur,
1028 820 1090 839 non
1120 816 1169 840 est
1198 811 1410 852 recipiendus,
1440 813 1500 842 nisi
1530 812 1676 843 abiurata
1705 818 1735 843 et

90 859 359 891 anathematizata
391 859 505 890 heresi.
552 859 636 889 Hinc
667 860 871 891 sanctissima
894 860 1061 892 Effesinah
1085 861 1227 902 synodus
1239 868 1260 902 ²,
1291 873 1353 892 una
1385 863 1423 893 de
1454 870 1588 904 quatuor
1619 865 1735 905 princi-

93 911 230 955 palibus,
259 911 298 943 de
321 911 471 942 Nestorio
503 911 665 952 episcope,
695 910 750 941 sed
782 911 934 951 heretico,
967 913 1011 943 ita
1043 914 1222 943 constituit:
1256 914 1458 955 Consequens
1482 920 1536 954 est,
1565 916 1678 955 inquit,
1707 917 1736 946 si

45 975 71 995 15
91 965 281 1005 resipiscere
310 963 461 1002 volueris,
491 967 526 992 ut
556 963 778 994 iureiurando
798 963 950 1004 fatearis
978 969 1006 995 et
1035 965 1288 996 anathematizes
1311 970 1367 996 tua
1386 965 1514 1007 polluta
1539 972 1566 996 et
1586 967 1735 1007 profana

91 1016 264 1057 doqmata;
299 1015 423 1045 sentias
455 1019 562 1044 autem
591 1019 619 1045 et
649 1015 778 1053 doceas,
808 1027 892 1057 qnae
919 1026 978 1046 nos
1002 1017 1148 1046 universi
1167 1027 1230 1057 per
1258 1016 1418 1047 Orientem
1449 1018 1514 1047 sive
1537 1017 1736 1048 Occidentem

90 1068 236 1108 episcopi
258 1072 287 1097 et
308 1067 464 1108 magistri
483 1065 633 1107 presules
653 1065 853 1107 populorum
880 1067 1041 1098 credimus
1064 1072 1092 1097 et
1115 1067 1272 1098 docemus,
1323 1067 1407 1098 Hinc
1432 1069 1462 1098 in
1486 1069 1632 1099 actione³
1657 1070 1735 1100 eius-

91 1118 162 1148 dem
193 1117 309 1160 synodi
340 1128 409 1159 cap.
435 1117 507 1148 XV.
539 1117 642 1148 forma
672 1117 815 1148 eiusdem
848 1118 1016 1148 iuramenti
1050 1119 1243 1159 exprimitur
1279 1120 1310 1149 in
1346 1119 1429 1150 hune
1463 1120 1632 1151 modumi:
1667 1121 1736 1162 Eyo

95 1170 221 1201 Ysicius
247 1169 345 1210 filius
379 1168 521 1200 curialis
557 1169 948 1200 The-eserescedecaditesk
979 1181 1158 1211 aynoscens
1189 1182 1297 1201 veram
1330 1171 1430 1210 fidem
1466 1173 1676 1203 orthodooeiae
1709 1178 1736 1203 et

43 1233 70 1252 2⁰
91 1222 245 1253 accedens
274 1222 318 1252 ad
346 1221 588 1252 sanctissimam
619 1225 647 1251 et
678 1221 869 1252 catholicam
903 1221 1084 1261 aeclesiam,
1113 1222 1351 1252 anathematizo
1382 1234 1501 1253 omnem
1533 1224 1677 1263 heresim,
1709 1229 1736 1254 et

88 1275 229 1305 maxime
259 1273 724 1312 Thesserescedecaditarum¹,
748 1273 783 1303 in
808 1284 872 1313 qua
899 1278 995 1303 antea
1021 1273 1188 1311 errabam;
1221 1275 1382 1304 assentior
1404 1279 1507 1305 autem
1532 1277 1735 1316 prescriptae

89 1326 290 1367 eaepositioni
321 1324 502 1355 catholicae
527 1324 613 1363 fidei
647 1324 932 1355 anathematizans
965 1336 1032 1364 eos,
1074 1326 1130 1366 qui
1169 1336 1233 1356 non
1273 1327 1433 1357 celebrant
1472 1332 1618 1356 sanctum
1652 1327 1735 1357 diem

87 1377 233 1419 paschae
256 1378 350 1407 iuxta
372 1387 490 1407 morem
514 1375 694 1406 catholicae
718 1381 746 1406 et
770 1376 970 1416 apostolicae
993 1376 1137 1415 eclesiae,
1165 1381 1191 1406 et
1215 1377 1289 1408 iuro
1309 1390 1372 1418 per
1395 1383 1541 1408 sanctam
1569 1380 1732 1409 omousion

95 1429 300 1460 Trinitatem.
344 1427 386 1458 Et
407 1428 438 1458 si
461 1427 541 1469 quid
564 1438 604 1457 ew
627 1427 678 1458 his
699 1427 940 1468 labefactavero
952 1434 983 1466 ¹¹¹,
1005 1428 1112 1469 leynm
1134 1429 1301 1459 severitati
1323 1429 1502 1460 subiacebo.
1548 1430 1589 1460 Et
1612 1431 1735 1470 exposi-

43 1491 70 1511 πε
90 1481 172 1512 tioni
193 1480 276 1511 mihi
297 1481 452 1511 recitatae
475 1479 658 1520 subscripsi
680 1491 779 1510 manu
805 1491 885 1509 mea.

196 1531 291 1562 Hanc
321 1531 456 1561 formam
489 1530 657 1561 iuramenti
689 1536 800 1561 sancta
824 1531 968 1561 Romana
997 1530 1133 1561 aeclesia
1163 1530 1202 1561 de
1231 1531 1380 1562 hereticis
1411 1532 1574 1562 conversis
1605 1533 1735 1573 exigere

90 1583 266 1622 consuevit,
291 1582 392 1613 hanc⁴
415 1582 454 1613 de
470 1582 699 1623 Berengari0¹¹‚
724 1587 818 1612 curn⁰
842 1582 944 1613 heresi
971 1593 1057 1623 suae,
1083 1583 1108 1613 si
1133 1594 1195 1612 non
1220 1583 1325 1621 corde,
1351 1589 1425 1613 orep
1448 1588 1554 1614 tamen
1578 1584 1735 1614 abrenun-

90 1637 198 1676 ciaret,
221 1635 366 1676 accepitq
389 1632 582 1665 venerabilis
606 1644 691 1675 papa
715 1633 879 1675 Nycolaus
903 1635 934 1664 in
960 1634 1133 1664 universali
1160 1634 1293 1664 concilio
1320 1635 1439 1666 Romae
1462 1642 1666 1675 congregato.

195 1686 260 1718 Sed
283 1696 343 1718 nec
365 1686 564 1716 scismaticos
595 1691 706 1716 sancta
738 1685 872 1716 ecelesia
901 1687 1026 1727 absque
1057 1687 1273 1716 satisfactione
1305 1687 1472 1717 iuramenti
1497 1687 1639 1728 recipere
1663 1697 1733 1717 con·

43 1754 70 1773 ³⁰
89 1739 203 1778 suevit,
227 1740 321 1770 cuius
343 1737 478 1768 formam
503 1737 618 1768 beatus
636 1737 834 1778 Gregorius⁵
859 1738 889 1767 in
908 1737 1046 1778 Regesto
1071 1749 1128 1769 suo
1153 1737 1282 1780 reliquit
1305 1739 1335 1768 in
1361 1738 1437 1768 haec
1463 1739 1573 1769 verba:
1597 1738 1667 1779 Ego
1691 1738 1733 1768 N.

90 1791 232 1822 civitatis
261 1789 353 1822 illius
381 1790 556 1831 episcopus
585 1795 746 1830 comperto
776 1789 952 1820 divisionis
980 1789 1102 1831 laqueo,
1132 1802 1193 1831 quo
1217 1790 1358 1827 tenebar,
1383 1790 1515 1820 diutina
1538 1801 1656 1820 mecum
1683 1791 1733 1819 de-

88 1842 279 1874 liberatione
304 1845 528 1883 pertractans,
553 1852 667 1882 prona
698 1847 726 1872 et
756 1846 938 1882 spontanea
970 1841 1133 1871 voluntate
1163 1841 1208 1870 ad
1237 1842 1392 1871 unitatem
1423 1841 1510 1871 sedis
1539 1841 1733 1882 apostolicae

89 1894 206 1925 divina
235 1894 349 1936 qratia
381 1893 461 1923 duce
492 1904 640 1924 reversus
670 1905 751 1924 sum.
810 1892 857 1924 Ac
889 1905 927 1923 ne
960 1904 1023 1923 non
1050 1904 1142 1933 pura
1174 1897 1290 1931 mente,
1325 1893 1379 1922 sed
1409 1892 1558 1922 simulate
1590 1903 1733 1922 reuersus

89 1946 263 1985 eaeistimer‚
293 1945 437 1986 spondeo
465 1944 522 1975 sub
554 1944 682 1975 ordinis
710 1946 772 1975 mei
802 1955 880 1975 casu
911 1949 938 1973 et
968 1944 1186 1974 anathematis
1220 1943 1424 1984 obligatione,
1460 1949 1554 1983 atque
1582 1944 1732 1984 promitto

44 2011 71 2030 ³5
89 1997 147 2028 tibi
179 1997 225 2028 ill.
255 2001 283 2027 et
314 2008 375 2038 per
407 2001 435 2026 te
465 2001 577 2026 sancto
609 1996 701 2026 Petro
732 1995 951 2037 apostolorum
985 1996 1138 2036 principi
1168 2000 1263 2036 atque
1293 1996 1363 2025 eius
1396 1996 1518 2025 vicario
1549 1995 1732 2025 beatissimo

91 2047 248 2090 Greyorio
276 2048 324 2078 vel
351 2049 592 2079 successoribus
615 2049 696 2087 eius,
725 2059 772 2078 me
802 2059 969 2089 nunquam
995 2046 1205 2088 quorumlibet
1228 2046 1438 2076 suasionibus
1466 2046 1513 2075 vel
1541 2057 1732 2086 quocunque

91 2099 155 2131 alio
177 2100 272 2131 modo
296 2099 341 2130 ad
362 2101 492 2139 scisma,
517 2100 555 2130 de
579 2111 640 2141 quo
662 2099 891 2140 Redemptoris
914 2100 1027 2139 yratia
1049 2098 1206 2129 liberatus
1228 2109 1308 2137 sirm,
1331 2108 1556 2131 rever-surmus
1581 2098 1635 2127 sed
1658 2109 1731 2127 senz-

86 2163 147 2192 per
168 2163 216 2182 me
246 2152 281 2182 in
310 2152 436 2182 unitate
465 2156 600 2182 sanctae
629 2151 779 2181 ecclesiae
808 2150 988 2180 catholicae
1018 2154 1045 2180 et
1074 2150 1296 2180 communione
1319 2148 1464 2179 Romani
1485 2149 1651 2189 pontilicis
1673 2160 1732 2188 per

91 2204 202 2234 omnia
229 2214 433 2244 permanere.
493 2202 586 2234 Unde
620 2203 739 2232 iurans
768 2201 840 2232 dico
867 2212 928 2242 per
957 2201 1062 2231 Deum
1092 2202 1337 2241 omnipotentem
1367 2205 1393 2230 et
1421 2211 1482 2240 per
1512 2200 1589 2229 haec
1618 2204 1732 2230 sancta

43 2268 71 2287 4⁰
91 2259 232 2296 quatuor
254 2255 442 2297 euangelia,
474 2255 616 2296 quaein
640 2255 718 2284 meis
741 2253 893 2284 manibus
922 2257 1020 2292 teneo,
1050 2264 1096 2282 me
1127 2254 1162 2283 in
1193 2254 1327 2291 unitate,
1357 2252 1440 2282 sicut
1471 2251 1553 2290 dixi,
1583 2250 1732 2281 ecclesiae

92 2307 135 2337 ad
163 2318 272 2348 quam,
301 2306 370 2337 Deo
390 2306 556 2347 propicio,
587 2317 657 2336 sum
686 2315 843 2343 reversim,
877 2309 903 2334 et
935 2304 1159 2334 communione
1188 2303 1332 2334 Romani
1358 2302 1524 2344 pontificis
1555 2314 1677 2343 semper
1705 2306 1732 2331 et

201 2420 226 2452 a)
250 2429 296 2452 pro
319 2420 423 2452 (postea
441 2419 583 2450 insertum)
604 2419 701 2451 relapsi
723 2418 747 2443 8.
806 2419 832 2449 b)
856 2418 964 2442 heutero
986 2418 1010 2443 8.
1069 2418 1092 2448 c)
1117 2418 1244 2449 baptizati
1265 2418 1290 2441 S.
1349 2417 1375 2447 d)
1398 2417 1468 2440 deest
1482 2416 1506 2440 8.
1565 2421 1588 2446 c)
1612 2417 1657 2448 Sp.
1671 2424 1690 2439 s.
1707 2415 1731 2439 8.

91 2466 113 2496 s)
132 2466 206 2490 libris
226 2467 250 2491 8.
331 2469 358 2497 g)
380 2465 396 2489 h
413 2469 508 2497 postea
528 2465 616 2490 insert.
638 2465 662 2490 8.
746 2464 774 2490 h}
796 2464 862 2496 Eph.
884 2465 908 2488 8.
994 2465 1012 2495 i)
1033 2464 1158 2488 mundum
1180 2463 1205 2487 8.
1287 2463 1317 2491 k)
1338 2471 1371 2487 ea:
1390 2462 1592 2486 Thessaresced.
1616 2471 1681 2486 corr.
1707 2469 1731 2490 c;

91 2511 166 2536 Tess.
187 2512 212 2536 8.
287 2512 306 2543 1)
327 2512 403 2536 Tess.
424 2512 449 2536 8.
526 2513 562 2542 m)
583 2511 778 2536 labefactovero
800 2510 825 2535 8.
911 2516 940 2533 nt
961 2510 1057 2541 Berng.
1081 2510 1109 2538 7;
1131 2510 1235 2540 Bering.
1257 2509 1282 2533 8.
1367 2512 1393 2537 o)
1415 2512 1443 2532 ut
1463 2508 1487 2532 8.
1573 2515 1599 2539 1»)
1622 2511 1639 2531 t.
1662 2516 1685 2531 0.
1707 2507 1730 2530 8.

45 2562 73 2582 45
92 2557 121 2589 q)
136 2558 163 2588 s.
183 2558 228 2587 23,
247 2558 263 2582 l.
286 2557 329 2587 14,
350 2557 406 2582 cod.
427 2558 458 2586 8,·
477 2566 546 2589 quae
566 2566 583 2581 a
598 2557 725 2589 proxima
744 2555 814 2580 linea
835 2559 989 2587 sequuntur,
1010 2564 1033 2579 v.
1052 2564 1081 2586 p.
1100 2556 1160 2579 114.

198 2659 226 2694 1)
252 2659 282 2686 C.
299 2658 328 2692 3,
350 2658 451 2685 Mau-«Ji
472 2662 491 2685 t.
508 2659 563 2690 IX,
588 2659 640 2685 col.
659 2658 716 2692 31,-
737 2657 816 2690 Jaffc‘
838 2665 880 2685 nr.
898 2656 969 2682 907.
1067 2656 1096 2690 2)
1120 2655 1213 2689 Epist.
1236 2655 1336 2689 Cyrilli
1357 2658 1381 2681 et
1404 2655 1502 2689 synodi
1524 2653 1732 2679 Alexandrinae

93 2718 121 2736 a.
141 2709 210 2743 430,
242 2710 341 2736 Mansi
363 2714 382 2736 t.
406 2710 435 2743 V,
459 2711 511 2737 col.
530 2710 598 2742 726,
628 2710 720 2735 verbis
745 2708 846 2743 primis
870 2707 1018 2741 paulisper
1043 2708 1165 2733 mutatis.
1296 2707 1325 2739 3)
1355 2706 1398 2738 Cf.
1423 2706 1555 2731 actionem
1588 2705 1631 2729 VI.
1656 2713 1732 2731 conc.

92 2761 196 2796 Ephes.
219 2763 368 2796 interprete
397 2762 495 2788 Mario
524 2761 693 2794 Mercatore,
722 2760 822 2786 Mami
848 2762 867 2785 t.
893 2759 951 2790 ΙΙΙ,
979 2759 1031 2785 col.
1057 2758 1126 2784 698.
1243 2758 1272 2790 4)
1302 2757 1400 2783 Mansi
1426 2761 1445 2785 t,
1471 2756 1555 2787 XIX,
1586 2755 1636 2781 col.
1662 2755 1730 2780 900.

95 2811 124 2846 5)
146 2813 273 2848 Append.
297 2814 336 2839 ad
364 2822 426 2848 epp.
451 2813 535 2846 Grey.
560 2812 585 2843 Ι,
608 2822 652 2838 nr.
679 2812 726 2845 10,
752 2810 823 2844 Opp.
847 2810 888 2842 ΙΙ,
913 2811 964 2836 οοΙ.
991 2810 1079 2842 1300,
1108 2810 1156 2835 secl
1182 2809 1272 2835 verbis
1295 2809 1361 2834 aliis
1384 2808 1499 2838 omissis,
1523 2807 1587 2832 aliis
1610 2806 1729 2832 mutatis.

164 2867 262 2892 Libelli
283 2868 316 2893 de
336 2868 390 2892 lite.
420 2867 456 2892 11.
1468 2862 1499 2885 ¹⁰

1758 821 1803 844 (21)

1755 1698 1803 1723 (22)
