2132 3067
294 569 320 589 Ὗ,

331 570 358 588 «1¹.

379 158 440 189 392
739 158 904 185 BENONIS
929 157 1184 189 ALIORUMQUE
1207 157 1477 184 CARDINALIUM
1502 156 1675 184 SCRIPTA.

378 251 416 280 ad
443 256 567 290 tempus
593 249 747 289 privavit,
775 248 842 288 ipse
867 247 949 277 idem
976 247 1113 277 Arriano
1137 247 1257 277 caesari
1285 245 1508 277 Valentiniano
1540 247 1590 276 ius
1622 245 1761 277 caesaris
1792 256 1855 276 non
1885 247 2027 287 negavit,

380 303 474 331 immo
505 300 598 330 solvit
629 307 659 330 ct
690 297 878 329 solvendum
911 297 1101 339 predicavit.
1147 297 1189 328 Et
1220 308 1292 328 cum
1324 297 1469 329 Romana
1499 297 1655 329 aecclesia
1684 297 1823 328 minores
1854 309 1946 338 reges
1977 297 2028 329 vel

378 352 536 394 quoslibet
555 353 695 381 tirannos
713 349 760 380 vel
777 360 938 380 caesarem
957 349 1070 380 crebro
1086 350 1334 390 expugnaverit,
1358 350 1418 389 ipsi
1436 350 1569 388 caesari,
1594 348 1668 380 licet
1685 349 1833 387 Arriano,
1851 360 2025 392 numquam

377 404 473 434 armis
498 403 696 444 temporibus
719 401 878 442 antiquis,
909 400 964 431 sed
989 399 1055 431 sola
1078 400 1140 431 fide
1165 401 1291 430 restitit.
1337 400 1408 431 Non
1433 407 1519 432 recte
1543 412 1619 442 ergo
1643 400 1799 439 divisisti,
1830 399 1906 431 dum
1931 399 2028 432 recla-

379 462 515 485 mantem
541 454 732 495 scripturam
757 452 946 490 distorsisti,
977 451 1051 482 dum
1079 452 1263 482 beatissimo
1287 451 1458 493 Gregorio,
1489 452 1583 493 longe
1613 451 1653 482 ab
1678 451 1840 483 intellectu
1865 457 1919 483 tuo
1943 463 2027 484 rece·
2047 464 2060 483 5

378 507 475 545 denti,
499 517 612 536 manus
635 503 842 546 parricidales
866 504 1002 534 iniecisti
1027 509 1069 544 et,
1100 509 1253 544 quantum
1279 504 1309 533 in
1335 508 1364 534 te
1388 503 1458 541 fuit,
1486 505 1514 534 ci
1540 505 1603 534 vim
1628 503 1741 535 fecisti.
1789 503 1830 534 Et
1853 503 1930 535 satis
1954 514 2025 546 pro—

380 557 484 588 babile
515 562 578 595 cst,
610 555 711 598 quod,
745 555 838 586 beato
863 557 1021 596 (ir-egorio
1053 566 1150 596 super
1177 560 1265 585 tanta
1289 555 1404 586 iniuria
1435 555 1523 597 apud
1548 556 1653 587 Deum
1678 554 1932 596 ‘proclamante‚
1963 566 2026 586 non

379 609 480 640 solum
498 607 716 650 spiritualiter,
742 607 797 638 sed
821 608 917 638 etiam
939 605 1148 648 corporaliter
1171 607 1281 636 divino
1306 607 1424 637 iudicio
1442 607 1592 638 exclusus
1616 608 1660 637 sis
1683 618 1701 637 a
1725 606 1800 637 sede
1824 607 1926 648 ipsius
1944 606 2027 638 beati

379 661 540 701 Gregorii,
569 661 660 690 cuius
683 659 860 690 doctrinam
886 657 1058 689 crudeliter
1081 657 1260 696 detraxisti,
1289 658 1396 695 immo,
1421 658 1495 689 dum
1521 659 1699 690 distrahere
1723 657 1869 696 voluisti,
1894 658 2028 690 miseros

379 712 447 743 illos
471 718 502 743 et
519 711 679 753 simplices
696 711 852 747 homines,
877 711 930 751 qui
956 717 986 740 te
1003 708 1184 750 audierunt,
1209 709 1284 740 dum
1309 715 1393 740 terra
1409 711 1567 742 admirata
1591 715 1648 748 est,
1673 716 1746 752 post
1763 709 1900 741 bestiam
1923 715 2027 741 tecum
2049 721 2075 740 10

377 765 415 795 ad
442 765 558 795 inferos
583 763 766 798 detraxisti,
797 761 857 792 hoc
887 767 1009 792 tantum
1034 761 1138 792 solatii
1164 761 1300 800 habeus,
1332 767 1366 792 ut
1390 762 1518 802 estimo,
1550 761 1635 803 quod
1665 773 1735 792 cum
1769 760 1876 792 multis
1906 761 2027 803 peristi.

378 816 451 854 Sed,
477 826 586 857 queso,
611 825 710 856 quare
735 814 774 844 dc
797 814 911 844 eodem
936 812 1108 854 privilegio
1132 813 1321 844 subtraxisti
1346 812 1395 844 vel
1420 813 1554 844 tacendo
1578 813 1796 855 subpressisti‚
1819 812 1904 854 quod
1929 812 2026 845 abba-

379 870 454 898 tissa
478 867 539 898 loci
566 866 649 897 illius
674 878 736 897 non
761 866 877 898 debeat
899 865 1017 907 deponi
1043 865 1148 895 minus
1173 875 1266 906 quam
1292 875 1310 894 a
1334 870 1456 906 septem
1482 865 1645 907 episcopis
1668 871 1699 896 et
1723 876 1785 896 non
1810 865 1870 895 nisi
1888 875 1945 906 pro
1969 865 2028 896 eri-

379 920 472 960 mine,
489 930 551 949 non
570 919 630 948 nisi
648 918 816 949 iudiciario
833 917 945 948 ordine
963 916 1164 958 precedente,
1182 915 1359 947 secundum
1378 917 1568 947 canonicum
1586 917 1731 948 ordinem
1745 917 1892 948 districta
1908 918 2030 948 exami-

378 972 516 1006 natione,
541 982 613 1001 cum
631 970 679 1000 vel
698 970 878 1000 rusticanus
897 968 1055 1010 presbiter
1072 968 1177 999 minus
1194 979 1289 1010 quam
1308 978 1325 998 a
1342 974 1465 1009 septem
1483 969 1643 1010 episcopis
1669 979 1732 998 non
1756 969 1860 1010 possit
1875 968 2030 999 canonice
2050 979 2076 998 ιο

377 1022 519 1064 deponi?
565 1022 626 1053 Sed
654 1022 759 1059 video,
783 1032 899 1063 quare;
929 1019 1049 1051 scilicet
1072 1031 1110 1051 ne
1135 1020 1218 1051 idem
1244 1019 1357 1051 beatus
1383 1020 1560 1061 Gregorius
1584 1021 1615 1050 in
1640 1019 1752 1051 eodem
1778 1019 1948 1062 privilegio
1972 1020 2030 1052 tibi

379 1074 540 1114 obviaret,
572 1075 625 1115 qui
651 1084 812 1104 caesarem
838 1083 900 1103 non
925 1071 1067 1113 legitime
1090 1078 1296 1109 accusatum,
1326 1082 1387 1102 non
1413 1077 1527 1113 sponte
1552 1072 1731 1103 confessum
1767 1073 1798 1102 in
1830 1072 1950 1103 iudicio
1980 1071 2031 1103 vel

378 1126 577 1164 convictum,
601 1125 641 1155 ad
667 1124 819 1167 placitum
844 1124 1006 1166 deponere
1030 1122 1236 1165 disponebas.
1282 1124 1405 1163 Quare,
1429 1124 1578 1166 inquam,
1603 1122 1828 1165 subpressisti,
1853 1123 1937 1165 quod
1963 1124 2031 1155 sine

378 1190 453 1217 rege
470 1177 655 1218 provinciae
679 1176 846 1207 abbatissa
870 1175 973 1207 eidem
999 1174 1069 1205 loco
1093 1174 1167 1215 eligi
1193 1174 1304 1206 eodem
1330 1175 1499 1216 privilegio
1523 1175 1697 1215 inhibetur,
1721 1176 1781 1206 nisi
1806 1176 1882 1216 quia
1905 1174 2031 1217 religio-

378 1240 429 1259 sos
453 1239 600 1259 caesares
624 1228 795 1259 excludere
813 1227 946 1258 volebas
971 1227 1011 1257 ab
1037 1238 1085 1265 eo,
1110 1227 1195 1269 quod
1220 1237 1282 1257 non
1308 1233 1356 1258 est
1380 1233 1531 1268 negatum
1556 1228 1622 1267 regi
1641 1226 1855 1269 provinciali?
1900 1226 1963 1258 Sed
1987 1233 2031 1267 tu,
2050 1240 2078 1259 20

377 1281 554 1322 sapientior
571 1280 740 1321 Gregorio,
764 1280 904 1310 sanctior
927 1279 1096 1317 universis,
1120 1289 1255 1320 quorum
1281 1284 1433 1320 precepta
1456 1278 1675 1310 conculcando
1699 1279 1740 1310 ab
1764 1289 1872 1310 eorum
1897 1277 2031 1321 collegio

377 1331 538 1371 excidisti,
563 1343 624 1362 non
649 1336 745 1372 recte,
771 1332 868 1362 immo
893 1331 1030 1372 pessime
1054 1330 1202 1369 divisisti,
1226 1330 1302 1361 dum
1325 1342 1489 1361 caesarem
1517 1337 1590 1362 ante
1614 1331 1683 1362 iure
1709 1331 1848 1362 caesaris
1872 1330 2028 1373 spoliasti,

377 1390 450 1415 ante
473 1395 491 1414 a
515 1383 679 1423 fidelitate,
705 1394 800 1425 quain
826 1394 883 1425 per
906 1393 1023 1413 nomen
1049 1382 1110 1412 Dei
1135 1381 1271 1413 iurando
1296 1383 1458 1424 principes
1485 1383 1513 1413 ei
1539 1382 1763 1423 firmaverant,
1791 1381 1920 1413 eosdem
1945 1383 2030 1424 prin-

376 1437 464 1478 cipes
487 1435 670 1473 absolvisti,
694 1441 768 1465 ante
792 1435 933 1476 periuria
958 1433 1147 1476 predicasti,
1170 1440 1244 1465 ante
1268 1433 1474 1475 prodiciones
1498 1435 1684 1465 innumeras
1712 1439 1743 1465 et
1766 1434 1923 1475 pessimas
1947 1433 2029 1465 ordi-

377 1489 460 1519 nasti
484 1493 515 1519 et
545 1489 576 1518 in
601 1486 701 1517 oculis
726 1486 919 1528 simplicium
944 1486 1156 1524 consecrasti,
1189 1496 1284 1528 quam
1316 1486 1348 1516 in
1379 1497 1451 1517 eum
1481 1485 1672 1527 precederet
1694 1485 1772 1517 ordo
1796 1485 1912 1517 iuditii.
1957 1485 2028 1517 Non
2049 1498 2077 1517 25

378 1546 464 1570 recte
488 1539 635 1577 divisisti,
659 1539 684 1569 si
703 1538 787 1570 beati
805 1538 956 1579 Gregorii
980 1543 1011 1568 et
1027 1536 1249 1577 religiosorum
1268 1538 1448 1579 principum
1475 1543 1622 1579 tempora
1645 1548 1663 1568 a
1686 1537 1886 1578 temporibus
1902 1542 2028 1579 aposto-

376 1591 495 1631 lorum,
520 1590 579 1621 sub
604 1591 739 1632 paganis
763 1589 962 1631 principibus
987 1600 1044 1631 pro
1068 1595 1229 1630 tempore,
1253 1599 1311 1630 pro
1335 1600 1368 1620 re
1392 1589 1652 1628 decernentium,
1675 1588 1771 1620 nichil
1799 1589 1927 1621 differre
1958 1590 2030 1621 esti-

378 1643 481 1674 masti.
527 1642 594 1673 Sub
629 1643 765 1683 paganis
805 1642 1005 1684 principibus
1039 1640 1176 1683 apostoli
1212 1641 1426 1672 decreverunt
1441 1647 1459 1680 ¹,
1491 1652 1530 1672 ne
1561 1642 1731 1683 quisquam
1766 1652 1824 1682 per
1851 1639 2027 1672 secularem

378 1700 569 1736 potestatem
594 1694 864 1724 aecclesiasticam
891 1694 1052 1735 optineret
1074 1693 1274 1734 dignitatem.
1320 1692 1388 1724 Sub
1413 1691 1615 1735 principibus
1639 1692 1826 1724 orthodoxis
1853 1699 1885 1724 et
1906 1692 2028 1724 aeccle-

377 1748 443 1777 siae
467 1745 687 1776 defensoribus
712 1756 823 1776 secure
851 1744 965 1776 beatus
991 1744 1169 1785 Gregorius
1193 1743 1337 1775 decrevit
1360 1746 1390 1775 in
1415 1744 1561 1786 predicto
1587 1743 1766 1787 privilegio,
1795 1756 1834 1776 ne
1859 1745 1928 1775 sine
1953 1755 2028 1786 rege
2048 1756 2076 1776 ³⁰

379 1798 558 1839 provintiae
583 1796 756 1838 eligeretur
779 1795 944 1828 abbatissa
969 1796 1017 1828 vel
1042 1796 1146 1827 locum
1172 1797 1339 1837 regiminis
1363 1797 1531 1838 optineret.
1579 1797 1696 1828 Beatus
1721 1797 1924 1838 Augustinus
1947 1796 2028 1828 aiv:

379 1850 501 1880 Divide
525 1854 671 1891 tempora
702 1854 729 1879 et
759 1849 883 1880 solvisti
906 1850 1098 1890 questiones.
1146 1848 1241 1880 Recte
1271 1847 1432 1890 optulisti,
1463 1848 1539 1879 dum
1563 1848 1783 1880 Theodosium
1815 1859 1980 1880 caesarem
2009 1859 2029 1879 a

378 1900 470 1931 beato
488 1900 660 1931 Ambrosio
684 1901 1001 1931 excommunicatum
1026 1900 1147 1931 dixisti.
1194 1899 1264 1930 Non
1288 1905 1373 1931 recte
1397 1899 1545 1941 divisisti,
1570 1900 1645 1931 dum
1662 1900 1792 1931 modum
1810 1899 2028 1931 excommuni-

377 1952 513 1983 cationis
537 1953 675 1983 tacuisti.
722 1951 818 1983 Salvo
844 1953 927 1983 enim
953 1952 1094 1983 caesaris
1111 1951 1231 1982 honore
1255 1951 1295 1982 ad
1320 1958 1448 1994 tempus
1471 1963 1543 1984 eum
1561 1958 1836 1983 sacramentorum
1859 1951 2027 1982 aeeclesia—

378 2004 530 2034 sticorum
554 2004 777 2034 comnmnione
801 2010 916 2046 sponte
934 2003 1138 2034 confitentem
1162 2008 1193 2034 et
1216 2003 1330 2034 devote
1356 2004 1551 2047 penitentem
1576 2005 1726 2046 privavit.
1772 2003 1846 2035 Ada
1868 2002 2026 2045 liquidum
2047 2014 2075 2035 as

379 2055 462 2086 enim
487 2060 620 2085 noverat
643 2054 769 2097 regulas
791 2055 981 2091 aecclesiae,
1014 2055 1131 2096 quibus
1159 2055 1336 2096 precipitur
1366 2056 1526 2087 neminem
1549 2067 1619 2088 esse
1642 2055 1807 2098 ligandum
1839 2054 1879 2086 de
1902 2059 2029 2086 extorta

380 2107 590 2138 confessione.

489 2160 532 2189 lt).
580 2159 705 2188 Primus
723 2158 907 2188 Alexander
924 2164 1045 2200 papa-³:
1072 2159 1250 2199 Confessio,
1275 2159 1388 2200 inquit,
1414 2161 1447 2191 in
1472 2160 1592 2191 talibus
1609 2171 1672 2190 non
1696 2164 1833 2198 extorta,
1855 2159 1912 2190 sed
1927 2169 2025 2199 spon-

379 2216 474 2240 {anea
501 2222 565 2239 esse
583 2210 681 2240 debet.-
726 2210 900 2241 Pessimum
919 2216 974 2249 est,
999 2211 1112 2252 inquit,
1136 2211 1175 2241 <le
1192 2212 1378 2251 suspicione
1399 2216 1455 2241 aut
1475 2217 1599 2241 extorta
1618 2211 1820 2252 confessione
1837 2221 2025 2252 quemquam

382 2261 538 2291 [adivere.
591 2263 713 2300 Omnis,
738 2262 850 2303 inquit.
875 2262 1034 2302 confessio
1058 2274 1140 2304 quae
1156 2262 1198 2302 fit
1221 2273 1260 2293 etc
1282 2263 1469 2303 preiudicio
1493 2275 1547 2293 seu
1572 2274 1611 2293 eoe
1635 2260 1939 2302 necessitate,fides
1962 2272 2026 2293 non
2046 2271 2074 2292 ιο

380 2317 432 2341 est.
481 2312 519 2341 lit
553 2312 663 2342 beatus
688 2313 889 2353 Augustinus
921 2314 950 2344 in
982 2313 1063 2344 libro
1095 2313 1134 2344 dc
1159 2314 1376 2355 penitentia⁴z
1406 2312 1571 2355 Plerique,
1602 2314 1725 2356 inquit,
1755 2314 1831 2345 boni
1853 2313 2030 2345 christiani

380 2369 552 2404 propterea
578 2369 682 2394 tacent
709 2370 735 2394 et
759 2364 919 2405 sufferunt
951 2366 1090 2396 aliorum
1114 2370 1268 2406 peccata,
1298 2377 1381 2406 qaae
1409 2371 1586 2406 noverunt,
1614 2367 1693 2408 quia
1723 2365 1923 2396 documentis
1953 2375 2027 2406 sepe

382 2415 575 2445 deseruntur
609 2421 634 2445 et
663 2428 717 2454 «ιι,
751 2428 834 2457 qnae
874 2418 938 2457 ipsi
969 2419 1093 2457 sciant,
1129 2417 1293 2448 iudicibus
1328 2417 1577 2448 aecclesiasticis
1604 2417 1745 2458 probare
1779 2428 1843 2448 non
1877 2421 2025 2458 possunt.

385 2466 542 2501 Quamvis
560 2467 641 2496 raim
663 2467 760 2497 rei-‘1¹'
784 2472 858 2498 sunt
875 2469 1046 2509 quaedam,
1073 2480 1133 2499 non
1159 2473 1266 2499 tamen
1292 2469 1397 2499 iudici
1408 2469 1516 2509 facile
1533 2469 1719 2500 credendac
1742 2473 1829 2507 sunt,
1853 2468 1920 2499 nisi
1942 2479 2026 2510 quae

382 2518 477 2547 cerlis
502 2518 635 2548 indiciis
659 2518 928 2549 (lamense-entur.
974 2519 1042 2549 Nos
1067 2531 1138 2550 vero
1162 2532 1180 2549 ιι
1206 2521 1427 2551 commmunione
1452 2532 1643 2562 quemquam
1664 2519 1838 2562 prohibere
1861 2530 1926 2550 non
1948 2529 2023 2560 pos·
2045 2528 2073 2550 ιδ

382 2580 503 2607 sumus,
527 2570 674 2610 qualmvis
699 2569 776 2599 haec
797 2571 982 2610 prolzibicio
1010 2571 1151 2602 nondam
1177 2572 1217 2602 sit
1241 2571 1399 2611 mortalis,
1422 2572 1478 2603 sed
1500 2571 1717 2610 medicinalis,
1742 2571 1809 2602 nisi
1832 2575 1890 2602 aut
1911 2574 2026 2612 sponte

492 2676 518 2702 n)
538 2674 688 2705 Aliquando
711 2676 734 2698 22.
811 2675 836 2698 bi
860 2675 929 2699 deest
950 2676 973 2700 2.
1051 2683 1077 2700 οὶ
1098 2677 1218 2701 cedenda
1239 2678 1264 2701 2.

492 2772 518 2805 l)
536 2772 640 2798 Cannu.
659 2772 774 2805 apostol.
791 2773 837 2804 229,
858 2772 954 2798 Mansi
971 2773 993 2805 l,
1011 2774 1062 2798 col.
1078 2774 1132 2801 34.-
1149 2775 1190 2800 cd.
1208 2774 1359 2801 Hinschius
1375 2775 1424 2807 31,
1438 2784 1468 2809 p.
1483 2776 1531 2802 ⁶29.
1600 2774 1628 2809 2)
1646 2775 1730 2800 Hunc
1746 2775 1834 2800 locum
1851 2783 1905 2800 non
1920 2773 2023 2801 inveni.

383 2825 412 2856 3)
436 2823 527 2857 Epist.
548 2824 571 2849 l.
596 2832 643 2857 ap.
671 2823 863 2849 Pseudo-Invi.
887 2825 928 2849 ed.
956 2824 1106 2850 [unseleins
1128 2835 1156 2859 p.
1176 2826 1223 2852 98.
1314 2827 1342 2855 4)
1367 2827 1463 2852 Sermo
1486 2827 1555 2859 351,
1583 2826 1676 2860 Opera
1699 2825 1728 2859 V,
1751 2826 1802 2853 col.
1823 2824 1913 2852 1359.
1933 2824 2023 2852 1360.
