2132 3067
554 129 799 156 ORTHODOXA
821 129 1009 157 DEFENSIO
1034 130 1266 157 IMPERIALIS.
1673 127 1735 157 537

88 217 180 250 Oculi
211 218 295 248 enim
325 222 399 247 sunt
427 217 586 256 doctores,
624 218 679 258 qui
709 216 780 248 aliis
811 218 1036 249 administrant
1069 218 1236 259 spirituale
1271 217 1392 257 lumen,
1427 229 1521 249 aures
1552 230 1627 249 vero
1659 218 1734 249 boni

87 268 258 306 auditores,
291 269 344 309 qui
368 267 469 299 verba
492 269 719 309 magistrorum
745 268 907 299 humiliter
929 269 1079 308 audiunt3
1111 280 1216 308 nares,
1249 270 1302 310 qui
1327 269 1441 300 odores
1464 270 1617 300 virtutum
1648 281 1667 300 a
1690 270 1734 301 fe-

86 320 207 350 toribus
231 318 419 350 discernunt
443 320 616 358 viciorum,
648 330 692 358 os,
717 321 771 361 qui
796 319 874 350 alios
899 319 1066 359 erudiunt3
1097 332 1221 360 manus,
1252 321 1306 362 qui
1329 320 1400 351 aliis
1424 321 1606 352 ministrant
1627 332 1735 352 neces-

86 372 177 407 saria,
207 370 290 400 sicut
314 369 536 409 elimosinarii3
565 370 674 411 pech,
706 371 761 411 qui
793 381 850 411 pro
880 372 1039 411 sanguine
1067 372 1199 402 innoxio
1231 371 1397 403 liberando
1428 377 1459 402 et
1486 372 1629 403 infirmos
1662 374 1735 403 visi-

54 435 66 454 ε.
85 421 179 452 tando
209 427 351 452 currunt.
409 421 500 452 Sicut
530 422 613 451 enim
644 422 788 452 membra
817 423 912 452 unius
941 424 1096 463 corporis,
1132 424 1158 454 si
1192 423 1327 453 invicem
1362 423 1498 453 adversa
1532 424 1658 461 fuerint,
1693 424 1734 454 ad

86 472 217 503 nihilum
241 472 412 502 devenient
436 472 630 511 deficientes,
655 473 702 502 sic
724 483 859 513 regnum
884 478 915 503 et
939 474 1170 512 sacerdocium,
1196 475 1221 504 si
1245 474 1363 504 fuerint
1382 474 1612 513 discordantes,
1637 476 1733 506 totius

85 524 327 555 christianitatis
358 522 571 553 confundetur
599 522 706 554 decus.
767 523 813 554 Ne
844 529 951 554 antem
985 526 1122 563 eveniat,
1153 525 1327 566 unicuique
1357 524 1473 565 gradui
1510 527 1560 556 vel
1589 527 1733 557 membro

84 575 246 616 proprium
271 585 334 605 non
359 575 536 615 denegetur
552 585 677 613 munus,
701 579 732 605 et
754 575 885 605 iubente
902 576 1032 606 domino
1050 575 1188 616 Christo,
1212 575 1366 606 reddatur
1389 578 1489 606 cesari
1514 588 1596 618 quae
1613 579 1733 608 cesaris

83 631 156 657 sunt
183 630 214 656 et
244 625 314 656 Deo
346 636 428 666 quae
457 625 519 655 Dei
551 631 633 656 sunt.
679 625 743 656 Ubi
779 626 1112 666 animadvertendum,
1149 628 1226 669 quia
1262 628 1350 668 prius
1388 627 1484 657 dixit:
1525 628 1617 664 Quae
1656 634 1733 660 sunt
1752 623 1903 675 mag-‘422¹-

39 690 64 710 ιο
83 678 206 708 cesaris
228 677 429 708 reddendum
453 678 578 715 cesarz';
603 676 720 707 deinde
737 688 828 708 vero:
853 689 937 719 quae
955 679 1017 709 Dei
1040 683 1116 709 sunt
1133 679 1212 717 Deo,
1238 683 1272 708 ut
1296 679 1393 719 capiti
1411 678 1557 717 eclesiae,
1582 680 1733 710 videlicet

82 729 276 769 imperatori,
302 727 444 758 debitum
468 728 557 768 prius
580 728 734 759 reddatur
757 728 978 769 subiectionis,
1002 729 1117 760 deinde
1141 729 1363 760 sacerdotibus
1389 741 1504 760 munus
1529 731 1732 771 impendatur

81 779 219 817 honoris,
243 784 274 809 et
290 779 476 820 imperatori
495 779 625 820 quidem
642 780 816 819 terrestria,
840 780 1065 811 sacerdotibus
1083 791 1171 821 vero,
1194 780 1226 811 id
1244 786 1292 811 est
1308 781 1516 822 pontificibus
1533 781 1583 811 vel
1599 781 1731 823 reliquis

82 829 216 868 clericis,
240 830 420 871 spiritualia
447 830 626 864 commoda,
671 831 707 861 In
733 841 796 872 quo
820 832 916 862 etiam
941 838 1093 873 precepto
1117 832 1249 862 Domini
1273 843 1336 862 non
1360 833 1572 872 incongruum
1596 833 1731 869 videtur,
1776 840 1788 851 ·

82 882 108 912 si
130 881 244 923 prelati
267 881 403 912 eclesiae
426 881 467 912 ab
491 883 685 923 imperatore
709 883 798 923 prius
821 884 1000 924 suscipiant
1023 883 1147 924 proprii
1172 883 1310 923 honoris,
1338 884 1528 914 investitura
1553 884 1658 914 baculi
1681 884 1731 915 vel

37 947 61 966 15
80 932 167 964 anuli
189 943 367 971 assensum,
391 943 488 974 quam
512 943 531 962 a
554 933 706 974 pontifice
731 939 975 974 consecrentur3
1000 935 1097 976 quia³
1122 935 1148 964 si
1173 935 1323 976 princeps
1348 939 1446 975 caput
1469 934 1604 965 eclesiae
1628 936 1732 976 predi-

81 989 181 1019 catur,
206 995 225 1014 a
248 985 453 1015 menbrorum
478 995 608 1014 suorum
633 984 729 1015 officii
754 985 820 1015 sive
839 986 1007 1016 ministerii
1032 986 1195 1017 creatione
1219 985 1304 1016 nullo
1328 986 1424 1016 modo
1448 991 1495 1017 est
1518 985 1731 1027 repellendus.

184 1036 214 1066 4.
254 1035 431 1066 Videamus
448 1036 571 1067 interea
587 1040 618 1066 et
642 1035 883 1067 consideremus
900 1037 1015 1067 summi
1033 1038 1195 1079 pontificis
1212 1037 1350 1078 insignia
1368 1043 1557 1068 ornamenta
1578 1042 1609 1068 et
1632 1038 1732 1068 disca-

80 1097 160 1124 mus,
183 1096 202 1116 a
217 1086 308 1116 cuius
332 1085 537 1117 sublimitatis
554 1092 712 1128 potestate
735 1089 897 1129 acceperit
920 1099 967 1118 ea.
1006 1088 1162 1130 Nunquid
1186 1089 1336 1119 dominus
1355 1094 1462 1119 noster
1479 1089 1568 1119 lesus
1585 1088 1732 1120 Christus

79 1137 212 1178 largitus
236 1143 284 1168 est
306 1137 360 1168 illa
382 1137 476 1168 beato
499 1138 595 1169 Petro
619 1138 775 1180 apostolo,
800 1139 929 1180 quando
953 1139 1065 1170 tribuit
1088 1140 1115 1170 ei
1140 1139 1247 1170 claves
1271 1141 1360 1180 regni
1384 1139 1552 1170 celorum?
1588 1140 1731 1171 Minime.

33 1202 60 1221 20
79 1188 145 1220 Sed
168 1189 240 1230 quis
264 1190 424 1219 concessit
445 1190 515 1230 ipsa
538 1190 677 1231 insignia
700 1196 889 1221 ornamenta
906 1190 1050 1222 Romano
1071 1190 1239 1233 pontifici?
1283 1190 1477 1231 Relegamus
1502 1191 1599 1221 saneb
1624 1191 1730 1223 decre-

79 1245 144 1271 tum
169 1240 374 1271 Constantini
403 1241 510 1281 magni
540 1241 743 1282 imperatoris
773 1248 882 1272 sancto
914 1241 1066 1273 videlicet
1094 1253 1180 1284 pape
1211 1241 1366 1273 Silvestro
1397 1242 1593 1282 delegatum,
1625 1248 1655 1273 et
1686 1244 1730 1274 ibi

78 1290 188 1332 procul
210 1291 308 1322 dubio
333 1292 544 1323 inveniemus.
591 1292 644 1323 Sic
676 1293 759 1323 enim
785 1293 902 1334 legitur
926 1292 1009 1324 illic:
1043 1293 1275 1325 Concedimus¹
1300 1294 1386 1334 ipsis
1415 1295 1539 1324 sanctis
1572 1294 1730 1335 apostolis

78 1343 220 1374 dominis
247 1344 326 1374 meis
350 1343 443 1374 Petro
472 1348 500 1374 et
524 1343 630 1374 Paulo
653 1345 786 1384 imperii
810 1347 914 1376 nostri
937 1345 1159 1376 Lateranense
1179 1345 1347 1386 palatium
1377 1350 1473 1386 atque
1505 1346 1729 1376 conto-adimus

77 1394 165 1426 beato
188 1394 345 1426 Silvestre
364 1396 457 1435 patri
488 1400 597 1426 nostro
627 1407 749 1427 summo
771 1397 924 1436 pontefici
954 1401 981 1427 et
1012 1397 1158 1427 omnibus
1189 1398 1258 1427 eius
1289 1397 1528 1427 successoribus
1560 1409 1660 1438 usque
1693 1398 1726 1427 in

33 1445 171 1486 ssfi‘nem
194 1445 312 1476 mundi
335 1445 499 1485 diadema,
530 1446 677 1477 videlicet
708 1459 862 1478 coronam
889 1449 1006 1489 capitis
1037 1449 1162 1486 nostr15;
1188 1447 1337 1488 frigyiam
1368 1449 1463 1478 etiam
1493 1449 1584 1479 eius²
1614 1460 1727 1479 sacra-

77 1498 200 1528 tissimo
222 1498 336 1527 vertici
358 1497 512 1528 manibus
537 1499 656 1529 nostris
680 1499 906 1539 imposuimus,
930 1511 985 1529 nec
1009 1510 1074 1529 non
1098 1504 1126 1529 et
1142 1499 1421 1539 superhumerale,
1445 1499 1593 1530 videlicet
1613 1499 1728 1537 lorum,

77 1549 162 1589 quod
192 1548 363 1589 imperiale
393 1548 470 1579 solet
500 1549 705 1580 circumdare
736 1550 861 1590 collam,
893 1562 1003 1580 verum
1027 1551 1122 1580 etiam
1148 1555 1175 1580 et
1198 1550 1369 1580 clamidem
1396 1562 1604 1591 purpuream
1635 1556 1728 1592 atque

77 1601 223 1631 tunicam
254 1600 435 1630 coccineam
476 1604 504 1630 et
536 1602 646 1631 omnia
676 1602 870 1642 imperialia
901 1602 1095 1632 indumenta
1132 1612 1188 1631 seu
1219 1606 1246 1631 et
1277 1601 1471 1643 dignitatem
1502 1602 1726 1642 imperialium

76 1652 218 1692 equitum
239 1656 267 1682 et
291 1662 413 1681 omnem
428 1653 665 1691 processionem
681 1653 865 1693 imperialis
883 1653 1045 1684 culminis.
1090 1651 1128 1682 In
1145 1653 1263 1694 quibus
1281 1653 1432 1683 nimirum
1449 1652 1557 1683 verbis
1574 1652 1729 1683 audenter

31 1713 58 1732 so
77 1708 106 1733 et
129 1701 286 1733 catholice
309 1702 476 1733 oonicerec
500 1713 683 1744 possumus,
708 1704 793 1745 quia,
818 1705 843 1734 si
869 1704 1112 1743 Constantinus,
1137 1705 1190 1745 qui
1214 1705 1325 1745 utique
1350 1709 1417 1734 erat
1440 1705 1556 1734 terreni
1580 1704 1729 1735 dominus

77 1753 297 1784 tantummodo
320 1753 408 1792 iuris,
433 1764 529 1794 super
552 1755 671 1785 vertice
696 1765 779 1796 pape
804 1755 953 1786 manibus
978 1756 1044 1786 suis
1061 1756 1170 1796 posuit
1193 1754 1360 1796 imperiale
1384 1755 1514 1796 frigium
1541 1761 1571 1786 et
1595 1767 1657 1785 non
1682 1761 1729 1786 est

77 1804 137 1836 hoc
149 1816 248 1846 agere
262 1805 394 1844 veritus,
409 1805 545 1848 ym[m]o
559 1804 793 1846 benignissima
806 1806 976 1837 devotione
990 1805 1140 1848 fidelique
1155 1807 1280 1848 peregit
1297 1812 1412 1844 mente,
1430 1817 1488 1837 nec
1502 1817 1585 1847 papa
1599 1818 1728 1848 quoque

76 1857 268 1898 dedignatus
291 1860 339 1886 est
362 1857 526 1897 suscipere
550 1856 642 1887 illud:
670 1868 769 1898 quare
786 1858 966 1889 orthodoxo
990 1859 1177 1899 imperatori
1202 1858 1413 1897 interdicitur,
1439 1864 1473 1888 ut
1490 1857 1640 1888 baculum
1659 1857 1728 1888 veld

75 1908 205 1939 anulum
229 1908 389 1949 episcopis
405 1907 455 1938 vel
473 1907 604 1949 prelatis
622 1908 768 1950 eclesiae,
793 1910 849 1950 qui
867 1914 952 1940 certe
976 1909 1134 1939 inferioris
1159 1908 1282 1939 ordinis
1298 1920 1382 1950 pape
1407 1914 1491 1947 sunt,
1515 1914 1546 1939 et
1570 1910 1600 1939 in
1618 1920 1726 1940 eorum

31 1969 57 1988 ³5
76 1960 223 1991 manibus
246 1970 309 1990 non
333 1958 534 2000 largiature?
578 1959 784 1991 Manifestum
809 1961 929 2002 quippe
960 1965 1017 2000 est,
1050 1960 1137 2002 quod
1159 1971 1223 1991 non
1247 1960 1307 1991 hoc
1331 1960 1440 1991 divina
1469 1960 1633 2001 religione,
1665 1971 1726 1991 non

76 2010 160 2042 ullas
184 2011 246 2042 Dei
271 2010 476 2051 emulatione,
500 2010 555 2042 sed
579 2012 686 2052 potius
711 2011 902 2043 contendere
926 2017 956 2043 et
979 2013 1032 2052 agi
1049 2012 1202 2043 videntur
1225 2011 1384 2042 invidiose
1402 2023 1581 2053 magnaque
1599 2013 1728 2042 lionoris

76 2062 229 2094 aviditate
251 2062 293 2093 ad
317 2062 541 2093 offuscandum
565 2061 754 2093 eclesiarum
778 2063 877 2094 decus
902 2068 933 2093 et
955 2063 996 2093 ad
1013 2063 1243 2094 destruendum
1268 2063 1433 2104 imperiale
1450 2074 1589 2104 munus„
1614 2063 1727 2094 Nonne

77 2114 211 2145 sanioris
229 2113 396 2155 dignitatis
420 2119 468 2145 est
484 2113 623 2145 eclesiae
647 2114 812 2155 imperiale
829 2115 1041 2155 patrocinium
1058 2113 1176 2145 habere
1196 2115 1290 2156 eique
1306 2114 1415 2146 debita
1432 2114 1527 2145 subdi
1544 2114 1727 2153 devotione,

77 2175 172 2206 quam
202 2175 285 2195 nova
316 2169 347 2195 et
375 2165 520 2196 inaudita
550 2176 746 2206 presumere,
778 2165 895 2208 quibus
926 2165 996 2197 lites
1026 2170 1057 2196 et
1087 2166 1307 2197 contentiones
1337 2171 1540 2206 generentur,
1570 2166 1644 2197 odia
1673 2178 1726 2197 ex-

31 2225 58 2244 40
77 2215 229 2248 ecrabilia
259 2221 290 2247 et
319 2215 538 2247 discensiones
571 2218 724 2256 oriantur,
760 2218 901 2258 periuria
940 2217 1200 2259 sanguinumque
1237 2217 1408 2247 effusiones
1445 2223 1658 2249 exerceantur
1696 2223 1727 2248 et

77 2268 184 2299 omnia
216 2267 458 2298 christianitatis
493 2278 592 2309 opera
624 2269 845 2300 evacuentur?
897 2269 1114 2299 Veruntamen
1146 2279 1185 2298 ve
1215 2268 1384 2299 animabus
1422 2279 1543 2309 eorum,
1574 2270 1629 2311 qui
1661 2274 1725 2300 tam

79 2317 256 2349 crudelium
286 2319 506 2350 inventionum
541 2325 689 2350 auctores
724 2321 969 2361 incentoresque
1003 2320 1147 2350 fuerunt!
1201 2319 1272 2350 Non
1303 2320 1386 2349 enim
1418 2319 1578 2360 gloriam&
1607 2322 1724 2351 summi

78 2369 152 2409 Dei,
174 2370 230 2401 sed
253 2371 302 2400 sui
325 2369 408 2401 ultra
430 2370 560 2401 modum
593 2371 721 2402 honoris
746 2372 941 2412 quesierunt.
986 2371 1055 2401 Nec
1079 2376 1208 2401 sanctae
1239 2369 1373 2401 eclesiae
1398 2371 1570 2412 oviumque
1595 2371 1726 2412 Christi,

79 2425 112 2452 ut
133 2422 199 2452 veri
224 2426 378 2462 pastoreS‚
403 2421 550 2462 salutem,
574 2422 630 2452 sed
653 2427 806 2464 tanquam
830 2422 897 2464 lupi
921 2421 1067 2453 crudeles
1077 2422 1089 2441 ¹¹
1113 2421 1336 2452 detestabilem
1360 2433 1512 2453 exercere
1536 2423 1727 2455 studuerunt

32 2479 60 2499 4⁵
79 2473 317 2503 mactationem.

190 2578 216 2606 a)
237 2580 252 2608 ᾇ
273 2585 308 2607 c.;
331 2586 397 2602 corr.
419 2577 450 2602 G.
545 2578 574 2607 b.)
595 2581 666 2602 certe
687 2578 718 2602 G.
820 2579 844 2607 c)
866 2577 905 2602 ita
922 2577 1060 2609 proposuit
1082 2577 1189 2610 Gi0r9i;
1209 2579 1325 2602 coniceri
1346 2587 1365 2603 c.
1470 2580 1496 2609 d)
1516 2584 1575 2611 post
1596 2581 1682 2612 suppl.
1704 2590 1725 2606 c.

80 2621 104 2652 e)
126 2622 275 2654 largiantur
294 2631 315 2646 c.
390 2623 410 2653 f)
433 2623 514 2648 verba
534 2631 601 2648 corr.
622 2624 676 2648 ulla
696 2633 718 2648 c.
793 2628 820 2656 g)
843 2625 928 2656 gloria
948 2633 969 2649 c.
1044 2623 1071 2653 h)
1095 2631 1206 2655 rapaces
1228 2623 1259 2649 G.

189 2720 216 2753 1)
247 2719 275 2745 V.
298 2722 400 2745 textum
423 2721 584 2747 donationis
609 2721 859 2747 Constantinianae
882 2722 922 2747 ed.
940 2721 1059 2746 Zeumer
1082 2723 1096 2751 ξ
1123 2721 1169 2753 14,
1188 2730 1220 2754 p.
1239 2722 1287 2747 56.
1385 2723 1414 2756 2)
1439 2722 1499 2748 eius
1524 2738 1561 2742 ——
1588 2723 1721 2756 imposui-

81 2777 141 2795 mus
164 2779 197 2796 επ
219 2772 234 2801 g
260 2770 305 2802 16,
328 2771 347 2798 ἰ.
364 2771 382 2798 Z.
402 2780 434 2805 p.
452 2771 500 2798 57.

153 2824 248 2848 Libelli
268 2824 301 2849 de
321 2824 375 2849 lite.
406 2825 442 2849 ΙΙ.
1455 2828 1488 2850 68
