<?xml version="1.0" encoding="UTF-8"?>
<!DOCTYPE html PUBLIC "-//W3C//DTD XHTML 1.0 Transitional//EN"
    "http://www.w3.org/TR/xhtml1/DTD/xhtml1-transitional.dtd">
<html xmlns="http://www.w3.org/1999/xhtml" xml:lang="en" lang="en">
 <head>
  <title>
</title>
<meta http-equiv="Content-Type" content="text/html;charset=utf-8" />
  <meta name='ocr-system' content='tesseract 3.04.00' />
  <meta name='ocr-capabilities' content='ocr_page ocr_carea ocr_par ocr_line ocrx_word'/>
</head>
<body>
  <div class='ocr_page' id='page_1' title='image "./monumenta02geseuoft_0677.png"; bbox 0 0 2132 3067; ppageno 0'>
   <div class='ocr_carea' id='block_1_1' title="bbox 65 450 75 468">
    <p class='ocr_par' dir='ltr' id='par_1_1' title="bbox 65 450 75 468">
     <span class='ocr_line' id='line_1_1' title="bbox 65 450 75 468; baseline 0 0"><span class='ocrx_word' id='word_1_1' title='bbox 65 450 75 468; x_wconf 82' lang='lat'>5</span> 
     </span>
    </p>
   </div>
   <div class='ocr_carea' id='block_1_2' title="bbox 50 708 74 728">
    <p class='ocr_par' dir='ltr' id='par_1_2' title="bbox 50 708 74 728">
     <span class='ocr_line' id='line_1_2' title="bbox 50 708 74 728; baseline -0.083 0"><span class='ocrx_word' id='word_1_2' title='bbox 50 708 74 728; x_wconf 82' lang='lat'><em>10</em></span> 
     </span>
    </p>
   </div>
   <div class='ocr_carea' id='block_1_3' title="bbox 47 967 71 986">
    <p class='ocr_par' dir='ltr' id='par_1_3' title="bbox 47 967 71 986">
     <span class='ocr_line' id='line_1_3' title="bbox 47 967 71 986; baseline -0.042 0"><span class='ocrx_word' id='word_1_3' title='bbox 47 967 71 986; x_wconf 80' lang='lat'><em>15</em></span> 
     </span>
    </p>
   </div>
   <div class='ocr_carea' id='block_1_4' title="bbox 45 1224 71 1243">
    <p class='ocr_par' dir='ltr' id='par_1_4' title="bbox 45 1224 71 1243">
     <span class='ocr_line' id='line_1_4' title="bbox 45 1224 71 1243; baseline 0 0"><span class='ocrx_word' id='word_1_4' title='bbox 45 1224 71 1243; x_wconf 74' lang='grc'><em>20</em></span> 
     </span>
    </p>
   </div>
   <div class='ocr_carea' id='block_1_5' title="bbox 44 1483 70 1502">
    <p class='ocr_par' dir='ltr' id='par_1_5' title="bbox 44 1483 70 1502">
     <span class='ocr_line' id='line_1_5' title="bbox 44 1483 70 1502; baseline 0.038 -1"><span class='ocrx_word' id='word_1_5' title='bbox 44 1483 70 1502; x_wconf 77' lang='lat'><em>25</em></span> 
     </span>
    </p>
   </div>
   <div class='ocr_carea' id='block_1_6' title="bbox 43 1741 70 1760">
    <p class='ocr_par' dir='ltr' id='par_1_6' title="bbox 43 1741 70 1760">
     <span class='ocr_line' id='line_1_6' title="bbox 43 1741 70 1760; baseline 0 0"><span class='ocrx_word' id='word_1_6' title='bbox 43 1741 70 1760; x_wconf 77' lang='lat'><em>³0</em></span> 
     </span>
    </p>
   </div>
   <div class='ocr_carea' id='block_1_7' title="bbox 42 2000 68 2018">
    <p class='ocr_par' dir='ltr' id='par_1_7' title="bbox 42 2000 68 2018">
     <span class='ocr_line' id='line_1_7' title="bbox 42 2000 68 2018; baseline 0 0"><span class='ocrx_word' id='word_1_7' title='bbox 42 2000 68 2018; x_wconf 69' lang='lat'><em>³5</em></span> 
     </span>
    </p>
   </div>
   <div class='ocr_carea' id='block_1_8' title="bbox 42 2260 68 2277">
    <p class='ocr_par' dir='ltr' id='par_1_8' title="bbox 42 2260 68 2277">
     <span class='ocr_line' id='line_1_8' title="bbox 42 2260 68 2277; baseline 0 0"><span class='ocrx_word' id='word_1_8' title='bbox 42 2260 68 2277; x_wconf 79' lang='lat'><em>40</em></span> 
     </span>
    </p>
   </div>
   <div class='ocr_carea' id='block_1_9' title="bbox 0 2553 67 2583">
    <p class='ocr_par' dir='ltr' id='par_1_9' title="bbox 0 2553 67 2583">
     <span class='ocr_line' id='line_1_9' title="bbox 0 2553 67 2583; baseline 0.015 -1"><span class='ocrx_word' id='word_1_9' title='bbox 0 2553 67 2583; x_wconf 70' lang='lat'><em>&#39;45</em></span> 
     </span>
    </p>
   </div>
   <div class='ocr_carea' id='block_1_10' title="bbox 451 144 1736 178">
    <p class='ocr_par' dir='ltr' id='par_1_10' title="bbox 451 144 1736 178">
     <span class='ocr_line' id='line_1_10' title="bbox 451 144 1736 178; baseline 0.006 -8"><span class='ocrx_word' id='word_1_10' title='bbox 451 144 680 172; x_wconf 81' lang='lat' dir='ltr'>DISPUTATIO</span> <span class='ocrx_word' id='word_1_11' title='bbox 705 145 780 172; x_wconf 90' lang='lat' dir='ltr'><em>VEL</em></span> <span class='ocrx_word' id='word_1_12' title='bbox 804 146 991 173; x_wconf 81' lang='lat' dir='ltr'>DEFENSIO</span> <span class='ocrx_word' id='word_1_13' title='bbox 1015 146 1226 174; x_wconf 84' lang='lat' dir='ltr'>PASCHALIS</span> <span class='ocrx_word' id='word_1_14' title='bbox 1248 148 1382 177; x_wconf 85' lang='lat' dir='ltr'>PAPAE.</span> <span class='ocrx_word' id='word_1_15' title='bbox 1675 148 1736 178; x_wconf 76' lang='lat'><strong>(3363</strong></span> 
     </span>
    </p>
   </div>
   <div class='ocr_carea' id='block_1_11' title="bbox 88 233 1737 2395">
    <p class='ocr_par' dir='ltr' id='par_1_11' title="bbox 92 233 1737 1152">
     <span class='ocr_line' id='line_1_11' title="bbox 97 233 1734 280; baseline 0.004 -17"><span class='ocrx_word' id='word_1_16' title='bbox 97 233 220 273; x_wconf 80' lang='lat' dir='ltr'><em>apicem</em></span> <span class='ocrx_word' id='word_1_17' title='bbox 246 234 422 274; x_wconf 73' lang='lat' dir='ltr'><em>aspiravit.</em></span> <span class='ocrx_word' id='word_1_18' title='bbox 467 234 581 265; x_wconf 80' lang='lat' dir='ltr'><em>Absit!</em></span> <span class='ocrx_word' id='word_1_19' title='bbox 625 234 738 276; x_wconf 74' lang='lat' dir='ltr'><em>Neque</em></span> <span class='ocrx_word' id='word_1_20' title='bbox 761 236 845 265; x_wconf 81' lang='lat' dir='ltr'><em>enim</em></span> <span class='ocrx_word' id='word_1_21' title='bbox 869 235 933 266; x_wconf 83' lang='lat' dir='ltr'><em>sibi</em></span> <span class='ocrx_word' id='word_1_22' title='bbox 956 235 1105 266; x_wconf 75' lang='lat' dir='ltr'><em>honorem</em></span> <span class='ocrx_word' id='word_1_23' title='bbox 1126 243 1372 278; x_wconf 70' lang='lat' dir='ltr'><em>presumptuose</em></span> <span class='ocrx_word' id='word_1_24' title='bbox 1402 240 1590 280; x_wconf 73' lang='lat' dir='ltr'><em>assumpsit,</em></span> <span class='ocrx_word' id='word_1_25' title='bbox 1622 245 1655 269; x_wconf 85' lang='lat' dir='ltr'><em>ut</em></span> <span class='ocrx_word' id='word_1_26' title='bbox 1679 241 1734 270; x_wconf 85' lang='lat' dir='ltr'><em>im-</em></span> 
     </span>
     <span class='ocr_line' id='line_1_12' title="bbox 92 284 1736 327; baseline 0.005 -14"><span class='ocrx_word' id='word_1_27' title='bbox 92 288 225 325; x_wconf 81' lang='lat' dir='ltr'><em>perator</em></span> <span class='ocrx_word' id='word_1_28' title='bbox 239 284 344 323; x_wconf 81' lang='lat' dir='ltr'><em>fieret,</em></span> <span class='ocrx_word' id='word_1_29' title='bbox 372 285 428 316; x_wconf 81' lang='lat' dir='ltr'><em>sed</em></span> <span class='ocrx_word' id='word_1_30' title='bbox 450 290 607 326; x_wconf 78' lang='lat' dir='ltr'><em>tanquam</em></span> <span class='ocrx_word' id='word_1_31' title='bbox 631 286 847 326; x_wconf 77' lang='lat' dir='ltr'><em>desideratus,</em></span> <span class='ocrx_word' id='word_1_32' title='bbox 877 292 1017 327; x_wconf 79' lang='lat' dir='ltr'><em>optatus,</em></span> <span class='ocrx_word' id='word_1_33' title='bbox 1048 288 1234 327; x_wconf 77' lang='lat' dir='ltr'><em>postulatus</em></span> <span class='ocrx_word' id='word_1_34' title='bbox 1259 301 1277 319; x_wconf 81' lang='grc' dir='ltr'><em>α</em></span> <span class='ocrx_word' id='word_1_35' title='bbox 1304 290 1393 320; x_wconf 84' lang='lat' dir='ltr'><em>nobis</em></span> <span class='ocrx_word' id='word_1_36' title='bbox 1416 295 1443 320; x_wconf 86' lang='lat' dir='ltr'><em>et</em></span> <span class='ocrx_word' id='word_1_37' title='bbox 1468 302 1488 320; x_wconf 88' lang='lat' dir='ltr'><em>a</em></span> <span class='ocrx_word' id='word_1_38' title='bbox 1515 291 1580 321; x_wconf 85' lang='lat' dir='ltr'><em>Deo</em></span> <span class='ocrx_word' id='word_1_39' title='bbox 1606 297 1736 322; x_wconf 81' lang='lat' dir='ltr'><em>vocatus</em></span> 
     </span>
     <span class='ocr_line' id='line_1_13' title="bbox 95 335 1736 381; baseline 0.004 -15"><span class='ocrx_word' id='word_1_40' title='bbox 95 339 122 366; x_wconf 85' lang='lat' dir='ltr'><em>et</em></span> <span class='ocrx_word' id='word_1_41' title='bbox 145 335 386 375; x_wconf 64' lang='lat' dir='ltr'><em>honorificatus,</em></span> <span class='ocrx_word' id='word_1_42' title='bbox 411 336 456 366; x_wconf 87' lang='lat' dir='ltr'><em>ad</em></span> <span class='ocrx_word' id='word_1_43' title='bbox 479 337 718 378; x_wconf 78' lang='lat' dir='ltr'><em>defendendam</em></span> <span class='ocrx_word' id='word_1_44' title='bbox 742 337 931 379; x_wconf 70' lang='lat' dir='ltr'><em>reZiyionem</em></span> <span class='ocrx_word' id='word_1_45' title='bbox 950 343 977 369; x_wconf 87' lang='lat' dir='ltr'><em>et</em></span> <span class='ocrx_word' id='word_1_46' title='bbox 996 338 1118 369; x_wconf 78' lang='lat' dir='ltr'><em>Christi</em></span> <span class='ocrx_word' id='word_1_47' title='bbox 1143 340 1260 381; x_wconf 81' lang='lat' dir='ltr'><em>ubique</em></span> <span class='ocrx_word' id='word_1_48' title='bbox 1282 352 1390 371; x_wconf 77' lang='lat' dir='ltr'><em>servos</em></span> <span class='ocrx_word' id='word_1_49' title='bbox 1414 342 1549 372; x_wconf 82' lang='lat' dir='ltr'><em>tuendos</em></span> <span class='ocrx_word' id='word_1_50' title='bbox 1573 342 1736 373; x_wconf 79' lang='lat' dir='ltr'><em>humiliter</em></span> 
     </span>
     <span class='ocr_line' id='line_1_14' title="bbox 96 387 1735 433; baseline 0.004 -16"><span class='ocrx_word' id='word_1_51' title='bbox 96 398 132 418; x_wconf 88' lang='lat' dir='ltr'><em>ac</em></span> <span class='ocrx_word' id='word_1_52' title='bbox 157 387 338 418; x_wconf 72' lang='lat' dir='ltr'><em>obedienter</em></span> <span class='ocrx_word' id='word_1_53' title='bbox 361 389 510 426; x_wconf 77' lang='lat' dir='ltr'><em>accessit,</em></span> <span class='ocrx_word' id='word_1_54' title='bbox 541 394 737 429; x_wconf 75' lang='lat' dir='ltr'><em>operaturus</em></span> <span class='ocrx_word' id='word_1_55' title='bbox 761 394 787 419; x_wconf 87' lang='lat' dir='ltr'><em>et</em></span> <span class='ocrx_word' id='word_1_56' title='bbox 812 389 1021 420; x_wconf 73' lang='lat' dir='ltr'><em>roboraturus</em></span> <span class='ocrx_word' id='word_1_57' title='bbox 1054 392 1086 420; x_wconf 83' lang='lat' dir='ltr'><em>in</em></span> <span class='ocrx_word' id='word_1_58' title='bbox 1120 392 1255 431; x_wconf 75' lang='lat' dir='ltr'><em>imperio</em></span> <span class='ocrx_word' id='word_1_59' title='bbox 1278 403 1435 423; x_wconf 83' lang='lat' dir='ltr'><em>summam</em></span> <span class='ocrx_word' id='word_1_60' title='bbox 1456 404 1571 433; x_wconf 76' lang='lat' dir='ltr'><em>pacem</em></span> <span class='ocrx_word' id='word_1_61' title='bbox 1595 399 1621 424; x_wconf 89' lang='lat' dir='ltr'><em>et</em></span> <span class='ocrx_word' id='word_1_62' title='bbox 1645 399 1735 424; x_wconf 81' lang='lat' dir='ltr'><em>tran-</em></span> 
     </span>
     <span class='ocr_line' id='line_1_15' title="bbox 95 438 1737 479; baseline 0.004 -11"><span class='ocrx_word' id='word_1_63' title='bbox 95 438 285 479; x_wconf 77' lang='lat' dir='ltr'><em>quillitatem</em></span> <span class='ocrx_word' id='word_1_64' title='bbox 309 439 394 469; x_wconf 87' lang='lat' dir='ltr'><em>etin</em></span> <span class='ocrx_word' id='word_1_65' title='bbox 419 439 576 470; x_wconf 83' lang='lat' dir='ltr'><em>aecclesia</em></span> <span class='ocrx_word' id='word_1_66' title='bbox 600 439 665 469; x_wconf 89' lang='lat' dir='ltr'><em>Dei</em></span> <span class='ocrx_word' id='word_1_67' title='bbox 696 441 856 470; x_wconf 80' lang='lat' dir='ltr'><em>iustitiam</em></span> <span class='ocrx_word' id='word_1_68' title='bbox 888 446 914 471; x_wconf 84' lang='lat' dir='ltr'><em>et</em></span> <span class='ocrx_word' id='word_1_69' title='bbox 946 441 1186 474; x_wconf 64' lang='lat' dir='ltr'><em>multationem.</em></span> <span class='ocrx_word' id='word_1_70' title='bbox 1232 443 1312 473; x_wconf 81' lang='lat' dir='ltr'><em>Nisi</em></span> <span class='ocrx_word' id='word_1_71' title='bbox 1342 445 1423 475; x_wconf 78' lang='lat' dir='ltr'><em>enim</em></span> <span class='ocrx_word' id='word_1_72' title='bbox 1455 456 1512 475; x_wconf 91' lang='lat' dir='ltr'><em>nos</em></span> <span class='ocrx_word' id='word_1_73' title='bbox 1542 445 1636 476; x_wconf 82' lang='lat' dir='ltr'><em>talem</em></span> <span class='ocrx_word' id='word_1_74' title='bbox 1668 447 1737 476; x_wconf 79' lang='lat' dir='ltr'><em>eius</em></span> 
     </span>
     <span class='ocr_line' id='line_1_16' title="bbox 95 490 1736 538; baseline 0.004 -18"><span class='ocrx_word' id='word_1_75' title='bbox 95 490 354 531; x_wconf 74' lang='lat' dir='ltr'><em>coynovissemus</em></span> <span class='ocrx_word' id='word_1_76' title='bbox 370 491 588 529; x_wconf 84' lang='lat' dir='ltr'><em>intentionem,</em></span> <span class='ocrx_word' id='word_1_77' title='bbox 612 502 780 531; x_wconf 80' lang='lat' dir='ltr'><em>nunquam</em></span> <span class='ocrx_word' id='word_1_78' title='bbox 798 493 930 522; x_wconf 80' lang='lat' dir='ltr'><em>animus</em></span> <span class='ocrx_word' id='word_1_79' title='bbox 946 497 1055 523; x_wconf 82' lang='lat' dir='ltr'><em>noster</em></span> <span class='ocrx_word' id='word_1_80' title='bbox 1070 492 1164 531; x_wconf 84' lang='lat' dir='ltr'><em>fieret</em></span> <span class='ocrx_word' id='word_1_81' title='bbox 1188 498 1251 524; x_wconf 80' lang='lat' dir='ltr'><em>tam</em></span> <span class='ocrx_word' id='word_1_82' title='bbox 1275 500 1446 535; x_wconf 80' lang='lat' dir='ltr'><em>promptus</em></span> <span class='ocrx_word' id='word_1_83' title='bbox 1470 497 1513 526; x_wconf 76' lang='lat' dir='ltr'><em>acl</em></span> <span class='ocrx_word' id='word_1_84' title='bbox 1539 498 1642 538; x_wconf 73' lang='lat' dir='ltr'><em>ipsius</em></span> <span class='ocrx_word' id='word_1_85' title='bbox 1665 509 1736 537; x_wconf 74' lang='lat' dir='ltr'><em>pro—</em></span> 
     </span>
     <span class='ocr_line' id='line_1_17' title="bbox 96 540 1735 589; baseline 0.004 -17"><span class='ocrx_word' id='word_1_86' title='bbox 96 543 276 572; x_wconf 78' lang='lat' dir='ltr'><em>vectionem.</em></span> <span class='ocrx_word' id='word_1_87' title='bbox 322 540 470 572; x_wconf 84' lang='lat' dir='ltr'><em>Gelasius</em></span> <span class='ocrx_word' id='word_1_88' title='bbox 486 542 657 572; x_wconf 80' lang='lat' dir='ltr'><em>Anastasio</em></span> <span class='ocrx_word' id='word_1_89' title='bbox 681 543 906 583; x_wconf 78' lang='lat' dir='ltr'><em>imperatori¹z</em></span> <span class='ocrx_word' id='word_1_90' title='bbox 932 544 1006 574; x_wconf 86' lang='lat' dir='ltr'><em>Duo</em></span> <span class='ocrx_word' id='word_1_91' title='bbox 1030 549 1116 583; x_wconf 80' lang='lat' dir='ltr'><em>sunt,</em></span> <span class='ocrx_word' id='word_1_92' title='bbox 1141 545 1318 585; x_wconf 77' lang='lat' dir='ltr'><em>imperator</em></span> <span class='ocrx_word' id='word_1_93' title='bbox 1333 552 1479 587; x_wconf 61' lang='lat' dir='ltr'><em>(tityus-te,</em></span> <span class='ocrx_word' id='word_1_94' title='bbox 1503 548 1620 588; x_wconf 81' lang='lat' dir='ltr'><em>quibus</em></span> <span class='ocrx_word' id='word_1_95' title='bbox 1642 550 1735 589; x_wconf 81' lang='lat' dir='ltr'><em>prin-</em></span> 
     </span>
     <span class='ocr_line' id='line_1_18' title="bbox 94 592 1734 639; baseline 0.004 -15"><span class='ocrx_word' id='word_1_96' title='bbox 94 592 247 633; x_wconf 79' lang='lat' dir='ltr'><em>cipaliter</em></span> <span class='ocrx_word' id='word_1_97' title='bbox 276 593 328 623; x_wconf 79' lang='lat' dir='ltr'><em>hic</em></span> <span class='ocrx_word' id='word_1_98' title='bbox 356 593 501 624; x_wconf 78' lang='lat' dir='ltr'><em>mundus</em></span> <span class='ocrx_word' id='word_1_99' title='bbox 530 595 674 633; x_wconf 74' lang='lat' dir='ltr'><em>reyitur:</em></span> <span class='ocrx_word' id='word_1_100' title='bbox 707 595 887 625; x_wconf 78' lang='lat' dir='ltr'><em>auctoritas</em></span> <span class='ocrx_word' id='word_1_101' title='bbox 917 600 1053 625; x_wconf 84' lang='lat' dir='ltr'><em>sacrata</em></span> <span class='ocrx_word' id='word_1_102' title='bbox 1080 596 1273 636; x_wconf 67' lang='lat' dir='ltr'><em>pontificum</em></span> <span class='ocrx_word' id='word_1_103' title='bbox 1301 602 1328 627; x_wconf 80' lang='lat' dir='ltr'><em>et</em></span> <span class='ocrx_word' id='word_1_104' title='bbox 1351 598 1473 638; x_wconf 66' lang='lat' dir='ltr'><em>reflatis</em></span> <span class='ocrx_word' id='word_1_105' title='bbox 1498 604 1652 639; x_wconf 76' lang='lat' dir='ltr'><em>potestas.</em></span> <span class='ocrx_word' id='word_1_106' title='bbox 1697 600 1734 630; x_wconf 82' lang='lat' dir='ltr'><em>In</em></span> 
     </span>
     <span class='ocr_line' id='line_1_19' title="bbox 94 645 1736 691; baseline 0.003 -15"><span class='ocrx_word' id='word_1_107' title='bbox 94 645 209 686; x_wconf 81' lang='lat' dir='ltr'><em>quibu-s</em></span> <span class='ocrx_word' id='word_1_108' title='bbox 237 649 329 675; x_wconf 88' lang='lat' dir='ltr'><em>tanto</em></span> <span class='ocrx_word' id='word_1_109' title='bbox 361 645 499 686; x_wconf 74' lang='lat' dir='ltr'><em>yravt&#39;us</em></span> <span class='ocrx_word' id='word_1_110' title='bbox 528 650 572 675; x_wconf 85' lang='lat' dir='ltr'><em>est</em></span> <span class='ocrx_word' id='word_1_111' title='bbox 598 645 731 685; x_wconf 77' lang='lat' dir='ltr'><em>pondus</em></span> <span class='ocrx_word' id='word_1_112' title='bbox 760 646 979 686; x_wconf 75' lang='lat' dir='ltr'><em>sacerdotum,</em></span> <span class='ocrx_word' id='word_1_113' title='bbox 1014 652 1134 688; x_wconf 81' lang='lat' dir='ltr'><em>quanto</em></span> <span class='ocrx_word' id='word_1_114' title='bbox 1169 649 1262 678; x_wconf 76' lang='lat' dir='ltr'><em>etiam</em></span> <span class='ocrx_word' id='word_1_115' title='bbox 1292 660 1354 689; x_wconf 83' lang='lat' dir='ltr'><em>pro</em></span> <span class='ocrx_word' id='word_1_116' title='bbox 1388 650 1470 689; x_wconf 72' lang='lat' dir='ltr'><em>ipsis</em></span> <span class='ocrx_word' id='word_1_117' title='bbox 1503 651 1736 691; x_wconf 69' lang='lat' dir='ltr'><em>reyiminibas²</em></span> 
     </span>
     <span class='ocr_line' id='line_1_20' title="bbox 94 696 1737 742; baseline 0.004 -16"><span class='ocrx_word' id='word_1_118' title='bbox 94 696 257 727; x_wconf 77' lang='lat' dir='ltr'><em>hominum</em></span> <span class='ocrx_word' id='word_1_119' title='bbox 287 697 323 727; x_wconf 85' lang='lat' dir='ltr'><em>in</em></span> <span class='ocrx_word' id='word_1_120' title='bbox 354 696 467 728; x_wconf 77' lang='lat' dir='ltr'><em>divino</em></span> <span class='ocrx_word' id='word_1_121' title='bbox 498 696 662 727; x_wconf 78' lang='lat' dir='ltr'><em>reddituri</em></span> <span class='ocrx_word' id='word_1_122' title='bbox 689 703 765 728; x_wconf 79' lang='lat' dir='ltr'><em>sunt</em></span> <span class='ocrx_word' id='word_1_123' title='bbox 787 698 936 728; x_wconf 75' lang='lat' dir='ltr'><em>eoeamine</em></span> <span class='ocrx_word' id='word_1_124' title='bbox 960 699 1131 729; x_wconf 71' lang='lat' dir='ltr'><em>rationem.</em></span> <span class='ocrx_word' id='word_1_125' title='bbox 1176 699 1273 730; x_wconf 80' lang='lat' dir='ltr'><em>Nosti</em></span> <span class='ocrx_word' id='word_1_126' title='bbox 1296 702 1392 740; x_wconf 79' lang='lat' dir='ltr'><em>enim,</em></span> <span class='ocrx_word' id='word_1_127' title='bbox 1415 702 1656 732; x_wconf 71' lang='lat' dir='ltr'><em>clementissime</em></span> <span class='ocrx_word' id='word_1_128' title='bbox 1672 702 1737 742; x_wconf 76' lang='lat' dir='ltr'><em>fili,</em></span> 
     </span>
     <span class='ocr_line' id='line_1_21' title="bbox 94 748 1737 792; baseline 0.004 -14"><span class='ocrx_word' id='word_1_129' title='bbox 94 748 270 789; x_wconf 75' lang='lat' dir='ltr'><em>quoniamb</em></span> <span class='ocrx_word' id='word_1_130' title='bbox 293 748 366 779; x_wconf 87' lang='lat' dir='ltr'><em>licet</em></span> <span class='ocrx_word' id='word_1_131' title='bbox 383 748 559 788; x_wconf 75' lang='lat' dir='ltr'><em>presidens</em></span> <span class='ocrx_word' id='word_1_132' title='bbox 582 748 724 779; x_wconf 78' lang='lat' dir='ltr'><em>humano</em></span> <span class='ocrx_word' id='word_1_133' title='bbox 748 750 860 790; x_wconf 69' lang='lat' dir='ltr'><em>¹qeneri</em></span> <span class='ocrx_word' id='word_1_134' title='bbox 883 750 1053 790; x_wconf 72' lang='lat' dir='ltr'><em>cliynitate,</em></span> <span class='ocrx_word' id='word_1_135' title='bbox 1081 755 1187 780; x_wconf 78' lang='lat' dir='ltr'><em>tamen</em></span> <span class='ocrx_word' id='word_1_136' title='bbox 1208 751 1395 792; x_wconf 73' lang='lat' dir='ltr'><em>presulibus</em></span> <span class='ocrx_word' id='word_1_137' title='bbox 1418 753 1604 784; x_wconf 77' lang='lat' dir='ltr'><em>divinarum</em></span> <span class='ocrx_word' id='word_1_138' title='bbox 1630 766 1737 785; x_wconf 80' lang='lat' dir='ltr'><em>rerum</em></span> 
     </span>
     <span class='ocr_line' id='line_1_22' title="bbox 93 799 1737 846; baseline 0.004 -16"><span class='ocrx_word' id='word_1_139' title='bbox 93 799 223 830; x_wconf 81' lang='lat' dir='ltr'><em>devotus</em></span> <span class='ocrx_word' id='word_1_140' title='bbox 254 799 337 830; x_wconf 80' lang='lat' dir='ltr'><em>colla</em></span> <span class='ocrx_word' id='word_1_141' title='bbox 359 800 529 839; x_wconf 78' lang='lat' dir='ltr'><em>submittis,</em></span> <span class='ocrx_word' id='word_1_142' title='bbox 559 805 654 841; x_wconf 81' lang='lat' dir='ltr'><em>atque</em></span> <span class='ocrx_word' id='word_1_143' title='bbox 678 800 718 831; x_wconf 88' lang='lat' dir='ltr'><em>ab</em></span> <span class='ocrx_word' id='word_1_144' title='bbox 742 802 788 831; x_wconf 86' lang='lat' dir='ltr'><em>eis</em></span> <span class='ocrx_word' id='word_1_145' title='bbox 812 812 932 831; x_wconf 78' lang='lat' dir='ltr'><em>causas</em></span> <span class='ocrx_word' id='word_1_146' title='bbox 957 805 1007 831; x_wconf 79' lang='lat' dir='ltr'><em>tue</em></span> <span class='ocrx_word' id='word_1_147' title='bbox 1031 802 1149 832; x_wconf 76' lang='lat' dir='ltr'><em>salutis</em></span> <span class='ocrx_word' id='word_1_148' title='bbox 1173 808 1334 843; x_wconf 66' lang='lat' dir='ltr'><em>ea‘pectas.</em></span> <span class='ocrx_word' id='word_1_149' title='bbox 1382 804 1549 846; x_wconf 66' lang='lat' dir='ltr'><em>Hincquec</em></span> <span class='ocrx_word' id='word_1_150' title='bbox 1571 806 1737 836; x_wconf 81' lang='lat' dir='ltr'><em>sumendis</em></span> 
     </span>
     <span class='ocr_line' id='line_1_23' title="bbox 93 850 1735 897; baseline 0.003 -15"><span class='ocrx_word' id='word_1_151' title='bbox 93 850 257 882; x_wconf 81' lang='lat' dir='ltr'><em>celestibus</em></span> <span class='ocrx_word' id='word_1_152' title='bbox 278 852 496 882; x_wconf 71' lang='lat' dir='ltr'><em>sacramentis</em></span> <span class='ocrx_word' id='word_1_153' title='bbox 520 852 628 892; x_wconf 80' lang='lat' dir='ltr'><em>eisque</em></span> <span class='ocrx_word' id='word_1_154' title='bbox 651 856 686 882; x_wconf 89' lang='lat' dir='ltr'><em>ut</em></span> <span class='ocrx_word' id='word_1_155' title='bbox 709 853 855 894; x_wconf 77' lang='lat' dir='ltr'><em>competit</em></span> <span class='ocrx_word' id='word_1_156' title='bbox 879 853 1116 893; x_wconf 71' lang='lat' dir='ltr'><em>disponendisd</em></span> <span class='ocrx_word' id='word_1_157' title='bbox 1140 854 1237 884; x_wconf 71' lang='lat' dir='ltr'><em>subdi</em></span> <span class='ocrx_word' id='word_1_158' title='bbox 1259 855 1369 885; x_wconf 74' lang='lat' dir='ltr'><em>debere</em></span> <span class='ocrx_word' id='word_1_159' title='bbox 1393 860 1420 886; x_wconf 86' lang='lat' dir='ltr'><em>te</em></span> <span class='ocrx_word' id='word_1_160' title='bbox 1444 859 1670 897; x_wconf 63' lang='lat' dir='ltr'><em>coynoscerisss</em></span> <span class='ocrx_word' id='word_1_161' title='bbox 1687 868 1735 887; x_wconf 90' lang='lat' dir='ltr'><em>re-</em></span> 
     </span>
     <span class='ocr_line' id='line_1_24' title="bbox 93 901 1736 947; baseline 0.004 -15"><span class='ocrx_word' id='word_1_162' title='bbox 93 901 229 944; x_wconf 72' lang='lat' dir='ltr'><em>liyz&#39;onis</em></span> <span class='ocrx_word' id='word_1_163' title='bbox 252 902 366 934; x_wconf 80' lang='lat' dir='ltr'><em>ordine</em></span> <span class='ocrx_word' id='word_1_164' title='bbox 384 903 499 944; x_wconf 78' lang='lat' dir='ltr'><em>potius</em></span> <span class='ocrx_word' id='word_1_165' title='bbox 522 914 619 944; x_wconf 77' lang='lat' dir='ltr'><em>quam</em></span> <span class='ocrx_word' id='word_1_166' title='bbox 639 914 777 944; x_wconf 79' lang='lat' dir='ltr'><em>preesse.</em></span> <span class='ocrx_word' id='word_1_167' title='bbox 825 904 938 945; x_wconf 78' lang='lat' dir='ltr'><em>Itaque</em></span> <span class='ocrx_word' id='word_1_168' title='bbox 961 905 1047 934; x_wconf 79' lang='lat' dir='ltr'><em>inter</em></span> <span class='ocrx_word' id='word_1_169' title='bbox 1066 905 1119 935; x_wconf 73' lang='lat' dir='ltr'><em>hec</em></span> <span class='ocrx_word' id='word_1_170' title='bbox 1143 906 1272 936; x_wconf 76' lang='lat' dir='ltr'><em>illorum</em></span> <span class='ocrx_word' id='word_1_171' title='bbox 1297 911 1324 935; x_wconf 82' lang='lat' dir='ltr'><em>te</em></span> <span class='ocrx_word' id='word_1_172' title='bbox 1346 908 1487 947; x_wconf 72' lang='lat' dir='ltr'><em>pendere</em></span> <span class='ocrx_word' id='word_1_173' title='bbox 1513 909 1647 946; x_wconf 77' lang='lat' dir='ltr'><em>iudicio,</em></span> <span class='ocrx_word' id='word_1_174' title='bbox 1672 920 1736 939; x_wconf 81' lang='lat' dir='ltr'><em>non</em></span> 
     </span>
     <span class='ocr_line' id='line_1_25' title="bbox 92 953 1734 1000; baseline 0.004 -16"><span class='ocrx_word' id='word_1_175' title='bbox 92 953 166 984; x_wconf 80' lang='lat' dir='ltr'><em>illos</em></span> <span class='ocrx_word' id='word_1_176' title='bbox 195 954 239 985; x_wconf 84' lang='lat' dir='ltr'><em>ad</em></span> <span class='ocrx_word' id='word_1_177' title='bbox 262 959 350 985; x_wconf 82' lang='lat' dir='ltr'><em>tuam</em></span> <span class='ocrx_word' id='word_1_178' title='bbox 374 954 452 985; x_wconf 77' lang='lat' dir='ltr'><em>velle</em></span> <span class='ocrx_word' id='word_1_179' title='bbox 474 954 584 996; x_wconf 68' lang='lat' dir='ltr'><em>rediyi</em></span> <span class='ocrx_word' id='word_1_180' title='bbox 607 955 812 986; x_wconf 79' lang='lat' dir='ltr'><em>voluntatem.</em></span> <span class='ocrx_word' id='word_1_181' title='bbox 859 955 899 986; x_wconf 82' lang='lat' dir='ltr'><em>Et</em></span> <span class='ocrx_word' id='word_1_182' title='bbox 929 960 1001 996; x_wconf 89' lang='lat' dir='ltr'><em>post</em></span> <span class='ocrx_word' id='word_1_183' title='bbox 1032 967 1150 997; x_wconf 84' lang='lat' dir='ltr'><em>pauca:</em></span> <span class='ocrx_word' id='word_1_184' title='bbox 1181 956 1220 988; x_wconf 75' lang='lat' dir='ltr'><em>Si</em></span> <span class='ocrx_word' id='word_1_185' title='bbox 1249 959 1375 988; x_wconf 82' lang='lat' dir='ltr'><em>cunctis</em></span> <span class='ocrx_word' id='word_1_186' title='bbox 1405 959 1601 1000; x_wconf 63' lang='lat' dir='ltr'><em>generaliter</em></span> <span class='ocrx_word' id='word_1_187' title='bbox 1629 972 1734 990; x_wconf 70' lang='lat' dir='ltr'><em>sacer-</em></span> 
     </span>
     <span class='ocr_line' id='line_1_26' title="bbox 92 1005 1736 1051; baseline 0.004 -15"><span class='ocrx_word' id='word_1_188' title='bbox 92 1005 220 1036; x_wconf 82' lang='lat' dir='ltr'><em>dotibus</em></span> <span class='ocrx_word' id='word_1_189' title='bbox 241 1011 322 1037; x_wconf 90' lang='lat' dir='ltr'><em>recte</em></span> <span class='ocrx_word' id='word_1_190' title='bbox 344 1006 463 1037; x_wconf 84' lang='lat' dir='ltr'><em>divina</em></span> <span class='ocrx_word' id='word_1_191' title='bbox 486 1006 706 1037; x_wconf 82' lang='lat' dir='ltr'><em>tractantibus</em></span> <span class='ocrx_word' id='word_1_192' title='bbox 721 1007 874 1046; x_wconf 76' lang='lat' dir='ltr'><em>fidelium</em></span> <span class='ocrx_word' id='word_1_193' title='bbox 898 1008 1048 1038; x_wconf 86' lang='lat' dir='ltr'><em>convenit</em></span> <span class='ocrx_word' id='word_1_194' title='bbox 1071 1007 1172 1038; x_wconf 74' lang='lat' dir='ltr'><em>collas</em></span> <span class='ocrx_word' id='word_1_195' title='bbox 1195 1009 1349 1049; x_wconf 79' lang='lat' dir='ltr'><em>submitti,</em></span> <span class='ocrx_word' id='word_1_196' title='bbox 1373 1015 1494 1050; x_wconf 79' lang='lat' dir='ltr'><em>quanto</em></span> <span class='ocrx_word' id='word_1_197' title='bbox 1514 1013 1627 1051; x_wconf 79' lang='lat' dir='ltr'><em>potius</em></span> <span class='ocrx_word' id='word_1_198' title='bbox 1649 1012 1736 1042; x_wconf 79' lang='lat' dir='ltr'><em>sedis</em></span> 
     </span>
     <span class='ocr_line' id='line_1_27' title="bbox 92 1056 1733 1100; baseline 0.003 -12"><span class='ocrx_word' id='word_1_199' title='bbox 92 1056 183 1088; x_wconf 79' lang='lat' dir='ltr'><em>illius</em></span> <span class='ocrx_word' id='word_1_200' title='bbox 206 1057 335 1098; x_wconf 80' lang='lat' dir='ltr'><em>presuli</em></span> <span class='ocrx_word' id='word_1_201' title='bbox 357 1068 531 1088; x_wconf 82' lang='lat' dir='ltr'><em>consensus</em></span> <span class='ocrx_word' id='word_1_202' title='bbox 555 1063 600 1088; x_wconf 87' lang='lat' dir='ltr'><em>est</em></span> <span class='ocrx_word' id='word_1_203' title='bbox 624 1058 841 1097; x_wconf 74' lang='lat' dir='ltr'><em>adhibendus,</em></span> <span class='ocrx_word' id='word_1_204' title='bbox 869 1070 960 1100; x_wconf 77' lang='lat' dir='ltr'><em>quem</em></span> <span class='ocrx_word' id='word_1_205' title='bbox 983 1061 1108 1090; x_wconf 85' lang='lat' dir='ltr'><em>cunctis</em></span> <span class='ocrx_word' id='word_1_206' title='bbox 1131 1060 1353 1091; x_wconf 78' lang='lat' dir='ltr'><em>sacerdotibus</em></span> <span class='ocrx_word' id='word_1_207' title='bbox 1378 1066 1405 1091; x_wconf 88' lang='lat' dir='ltr'><em>et</em></span> <span class='ocrx_word' id='word_1_208' title='bbox 1428 1062 1588 1092; x_wconf 76' lang='lat' dir='ltr'><em>divinitas</em></span> <span class='ocrx_word' id='word_1_209' title='bbox 1610 1074 1733 1093; x_wconf 76' lang='lat' dir='ltr'><em>summa</em></span> 
     </span>
     <span class='ocr_line' id='line_1_28' title="bbox 92 1108 1551 1152; baseline 0.003 -13"><span class='ocrx_word' id='word_1_210' title='bbox 92 1108 190 1140; x_wconf 85' lang='lat' dir='ltr'><em>voluit</em></span> <span class='ocrx_word' id='word_1_211' title='bbox 210 1110 395 1150; x_wconf 81' lang='lat' dir='ltr'><em>preminere</em></span> <span class='ocrx_word' id='word_1_212' title='bbox 406 1114 430 1148; x_wconf 69' lang='grc' dir='ltr'><em>ἔ,</em></span> <span class='ocrx_word' id='word_1_213' title='bbox 454 1114 481 1141; x_wconf 84' lang='lat' dir='ltr'><em>et</em></span> <span class='ocrx_word' id='word_1_214' title='bbox 504 1110 699 1151; x_wconf 79' lang='lat' dir='ltr'><em>subsequens</em></span> <span class='ocrx_word' id='word_1_215' title='bbox 723 1111 873 1141; x_wconf 82' lang='lat' dir='ltr'><em>aecclesie</em></span> <span class='ocrx_word' id='word_1_216' title='bbox 896 1111 1062 1151; x_wconf 66' lang='lat' dir='ltr'><em>9e1167*alis</em></span> <span class='ocrx_word' id='word_1_217' title='bbox 1086 1111 1207 1152; x_wconf 39' lang='lat' dir='ltr'><em>&#39;iu-aiter</em></span> <span class='ocrx_word' id='word_1_218' title='bbox 1225 1112 1334 1152; x_wconf 77' lang='lat' dir='ltr'><em>pietas</em></span> <span class='ocrx_word' id='word_1_219' title='bbox 1359 1113 1551 1144; x_wconf 71' lang='lat' dir='ltr'><em>celebravit!</em></span> 
     </span>
    </p>

    <p class='ocr_par' dir='ltr' id='par_1_12' title="bbox 88 1159 1737 2081">
     <span class='ocr_line' id='line_1_29' title="bbox 196 1159 1737 1206; baseline 0.003 -15"><span class='ocrx_word' id='word_1_220' title='bbox 196 1159 329 1192; x_wconf 87' lang='lat' dir='ltr'><em>Talibus</em></span> <span class='ocrx_word' id='word_1_221' title='bbox 352 1160 510 1202; x_wconf 87' lang='lat' dir='ltr'><em>exemplis</em></span> <span class='ocrx_word' id='word_1_222' title='bbox 539 1166 571 1192; x_wconf 86' lang='lat' dir='ltr'><em>et</em></span> <span class='ocrx_word' id='word_1_223' title='bbox 592 1160 712 1192; x_wconf 84' lang='lat' dir='ltr'><em>talibus</em></span> <span class='ocrx_word' id='word_1_224' title='bbox 736 1161 784 1192; x_wconf 91' lang='lat' dir='ltr'><em>his</em></span> <span class='ocrx_word' id='word_1_225' title='bbox 808 1161 1007 1192; x_wconf 84' lang='lat' dir='ltr'><em>documentis</em></span> <span class='ocrx_word' id='word_1_226' title='bbox 1032 1163 1153 1204; x_wconf 85' lang='lat' dir='ltr'><em>optime</em></span> <span class='ocrx_word' id='word_1_227' title='bbox 1182 1173 1354 1204; x_wconf 83' lang='lat' dir='ltr'><em>possumus</em></span> <span class='ocrx_word' id='word_1_228' title='bbox 1383 1165 1582 1206; x_wconf 72' lang='lat' dir='ltr'><em>perpendere</em></span> <span class='ocrx_word' id='word_1_229' title='bbox 1610 1166 1737 1196; x_wconf 83' lang='lat' dir='ltr'><em>investi-</em></span> 
     </span>
     <span class='ocr_line' id='line_1_30' title="bbox 90 1212 1736 1255; baseline 0.003 -13"><span class='ocrx_word' id='word_1_230' title='bbox 90 1216 193 1242; x_wconf 80' lang='lat' dir='ltr'><em>turam</em></span> <span class='ocrx_word' id='word_1_231' title='bbox 216 1212 461 1254; x_wconf 82' lang='lat' dir='ltr'><em>episcopatuum</em></span> <span class='ocrx_word' id='word_1_232' title='bbox 485 1212 525 1243; x_wconf 86' lang='lat' dir='ltr'><em>ad</em></span> <span class='ocrx_word' id='word_1_233' title='bbox 548 1224 657 1254; x_wconf 86' lang='lat' dir='ltr'><em>regem</em></span> <span class='ocrx_word' id='word_1_234' title='bbox 681 1213 812 1245; x_wconf 86' lang='lat' dir='ltr'><em>minime</em></span> <span class='ocrx_word' id='word_1_235' title='bbox 835 1214 1007 1255; x_wconf 87' lang='lat' dir='ltr'><em>pertinere.</em></span> <span class='ocrx_word' id='word_1_236' title='bbox 1047 1214 1080 1245; x_wconf 81' lang='lat' dir='ltr'><em>Si</em></span> <span class='ocrx_word' id='word_1_237' title='bbox 1105 1225 1180 1245; x_wconf 86' lang='lat' dir='ltr'><em>vero</em></span> <span class='ocrx_word' id='word_1_238' title='bbox 1204 1215 1323 1245; x_wconf 86' lang='lat' dir='ltr'><em>electus</em></span> <span class='ocrx_word' id='word_1_239' title='bbox 1346 1227 1410 1246; x_wconf 88' lang='lat' dir='ltr'><em>non</em></span> <span class='ocrx_word' id='word_1_240' title='bbox 1435 1222 1652 1255; x_wconf 83' lang='lat' dir='ltr'><em>consecratur,</em></span> <span class='ocrx_word' id='word_1_241' title='bbox 1677 1217 1736 1247; x_wconf 87' lang='lat' dir='ltr'><em>nisi</em></span> 
     </span>
     <span class='ocr_line' id='line_1_31' title="bbox 91 1263 1736 1309; baseline 0.003 -16"><span class='ocrx_word' id='word_1_242' title='bbox 91 1263 179 1304; x_wconf 87' lang='lat' dir='ltr'><em>prius</em></span> <span class='ocrx_word' id='word_1_243' title='bbox 207 1274 226 1293; x_wconf 87' lang='lat' dir='ltr'><em>a</em></span> <span class='ocrx_word' id='word_1_244' title='bbox 256 1275 331 1305; x_wconf 84' lang='lat' dir='ltr'><em>rege</em></span> <span class='ocrx_word' id='word_1_245' title='bbox 361 1264 583 1303; x_wconf 81' lang='lat' dir='ltr'><em>investiatur2‚</em></span> <span class='ocrx_word' id='word_1_246' title='bbox 613 1265 659 1295; x_wconf 89' lang='lat' dir='ltr'><em>sic</em></span> <span class='ocrx_word' id='word_1_247' title='bbox 687 1264 832 1296; x_wconf 81' lang='lat' dir='ltr'><em>veridica</em></span> <span class='ocrx_word' id='word_1_248' title='bbox 858 1267 982 1297; x_wconf 85' lang='lat' dir='ltr'><em>ratione</em></span> <span class='ocrx_word' id='word_1_249' title='bbox 1011 1266 1149 1297; x_wconf 82' lang='lat' dir='ltr'><em>dicimus</em></span> <span class='ocrx_word' id='word_1_250' title='bbox 1178 1265 1299 1297; x_wconf 86' lang='lat' dir='ltr'><em>nullum</em></span> <span class='ocrx_word' id='word_1_251' title='bbox 1327 1268 1359 1298; x_wconf 91' lang='lat' dir='ltr'><em>in</em></span> <span class='ocrx_word' id='word_1_252' title='bbox 1383 1267 1519 1299; x_wconf 85' lang='lat' dir='ltr'><em>ecclesia</em></span> <span class='ocrx_word' id='word_1_253' title='bbox 1542 1268 1736 1309; x_wconf 72' lang='lat' dir='ltr'><em>eligendum,</em></span> 
     </span>
     <span class='ocr_line' id='line_1_32' title="bbox 90 1314 1735 1360; baseline 0.004 -15"><span class='ocrx_word' id='word_1_254' title='bbox 90 1314 211 1346; x_wconf 88' lang='lat' dir='ltr'><em>nullum</em></span> <span class='ocrx_word' id='word_1_255' title='bbox 243 1315 275 1346; x_wconf 88' lang='lat' dir='ltr'><em>in</em></span> <span class='ocrx_word' id='word_1_256' title='bbox 298 1315 433 1347; x_wconf 84' lang='lat' dir='ltr'><em>ecclesia</em></span> <span class='ocrx_word' id='word_1_257' title='bbox 456 1316 721 1357; x_wconf 82' lang='lat' dir='ltr'><em>consecrandum,</em></span> <span class='ocrx_word' id='word_1_258' title='bbox 751 1328 846 1358; x_wconf 87' lang='lat' dir='ltr'><em>quem</em></span> <span class='ocrx_word' id='word_1_259' title='bbox 871 1323 995 1348; x_wconf 88' lang='lat' dir='ltr'><em>constat</em></span> <span class='ocrx_word' id='word_1_260' title='bbox 1025 1329 1082 1359; x_wconf 88' lang='lat' dir='ltr'><em>per</em></span> <span class='ocrx_word' id='word_1_261' title='bbox 1106 1329 1235 1348; x_wconf 80' lang='lat' dir='ltr'><em>manum</em></span> <span class='ocrx_word' id='word_1_262' title='bbox 1266 1319 1349 1360; x_wconf 82' lang='lat' dir='ltr'><em>regis</em></span> <span class='ocrx_word' id='word_1_263' title='bbox 1380 1320 1627 1350; x_wconf 84' lang='lat' dir='ltr'><em>investiendum.</em></span> <span class='ocrx_word' id='word_1_264' title='bbox 1673 1321 1735 1359; x_wconf 71' lang='lat' dir='ltr'><em>Qui</em></span> 
     </span>
     <span class='ocr_line' id='line_1_33' title="bbox 89 1367 1737 1411; baseline 0.002 -13"><span class='ocrx_word' id='word_1_265' title='bbox 89 1367 172 1398; x_wconf 86' lang='lat' dir='ltr'><em>enim</em></span> <span class='ocrx_word' id='word_1_266' title='bbox 198 1378 254 1408; x_wconf 88' lang='lat' dir='ltr'><em>per</em></span> <span class='ocrx_word' id='word_1_267' title='bbox 277 1378 405 1399; x_wconf 87' lang='lat' dir='ltr'><em>manum</em></span> <span class='ocrx_word' id='word_1_268' title='bbox 429 1369 515 1409; x_wconf 82' lang='lat' dir='ltr'><em>regis</em></span> <span class='ocrx_word' id='word_1_269' title='bbox 538 1367 668 1399; x_wconf 86' lang='lat' dir='ltr'><em>domum</em></span> <span class='ocrx_word' id='word_1_270' title='bbox 695 1368 757 1399; x_wconf 83' lang='lat' dir='ltr'><em>Dei</em></span> <span class='ocrx_word' id='word_1_271' title='bbox 780 1368 960 1411; x_wconf 81' lang='lat' dir='ltr'><em>ingreditur</em></span> <span class='ocrx_word' id='word_1_272' title='bbox 983 1375 1014 1400; x_wconf 87' lang='lat' dir='ltr'><em>et</em></span> <span class='ocrx_word' id='word_1_273' title='bbox 1037 1369 1242 1411; x_wconf 85' lang='lat' dir='ltr'><em>dispeusator</em></span> <span class='ocrx_word' id='word_1_274' title='bbox 1265 1369 1418 1401; x_wconf 83' lang='lat' dir='ltr'><em>ecclesiae</em></span> <span class='ocrx_word' id='word_1_275' title='bbox 1435 1372 1674 1410; x_wconf 72' lang='lat' dir='ltr'><em>constituiturh‚</em></span> <span class='ocrx_word' id='word_1_276' title='bbox 1698 1371 1737 1402; x_wconf 82' lang='lat' dir='ltr'><em>ad</em></span> 
     </span>
     <span class='ocr_line' id='line_1_34' title="bbox 90 1418 1737 1464; baseline 0.002 -15"><span class='ocrx_word' id='word_1_277' title='bbox 90 1418 150 1449; x_wconf 91' lang='lat' dir='ltr'><em>hoc</em></span> <span class='ocrx_word' id='word_1_278' title='bbox 174 1424 209 1450; x_wconf 84' lang='lat' dir='ltr'><em>ut</em></span> <span class='ocrx_word' id='word_1_279' title='bbox 232 1419 287 1450; x_wconf 86' lang='lat' dir='ltr'><em>fiat</em></span> <span class='ocrx_word' id='word_1_280' title='bbox 310 1419 470 1451; x_wconf 81' lang='lat' dir='ltr'><em>hereticus</em></span> <span class='ocrx_word' id='word_1_281' title='bbox 494 1425 715 1462; x_wconf 83' lang='lat' dir='ltr'><em>promovetur.</em></span> <span class='ocrx_word' id='word_1_282' title='bbox 760 1419 914 1462; x_wconf 83' lang='lat' dir='ltr'><em>Legimus</em></span> <span class='ocrx_word' id='word_1_283' title='bbox 938 1421 1055 1452; x_wconf 84' lang='lat' dir='ltr'><em>etenim</em></span> <span class='ocrx_word' id='word_1_284' title='bbox 1072 1421 1134 1452; x_wconf 80' lang='lat' dir='ltr'><em>Dei</em></span> <span class='ocrx_word' id='word_1_285' title='bbox 1159 1421 1259 1452; x_wconf 86' lang='lat' dir='ltr'><em>filium</em></span> <span class='ocrx_word' id='word_1_286' title='bbox 1283 1423 1428 1454; x_wconf 83' lang='lat' dir='ltr'><em>veritatis</em></span> <span class='ocrx_word' id='word_1_287' title='bbox 1453 1423 1640 1464; x_wconf 76' lang='lat' dir='ltr'><em>magistrum</em></span> <span class='ocrx_word' id='word_1_288' title='bbox 1666 1435 1737 1464; x_wconf 90' lang='lat' dir='ltr'><em>pro-</em></span> 
     </span>
     <span class='ocr_line' id='line_1_35' title="bbox 91 1470 1731 1514; baseline 0.004 -14"><span class='ocrx_word' id='word_1_289' title='bbox 91 1470 232 1502; x_wconf 86' lang='lat' dir='ltr'><em>fitentem</em></span> <span class='ocrx_word' id='word_1_290' title='bbox 257 1476 288 1502; x_wconf 79' lang='lat' dir='ltr'><em>et</em></span> <span class='ocrx_word' id='word_1_291' title='bbox 311 1471 487 1503; x_wconf 81' lang='lat' dir='ltr'><em>dicentem:</em></span> <span class='ocrx_word' id='word_1_292' title='bbox 510 1472 580 1513; x_wconf 67' lang='lat' dir='ltr'><em>Eyo</em></span> <span class='ocrx_word' id='word_1_293' title='bbox 604 1483 672 1502; x_wconf 83' lang='lat' dir='ltr'><em>sum</em></span> <span class='ocrx_word' id='word_1_294' title='bbox 700 1472 848 1503; x_wconf 80' lang='lat' dir='ltr'><em>hostium.</em></span> <span class='ocrx_word' id='word_1_295' title='bbox 884 1472 948 1512; x_wconf 78' lang='lat' dir='ltr'><em>Qui</em></span> <span class='ocrx_word' id='word_1_296' title='bbox 966 1484 1041 1504; x_wconf 87' lang='lat' dir='ltr'><em>vero</em></span> <span class='ocrx_word' id='word_1_297' title='bbox 1058 1484 1116 1514; x_wconf 91' lang='lat' dir='ltr'><em>per</em></span> <span class='ocrx_word' id='word_1_298' title='bbox 1132 1472 1297 1504; x_wconf 78' lang='lat' dir='ltr'><em>Christum</em></span> <span class='ocrx_word' id='word_1_299' title='bbox 1319 1474 1349 1503; x_wconf 92' lang='lat' dir='ltr'><em>in</em></span> <span class='ocrx_word' id='word_1_300' title='bbox 1367 1473 1496 1504; x_wconf 82' lang='lat' dir='ltr'><em>domum</em></span> <span class='ocrx_word' id='word_1_301' title='bbox 1515 1475 1576 1506; x_wconf 89' lang='lat' dir='ltr'><em>Dei</em></span> <span class='ocrx_word' id='word_1_302' title='bbox 1601 1486 1665 1505; x_wconf 90' lang='lat' dir='ltr'><em>non</em></span> <span class='ocrx_word' id='word_1_303' title='bbox 1689 1476 1731 1505; x_wconf 89' lang='lat' dir='ltr'><em>in-</em></span> 
     </span>
     <span class='ocr_line' id='line_1_36' title="bbox 90 1522 1736 1567; baseline 0.002 -14"><span class='ocrx_word' id='word_1_304' title='bbox 90 1522 245 1563; x_wconf 87' lang='lat' dir='ltr'><em>greditur,</em></span> <span class='ocrx_word' id='word_1_305' title='bbox 268 1528 302 1553; x_wconf 88' lang='lat' dir='ltr'><em>ut</em></span> <span class='ocrx_word' id='word_1_306' title='bbox 325 1523 377 1554; x_wconf 88' lang='lat' dir='ltr'><em>fur</em></span> <span class='ocrx_word' id='word_1_307' title='bbox 400 1528 431 1554; x_wconf 86' lang='lat' dir='ltr'><em>et</em></span> <span class='ocrx_word' id='word_1_308' title='bbox 453 1523 533 1554; x_wconf 81' lang='lat' dir='ltr'><em>latro</em></span> <span class='ocrx_word' id='word_1_309' title='bbox 557 1523 676 1554; x_wconf 83' lang='lat' dir='ltr'><em>intrare</em></span> <span class='ocrx_word' id='word_1_310' title='bbox 697 1523 906 1565; x_wconf 79' lang='lat' dir='ltr'><em>approbatur.</em></span> <span class='ocrx_word' id='word_1_311' title='bbox 952 1525 1039 1566; x_wconf 87' lang='lat' dir='ltr'><em>Ergo</em></span> <span class='ocrx_word' id='word_1_312' title='bbox 1057 1536 1169 1555; x_wconf 86' lang='lat' dir='ltr'><em>manus</em></span> <span class='ocrx_word' id='word_1_313' title='bbox 1186 1526 1270 1565; x_wconf 86' lang='lat' dir='ltr'><em>regis</em></span> <span class='ocrx_word' id='word_1_314' title='bbox 1287 1536 1350 1556; x_wconf 88' lang='lat' dir='ltr'><em>non</em></span> <span class='ocrx_word' id='word_1_315' title='bbox 1368 1531 1416 1556; x_wconf 82' lang='lat' dir='ltr'><em>est</em></span> <span class='ocrx_word' id='word_1_316' title='bbox 1436 1527 1601 1557; x_wconf 73' lang='lat' dir='ltr'><em>concessio</em></span> <span class='ocrx_word' id='word_1_317' title='bbox 1625 1526 1704 1567; x_wconf 77' lang='lat' dir='ltr'><em>legis</em></span> <span class='ocrx_word' id='word_1_318' title='bbox 1716 1531 1736 1556; x_wconf 69' lang='lat'><em>⁸.</em></span> 
     </span>
     <span class='ocr_line' id='line_1_37' title="bbox 89 1574 1736 1619; baseline 0.002 -15"><span class='ocrx_word' id='word_1_319' title='bbox 89 1574 243 1616; x_wconf 86' lang='lat' dir='ltr'><em>Legimus</em></span> <span class='ocrx_word' id='word_1_320' title='bbox 271 1574 426 1605; x_wconf 86' lang='lat' dir='ltr'><em>humanas</em></span> <span class='ocrx_word' id='word_1_321' title='bbox 456 1575 545 1616; x_wconf 81' lang='lat' dir='ltr'><em>leges</em></span> <span class='ocrx_word' id='word_1_322' title='bbox 574 1580 605 1606; x_wconf 89' lang='lat' dir='ltr'><em>et</em></span> <span class='ocrx_word' id='word_1_323' title='bbox 636 1575 772 1614; x_wconf 82' lang='lat' dir='ltr'><em>divinas,</em></span> <span class='ocrx_word' id='word_1_324' title='bbox 803 1576 836 1606; x_wconf 88' lang='lat' dir='ltr'><em>in</em></span> <span class='ocrx_word' id='word_1_325' title='bbox 868 1576 984 1618; x_wconf 87' lang='lat' dir='ltr'><em>quibus</em></span> <span class='ocrx_word' id='word_1_326' title='bbox 1015 1588 1079 1607; x_wconf 90' lang='lat' dir='ltr'><em>non</em></span> <span class='ocrx_word' id='word_1_327' title='bbox 1110 1577 1371 1618; x_wconf 66' lang='lat' dir='ltr'><em>imperatoribusv</em></span> <span class='ocrx_word' id='word_1_328' title='bbox 1406 1589 1469 1608; x_wconf 89' lang='lat' dir='ltr'><em>non</em></span> <span class='ocrx_word' id='word_1_329' title='bbox 1501 1578 1642 1619; x_wconf 74' lang='lat' dir='ltr'><em>regibus,</em></span> <span class='ocrx_word' id='word_1_330' title='bbox 1675 1589 1736 1608; x_wconf 91' lang='lat' dir='ltr'><em>non</em></span> 
     </span>
     <span class='ocr_line' id='line_1_38' title="bbox 89 1625 1735 1671; baseline 0.002 -14"><span class='ocrx_word' id='word_1_331' title='bbox 89 1625 287 1668; x_wconf 83' lang='lat' dir='ltr'><em>quibuslibet</em></span> <span class='ocrx_word' id='word_1_332' title='bbox 308 1626 508 1668; x_wconf 88' lang='lat' dir='ltr'><em>principibus</em></span> <span class='ocrx_word' id='word_1_333' title='bbox 532 1627 571 1658; x_wconf 87' lang='lat' dir='ltr'><em>de</em></span> <span class='ocrx_word' id='word_1_334' title='bbox 596 1627 796 1658; x_wconf 85' lang='lat' dir='ltr'><em>investituris</em></span> <span class='ocrx_word' id='word_1_335' title='bbox 821 1629 1066 1670; x_wconf 85' lang='lat' dir='ltr'><em>episcopatuum</em></span> <span class='ocrx_word' id='word_1_336' title='bbox 1090 1628 1213 1671; x_wconf 84' lang='lat' dir='ltr'><em>aliquid</em></span> <span class='ocrx_word' id='word_1_337' title='bbox 1231 1629 1424 1670; x_wconf 87' lang='lat' dir='ltr'><em>disponendi</em></span> <span class='ocrx_word' id='word_1_338' title='bbox 1448 1630 1478 1659; x_wconf 89' lang='lat' dir='ltr'><em>in</em></span> <span class='ocrx_word' id='word_1_339' title='bbox 1502 1629 1636 1660; x_wconf 85' lang='lat' dir='ltr'><em>ecclesia</em></span> <span class='ocrx_word' id='word_1_340' title='bbox 1659 1630 1735 1670; x_wconf 80' lang='lat' dir='ltr'><em>legi-</em></span> 
     </span>
     <span class='ocr_line' id='line_1_39' title="bbox 89 1678 1733 1723; baseline 0.002 -14"><span class='ocrx_word' id='word_1_341' title='bbox 89 1684 140 1709; x_wconf 85' lang='lat' dir='ltr'><em>tur</em></span> <span class='ocrx_word' id='word_1_342' title='bbox 163 1689 314 1709; x_wconf 85' lang='lat' dir='ltr'><em>concessa</em></span> <span class='ocrx_word' id='word_1_343' title='bbox 336 1682 489 1720; x_wconf 87' lang='lat' dir='ltr'><em>potestas.</em></span> <span class='ocrx_word' id='word_1_344' title='bbox 534 1678 694 1709; x_wconf 88' lang='lat' dir='ltr'><em>Novimus</em></span> <span class='ocrx_word' id='word_1_345' title='bbox 719 1680 803 1710; x_wconf 91' lang='lat' dir='ltr'><em>enim</em></span> <span class='ocrx_word' id='word_1_346' title='bbox 828 1691 937 1721; x_wconf 86' lang='lat' dir='ltr'><em>regem</em></span> <span class='ocrx_word' id='word_1_347' title='bbox 963 1680 1013 1711; x_wconf 89' lang='lat' dir='ltr'><em>vel</em></span> <span class='ocrx_word' id='word_1_348' title='bbox 1042 1681 1267 1722; x_wconf 78' lang='lat' dir='ltr'><em>imperatorem</em></span> <span class='ocrx_word' id='word_1_349' title='bbox 1293 1692 1355 1711; x_wconf 91' lang='lat' dir='ltr'><em>non</em></span> <span class='ocrx_word' id='word_1_350' title='bbox 1380 1682 1448 1711; x_wconf 86' lang='lat' dir='ltr'><em>sine</em></span> <span class='ocrx_word' id='word_1_351' title='bbox 1472 1692 1568 1712; x_wconf 81' lang='lat' dir='ltr'><em>causa</em></span> <span class='ocrx_word' id='word_1_352' title='bbox 1592 1681 1733 1723; x_wconf 74' lang='lat' dir='ltr'><em>gladium</em></span> 
     </span>
     <span class='ocr_line' id='line_1_40' title="bbox 89 1729 1734 1775; baseline 0.002 -15"><span class='ocrx_word' id='word_1_353' title='bbox 89 1729 180 1766; x_wconf 87' lang='lat' dir='ltr'><em>ferre,</em></span> <span class='ocrx_word' id='word_1_354' title='bbox 211 1735 308 1772; x_wconf 85' lang='lat' dir='ltr'><em>caput</em></span> <span class='ocrx_word' id='word_1_355' title='bbox 339 1729 450 1771; x_wconf 90' lang='lat' dir='ltr'><em>populi</em></span> <span class='ocrx_word' id='word_1_356' title='bbox 479 1741 558 1770; x_wconf 88' lang='lat' dir='ltr'><em>esse,</em></span> <span class='ocrx_word' id='word_1_357' title='bbox 588 1731 796 1762; x_wconf 83' lang='lat' dir='ltr'><em>mediatorem</em></span> <span class='ocrx_word' id='word_1_358' title='bbox 830 1730 905 1762; x_wconf 87' lang='lat' dir='ltr'><em>cleri</em></span> <span class='ocrx_word' id='word_1_359' title='bbox 931 1737 961 1762; x_wconf 87' lang='lat' dir='ltr'><em>et</em></span> <span class='ocrx_word' id='word_1_360' title='bbox 985 1731 1099 1774; x_wconf 86' lang='lat' dir='ltr'><em>plebis,</em></span> <span class='ocrx_word' id='word_1_361' title='bbox 1131 1738 1162 1764; x_wconf 87' lang='lat' dir='ltr'><em>et</em></span> <span class='ocrx_word' id='word_1_362' title='bbox 1192 1733 1223 1763; x_wconf 89' lang='lat' dir='ltr'><em>in</em></span> <span class='ocrx_word' id='word_1_363' title='bbox 1253 1733 1388 1764; x_wconf 84' lang='lat' dir='ltr'><em>ecclesia</em></span> <span class='ocrx_word' id='word_1_364' title='bbox 1418 1733 1531 1774; x_wconf 84' lang='lat' dir='ltr'><em>legem,</em></span> <span class='ocrx_word' id='word_1_365' title='bbox 1562 1744 1672 1775; x_wconf 85' lang='lat' dir='ltr'><em>pacem</em></span> <span class='ocrx_word' id='word_1_366' title='bbox 1704 1740 1734 1765; x_wconf 86' lang='lat' dir='ltr'><em>et</em></span> 
     </span>
     <span class='ocr_line' id='line_1_41' title="bbox 89 1781 1732 1826; baseline 0.002 -14"><span class='ocrx_word' id='word_1_367' title='bbox 89 1781 251 1812; x_wconf 85' lang='lat' dir='ltr'><em>iusticiam</em></span> <span class='ocrx_word' id='word_1_368' title='bbox 274 1792 474 1814; x_wconf 85' lang='lat' dir='ltr'><em>conservare.</em></span> <span class='ocrx_word' id='word_1_369' title='bbox 518 1781 674 1813; x_wconf 87' lang='lat' dir='ltr'><em>Novimus</em></span> <span class='ocrx_word' id='word_1_370' title='bbox 698 1783 793 1822; x_wconf 82' lang='lat' dir='ltr'><em>enim,</em></span> <span class='ocrx_word' id='word_1_371' title='bbox 820 1785 895 1825; x_wconf 88' lang='lat' dir='ltr'><em>quia</em></span> <span class='ocrx_word' id='word_1_372' title='bbox 920 1784 1018 1815; x_wconf 83' lang='lat' dir='ltr'><em>Ozias</em></span> <span class='ocrx_word' id='word_1_373' title='bbox 1044 1796 1101 1816; x_wconf 80' lang='lat' dir='ltr'><em>rex</em></span> <span class='ocrx_word' id='word_1_374' title='bbox 1124 1786 1290 1826; x_wconf 85' lang='lat' dir='ltr'><em>ingressus</em></span> <span class='ocrx_word' id='word_1_375' title='bbox 1314 1784 1467 1826; x_wconf 83' lang='lat' dir='ltr'><em>templum</em></span> <span class='ocrx_word' id='word_1_376' title='bbox 1492 1785 1635 1825; x_wconf 88' lang='lat' dir='ltr'><em>Domini,</em></span> <span class='ocrx_word' id='word_1_377' title='bbox 1660 1796 1732 1816; x_wconf 88' lang='lat' dir='ltr'><em>cum</em></span> 
     </span>
     <span class='ocr_line' id='line_1_42' title="bbox 89 1832 1732 1878; baseline 0.002 -14"><span class='ocrx_word' id='word_1_378' title='bbox 89 1832 184 1864; x_wconf 83' lang='lat' dir='ltr'><em>vellet</em></span> <span class='ocrx_word' id='word_1_379' title='bbox 206 1833 379 1873; x_wconf 84' lang='lat' dir='ltr'><em>turfficare,</em></span> <span class='ocrx_word' id='word_1_380' title='bbox 409 1845 427 1865; x_wconf 87' lang='lat' dir='ltr'><em>a</em></span> <span class='ocrx_word' id='word_1_381' title='bbox 450 1833 672 1865; x_wconf 83' lang='lat' dir='ltr'><em>sacerdotibus</em></span> <span class='ocrx_word' id='word_1_382' title='bbox 697 1835 739 1866; x_wconf 86' lang='lat' dir='ltr'><em>sit</em></span> <span class='ocrx_word' id='word_1_383' title='bbox 762 1835 790 1866; x_wconf 86' lang='lat' dir='ltr'><em>ei</em></span> <span class='ocrx_word' id='word_1_384' title='bbox 814 1835 1032 1877; x_wconf 83' lang='lat' dir='ltr'><em>prohibitum3</em></span> <span class='ocrx_word' id='word_1_385' title='bbox 1066 1836 1151 1878; x_wconf 89' lang='lat' dir='ltr'><em>quod</em></span> <span class='ocrx_word' id='word_1_386' title='bbox 1182 1837 1251 1878; x_wconf 86' lang='lat' dir='ltr'><em>ipse</em></span> <span class='ocrx_word' id='word_1_387' title='bbox 1275 1837 1419 1876; x_wconf 82' lang='lat' dir='ltr'><em>graviter</em></span> <span class='ocrx_word' id='word_1_388' title='bbox 1442 1836 1545 1867; x_wconf 86' lang='lat' dir='ltr'><em>ferens</em></span> <span class='ocrx_word' id='word_1_389' title='bbox 1569 1837 1732 1868; x_wconf 84' lang='lat' dir='ltr'><em>incensum</em></span> 
     </span>
     <span class='ocr_line' id='line_1_43' title="bbox 88 1884 1735 1930; baseline 0.002 -14"><span class='ocrx_word' id='word_1_390' title='bbox 88 1884 238 1925; x_wconf 82' lang='lat' dir='ltr'><em>adolevit,</em></span> <span class='ocrx_word' id='word_1_391' title='bbox 262 1890 294 1916; x_wconf 86' lang='lat' dir='ltr'><em>et</em></span> <span class='ocrx_word' id='word_1_392' title='bbox 316 1885 404 1927; x_wconf 84' lang='lat' dir='ltr'><em>lepra</em></span> <span class='ocrx_word' id='word_1_393' title='bbox 427 1887 586 1928; x_wconf 84' lang='lat' dir='ltr'><em>percussit</em></span> <span class='ocrx_word' id='word_1_394' title='bbox 608 1897 681 1916; x_wconf 92' lang='lat' dir='ltr'><em>eum</em></span> <span class='ocrx_word' id='word_1_395' title='bbox 705 1887 737 1917; x_wconf 88' lang='lat' dir='ltr'><em>in</em></span> <span class='ocrx_word' id='word_1_396' title='bbox 761 1886 874 1924; x_wconf 84' lang='lat' dir='ltr'><em>fronte,</em></span> <span class='ocrx_word' id='word_1_397' title='bbox 898 1892 929 1918; x_wconf 91' lang='lat' dir='ltr'><em>et</em></span> <span class='ocrx_word' id='word_1_398' title='bbox 953 1888 1034 1918; x_wconf 81' lang='lat' dir='ltr'><em>sieut</em></span> <span class='ocrx_word' id='word_1_399' title='bbox 1049 1888 1234 1919; x_wconf 86' lang='lat' dir='ltr'><em>sacerdotes</em></span> <span class='ocrx_word' id='word_1_400' title='bbox 1259 1889 1422 1919; x_wconf 88' lang='lat' dir='ltr'><em>eiecerunt</em></span> <span class='ocrx_word' id='word_1_401' title='bbox 1445 1899 1516 1919; x_wconf 88' lang='lat' dir='ltr'><em>eum</em></span> <span class='ocrx_word' id='word_1_402' title='bbox 1542 1889 1581 1919; x_wconf 85' lang='lat' dir='ltr'><em>de</em></span> <span class='ocrx_word' id='word_1_403' title='bbox 1605 1888 1735 1930; x_wconf 78' lang='lat' dir='ltr'><em>templo,</em></span> 
     </span>
     <span class='ocr_line' id='line_1_44' title="bbox 90 1937 1735 1980; baseline 0.001 -12"><span class='ocrx_word' id='word_1_404' title='bbox 90 1937 257 1976; x_wconf 85' lang='lat' dir='ltr'><em>Novimus,</em></span> <span class='ocrx_word' id='word_1_405' title='bbox 282 1938 357 1979; x_wconf 88' lang='lat' dir='ltr'><em>quia</em></span> <span class='ocrx_word' id='word_1_406' title='bbox 380 1937 479 1975; x_wconf 85' lang='lat' dir='ltr'><em>Ooza,</em></span> <span class='ocrx_word' id='word_1_407' title='bbox 509 1948 579 1968; x_wconf 88' lang='lat' dir='ltr'><em>cum</em></span> <span class='ocrx_word' id='word_1_408' title='bbox 603 1948 676 1968; x_wconf 80' lang='lat' dir='ltr'><em>arca</em></span> <span class='ocrx_word' id='word_1_409' title='bbox 699 1938 833 1969; x_wconf 88' lang='lat' dir='ltr'><em>Domini</em></span> <span class='ocrx_word' id='word_1_410' title='bbox 857 1939 1081 1980; x_wconf 84' lang='lat' dir='ltr'><em>deportaretur</em></span> <span class='ocrx_word' id='word_1_411' title='bbox 1112 1946 1142 1971; x_wconf 87' lang='lat' dir='ltr'><em>et</em></span> <span class='ocrx_word' id='word_1_412' title='bbox 1165 1939 1382 1978; x_wconf 82' lang='lat' dir='ltr'><em>inclinaretur,</em></span> <span class='ocrx_word' id='word_1_413' title='bbox 1413 1939 1522 1970; x_wconf 87' lang='lat' dir='ltr'><em>volens</em></span> <span class='ocrx_word' id='word_1_414' title='bbox 1546 1951 1614 1971; x_wconf 84' lang='lat' dir='ltr'><em>eam</em></span> <span class='ocrx_word' id='word_1_415' title='bbox 1640 1951 1735 1972; x_wconf 87' lang='lat' dir='ltr'><em>manu</em></span> 
     </span>
     <span class='ocr_line' id='line_1_45' title="bbox 89 1988 1735 2033; baseline 0.001 -13"><span class='ocrx_word' id='word_1_416' title='bbox 89 1989 242 2029; x_wconf 85' lang='lat' dir='ltr'><em>relevare,</em></span> <span class='ocrx_word' id='word_1_417' title='bbox 273 1994 418 2020; x_wconf 85' lang='lat' dir='ltr'><em>mortuus</em></span> <span class='ocrx_word' id='word_1_418' title='bbox 449 1994 504 2021; x_wconf 82' lang='lat' dir='ltr'><em>est.</em></span> <span class='ocrx_word' id='word_1_419' title='bbox 554 1988 721 2029; x_wconf 84' lang='lat' dir='ltr'><em>Novimus,</em></span> <span class='ocrx_word' id='word_1_420' title='bbox 752 1990 890 2032; x_wconf 86' lang='lat' dir='ltr'><em>qualiter</em></span> <span class='ocrx_word' id='word_1_421' title='bbox 915 1991 1061 2022; x_wconf 70' lang='lat' dir='ltr'><em>Dathani</em></span> <span class='ocrx_word' id='word_1_422' title='bbox 1096 1998 1127 2022; x_wconf 85' lang='lat' dir='ltr'><em>et</em></span> <span class='ocrx_word' id='word_1_423' title='bbox 1151 1991 1283 2032; x_wconf 81' lang='lat' dir='ltr'><em>Abiron,</em></span> <span class='ocrx_word' id='word_1_424' title='bbox 1314 2002 1384 2021; x_wconf 88' lang='lat' dir='ltr'><em>cum</em></span> <span class='ocrx_word' id='word_1_425' title='bbox 1418 1990 1535 2022; x_wconf 77' lang='lat' dir='ltr'><em>vellent</em></span> <span class='ocrx_word' id='word_1_426' title='bbox 1564 1992 1735 2033; x_wconf 84' lang='lat' dir='ltr'><em>turificare,</em></span> 
     </span>
     <span class='ocr_line' id='line_1_46' title="bbox 89 2040 466 2081; baseline 0.003 -10"><span class='ocrx_word' id='word_1_427' title='bbox 89 2046 172 2072; x_wconf 83' lang='lat' dir='ltr'><em>terra</em></span> <span class='ocrx_word' id='word_1_428' title='bbox 195 2040 380 2081; x_wconf 78' lang='lat' dir='ltr'><em>degluttivit</em></span> <span class='ocrx_word' id='word_1_429' title='bbox 403 2051 466 2072; x_wconf 87' lang='lat' dir='ltr'><em>eos.</em></span> 
     </span>
    </p>

    <p class='ocr_par' dir='ltr' id='par_1_13' title="bbox 88 2092 1734 2395">
     <span class='ocr_line' id='line_1_47' title="bbox 194 2092 1734 2137; baseline 0.001 -13"><span class='ocrx_word' id='word_1_430' title='bbox 194 2092 366 2124; x_wconf 86' lang='lat' dir='ltr'><em>Sufficiunt</em></span> <span class='ocrx_word' id='word_1_431' title='bbox 388 2093 480 2124; x_wconf 85' lang='lat' dir='ltr'><em>nobis</em></span> <span class='ocrx_word' id='word_1_432' title='bbox 504 2093 653 2136; x_wconf 82' lang='lat' dir='ltr'><em>exempla</em></span> <span class='ocrx_word' id='word_1_433' title='bbox 674 2100 738 2125; x_wconf 87' lang='lat' dir='ltr'><em>tam</em></span> <span class='ocrx_word' id='word_1_434' title='bbox 762 2096 879 2126; x_wconf 87' lang='lat' dir='ltr'><em>veteris</em></span> <span class='ocrx_word' id='word_1_435' title='bbox 902 2106 997 2137; x_wconf 86' lang='lat' dir='ltr'><em>quam</em></span> <span class='ocrx_word' id='word_1_436' title='bbox 1007 2095 1019 2114; x_wconf 68' lang='lat'><em>¹¹</em></span> <span class='ocrx_word' id='word_1_437' title='bbox 1043 2095 1118 2125; x_wconf 83' lang='lat' dir='ltr'><em>novi</em></span> <span class='ocrx_word' id='word_1_438' title='bbox 1142 2095 1334 2133; x_wconf 83' lang='lat' dir='ltr'><em>testamenti,</em></span> <span class='ocrx_word' id='word_1_439' title='bbox 1365 2094 1450 2136; x_wconf 89' lang='lat' dir='ltr'><em>quod</em></span> <span class='ocrx_word' id='word_1_440' title='bbox 1475 2094 1515 2125; x_wconf 85' lang='lat' dir='ltr'><em>ad</em></span> <span class='ocrx_word' id='word_1_441' title='bbox 1539 2106 1646 2136; x_wconf 80' lang='lat' dir='ltr'><em>regem</em></span> <span class='ocrx_word' id='word_1_442' title='bbox 1672 2106 1734 2126; x_wconf 86' lang='lat' dir='ltr'><em>non</em></span> 
     </span>
     <span class='ocr_line' id='line_1_48' title="bbox 89 2144 1734 2188; baseline 0.002 -14"><span class='ocrx_word' id='word_1_443' title='bbox 89 2144 248 2185; x_wconf 85' lang='lat' dir='ltr'><em>pertineat</em></span> <span class='ocrx_word' id='word_1_444' title='bbox 284 2144 478 2186; x_wconf 86' lang='lat' dir='ltr'><em>episcopalis</em></span> <span class='ocrx_word' id='word_1_445' title='bbox 515 2146 713 2178; x_wconf 85' lang='lat' dir='ltr'><em>investitura.</em></span> <span class='ocrx_word' id='word_1_446' title='bbox 769 2146 862 2177; x_wconf 88' lang='lat' dir='ltr'><em>Nunc</em></span> <span class='ocrx_word' id='word_1_447' title='bbox 898 2152 1097 2177; x_wconf 83' lang='lat' dir='ltr'><em>transeamus</em></span> <span class='ocrx_word' id='word_1_448' title='bbox 1131 2146 1170 2176; x_wconf 86' lang='lat' dir='ltr'><em>ad</em></span> <span class='ocrx_word' id='word_1_449' title='bbox 1205 2156 1242 2176; x_wconf 85' lang='lat' dir='ltr'><em>ea</em></span> <span class='ocrx_word' id='word_1_450' title='bbox 1277 2157 1337 2188; x_wconf 87' lang='lat' dir='ltr'><em>que</em></span> <span class='ocrx_word' id='word_1_451' title='bbox 1375 2146 1469 2177; x_wconf 86' lang='lat' dir='ltr'><em>nobis</em></span> <span class='ocrx_word' id='word_1_452' title='bbox 1507 2148 1734 2188; x_wconf 86' lang='lat' dir='ltr'><em>proposuistis:</em></span> 
     </span>
     <span class='ocr_line' id='line_1_49' title="bbox 90 2194 1733 2240; baseline 0.002 -14"><span class='ocrx_word' id='word_1_453' title='bbox 90 2194 276 2227; x_wconf 83' lang='lat' dir='ltr'><em>Paschalem</em></span> <span class='ocrx_word' id='word_1_454' title='bbox 292 2207 351 2227; x_wconf 89' lang='lat' dir='ltr'><em>nec</em></span> <span class='ocrx_word' id='word_1_455' title='bbox 368 2196 432 2227; x_wconf 84' lang='lat' dir='ltr'><em>dici</em></span> <span class='ocrx_word' id='word_1_456' title='bbox 454 2207 513 2227; x_wconf 87' lang='lat' dir='ltr'><em>nec</em></span> <span class='ocrx_word' id='word_1_457' title='bbox 529 2197 640 2229; x_wconf 87' lang='lat' dir='ltr'><em>haberi</em></span> <span class='ocrx_word' id='word_1_458' title='bbox 658 2209 752 2240; x_wconf 85' lang='lat' dir='ltr'><em>posse</em></span> <span class='ocrx_word' id='word_1_459' title='bbox 775 2197 1000 2240; x_wconf 84' lang='lat' dir='ltr'><em>apostolicum,</em></span> <span class='ocrx_word' id='word_1_460' title='bbox 1024 2198 1050 2228; x_wconf 82' lang='lat' dir='ltr'><em>si</em></span> <span class='ocrx_word' id='word_1_461' title='bbox 1074 2198 1405 2229; x_wconf 83' lang='lat' dir='ltr'><em>excommunicaverit</em></span> <span class='ocrx_word' id='word_1_462' title='bbox 1421 2209 1529 2239; x_wconf 83' lang='lat' dir='ltr'><em>regem</em></span> <span class='ocrx_word' id='word_1_463' title='bbox 1547 2198 1733 2230; x_wconf 75' lang='lat' dir='ltr'><em>Heni-icum.</em></span> 
     </span>
     <span class='ocr_line' id='line_1_50' title="bbox 88 2247 1732 2291; baseline 0.002 -13"><span class='ocrx_word' id='word_1_464' title='bbox 88 2247 159 2278; x_wconf 85' lang='lat' dir='ltr'><em>Rex</em></span> <span class='ocrx_word' id='word_1_465' title='bbox 183 2248 267 2278; x_wconf 87' lang='lat' dir='ltr'><em>enim</em></span> <span class='ocrx_word' id='word_1_466' title='bbox 292 2247 453 2279; x_wconf 76' lang='lat' dir='ltr'><em>Hem—icus</em></span> <span class='ocrx_word' id='word_1_467' title='bbox 476 2250 588 2280; x_wconf 89' lang='lat' dir='ltr'><em>merito</em></span> <span class='ocrx_word' id='word_1_468' title='bbox 613 2255 661 2281; x_wconf 89' lang='lat' dir='ltr'><em>est</em></span> <span class='ocrx_word' id='word_1_469' title='bbox 683 2250 1027 2289; x_wconf 81' lang='lat' dir='ltr'><em>excommunicandus,</em></span> <span class='ocrx_word' id='word_1_470' title='bbox 1056 2251 1109 2291; x_wconf 89' lang='lat' dir='ltr'><em>qui</em></span> <span class='ocrx_word' id='word_1_471' title='bbox 1133 2249 1359 2289; x_wconf 80' lang='lat' dir='ltr'><em>fraudulenter,</em></span> <span class='ocrx_word' id='word_1_472' title='bbox 1383 2249 1541 2281; x_wconf 85' lang='lat' dir='ltr'><em>violenter</em></span> <span class='ocrx_word' id='word_1_473' title='bbox 1564 2250 1732 2281; x_wconf 79' lang='lat' dir='ltr'><em>ecclesiam</em></span> 
     </span>
     <span class='ocr_line' id='line_1_51' title="bbox 88 2299 1731 2343; baseline 0.001 -13"><span class='ocrx_word' id='word_1_474' title='bbox 88 2299 200 2340; x_wconf 85' lang='lat' dir='ltr'><em>ipsam,</em></span> <span class='ocrx_word' id='word_1_475' title='bbox 233 2299 264 2329; x_wconf 93' lang='lat' dir='ltr'><em>in</em></span> <span class='ocrx_word' id='word_1_476' title='bbox 289 2310 352 2341; x_wconf 86' lang='lat' dir='ltr'><em>qua</em></span> <span class='ocrx_word' id='word_1_477' title='bbox 375 2299 484 2330; x_wconf 87' lang='lat' dir='ltr'><em>vultus</em></span> <span class='ocrx_word' id='word_1_478' title='bbox 507 2300 650 2340; x_wconf 84' lang='lat' dir='ltr'><em>Domini,</em></span> <span class='ocrx_word' id='word_1_479' title='bbox 681 2302 824 2332; x_wconf 86' lang='lat' dir='ltr'><em>maxima</em></span> <span class='ocrx_word' id='word_1_480' title='bbox 848 2313 922 2343; x_wconf 85' lang='lat' dir='ltr'><em>pars</em></span> <span class='ocrx_word' id='word_1_481' title='bbox 946 2302 1051 2332; x_wconf 83' lang='lat' dir='ltr'><em>crucis</em></span> <span class='ocrx_word' id='word_1_482' title='bbox 1075 2301 1245 2341; x_wconf 85' lang='lat' dir='ltr'><em>dominice,</em></span> <span class='ocrx_word' id='word_1_483' title='bbox 1277 2301 1332 2331; x_wconf 88' lang='lat' dir='ltr'><em>ubi</em></span> <span class='ocrx_word' id='word_1_484' title='bbox 1356 2312 1490 2343; x_wconf 85' lang='lat' dir='ltr'><em>corpora</em></span> <span class='ocrx_word' id='word_1_485' title='bbox 1513 2302 1731 2343; x_wconf 84' lang='lat' dir='ltr'><em>apostolorum</em></span> 
     </span>
     <span class='ocr_line' id='line_1_52' title="bbox 88 2350 1733 2395; baseline 0.002 -14"><span class='ocrx_word' id='word_1_486' title='bbox 88 2350 174 2382; x_wconf 75' lang='lat' dir='ltr'><em>Petri</em></span> <span class='ocrx_word' id='word_1_487' title='bbox 198 2356 229 2382; x_wconf 88' lang='lat' dir='ltr'><em>et</em></span> <span class='ocrx_word' id='word_1_488' title='bbox 245 2350 337 2382; x_wconf 83' lang='lat' dir='ltr'><em>Pauli</em></span> <span class='ocrx_word' id='word_1_489' title='bbox 360 2356 391 2382; x_wconf 87' lang='lat' dir='ltr'><em>et</em></span> <span class='ocrx_word' id='word_1_490' title='bbox 406 2351 537 2391; x_wconf 81' lang='lat' dir='ltr'><em>Mathie,</em></span> <span class='ocrx_word' id='word_1_491' title='bbox 561 2352 616 2383; x_wconf 86' lang='lat' dir='ltr'><em>ubi</em></span> <span class='ocrx_word' id='word_1_492' title='bbox 641 2357 686 2384; x_wconf 90' lang='lat' dir='ltr'><em>tot</em></span> <span class='ocrx_word' id='word_1_493' title='bbox 709 2352 797 2384; x_wconf 84' lang='lat' dir='ltr'><em>milia</em></span> <span class='ocrx_word' id='word_1_494' title='bbox 821 2354 985 2384; x_wconf 86' lang='lat' dir='ltr'><em>martirum</em></span> <span class='ocrx_word' id='word_1_495' title='bbox 1012 2364 1106 2395; x_wconf 84' lang='lat' dir='ltr'><em>quam</em></span> <span class='ocrx_word' id='word_1_496' title='bbox 1127 2353 1343 2384; x_wconf 84' lang='lat' dir='ltr'><em>confessorum</em></span> <span class='ocrx_word' id='word_1_497' title='bbox 1368 2354 1583 2395; x_wconf 75' lang='lat' dir='ltr'><em>requiescunt,</em></span> <span class='ocrx_word' id='word_1_498' title='bbox 1607 2353 1662 2384; x_wconf 90' lang='lat' dir='ltr'><em>ubi</em></span> <span class='ocrx_word' id='word_1_499' title='bbox 1687 2359 1733 2385; x_wconf 84' lang='lat' dir='ltr'><em>tot</em></span> 
     </span>
    </p>
   </div>
   <div class='ocr_carea' id='block_1_12' title="bbox 88 2465 1731 2592">
    <p class='ocr_par' dir='ltr' id='par_1_14' title="bbox 88 2465 1731 2592">
     <span class='ocr_line' id='line_1_53' title="bbox 198 2465 1731 2500; baseline 0.002 -10"><span class='ocrx_word' id='word_1_500' title='bbox 198 2466 227 2497; x_wconf 81' lang='lat' dir='ltr'><em>a)</em></span> <span class='ocrx_word' id='word_1_501' title='bbox 246 2466 352 2498; x_wconf 84' lang='lat' dir='ltr'><em>regibus</em></span> <span class='ocrx_word' id='word_1_502' title='bbox 373 2465 404 2490; x_wconf 81' lang='lat' dir='ltr'><em>G.</em></span> <span class='ocrx_word' id='word_1_503' title='bbox 421 2465 456 2491; x_wconf 91' lang='lat' dir='ltr'><em>D.</em></span> <span class='ocrx_word' id='word_1_504' title='bbox 532 2466 562 2498; x_wconf 87' lang='lat' dir='ltr'><em>b)</em></span> <span class='ocrx_word' id='word_1_505' title='bbox 581 2465 620 2491; x_wconf 80' lang='lat' dir='ltr'><em>ita</em></span> <span class='ocrx_word' id='word_1_506' title='bbox 639 2476 659 2492; x_wconf 83' lang='lat' dir='ltr'><em>e.</em></span> <span class='ocrx_word' id='word_1_507' title='bbox 681 2467 801 2497; x_wconf 81' lang='lat' dir='ltr'><em>Deusd.,·</em></span> <span class='ocrx_word' id='word_1_508' title='bbox 822 2468 892 2500; x_wconf 86' lang='lat' dir='ltr'><em>quod</em></span> <span class='ocrx_word' id='word_1_509' title='bbox 913 2467 944 2492; x_wconf 81' lang='lat' dir='ltr'><em>G.</em></span> <span class='ocrx_word' id='word_1_510' title='bbox 1021 2470 1046 2497; x_wconf 89' lang='lat' dir='ltr'><em>c)</em></span> <span class='ocrx_word' id='word_1_511' title='bbox 1066 2469 1145 2500; x_wconf 83' lang='lat' dir='ltr'><em>inque</em></span> <span class='ocrx_word' id='word_1_512' title='bbox 1166 2468 1213 2498; x_wconf 50' lang='grc' dir='ltr'><em>(λς</em></span> <span class='ocrx_word' id='word_1_513' title='bbox 1234 2469 1326 2500; x_wconf 84' lang='lat' dir='ltr'><em>Neque</em></span> <span class='ocrx_word' id='word_1_514' title='bbox 1347 2467 1382 2492; x_wconf 88' lang='lat' dir='ltr'><em>D.</em></span> <span class='ocrx_word' id='word_1_515' title='bbox 1458 2468 1488 2497; x_wconf 88' lang='lat' dir='ltr'><em>d)</em></span> <span class='ocrx_word' id='word_1_516' title='bbox 1509 2468 1675 2500; x_wconf 84' lang='lat' dir='ltr'><em>disponende</em></span> <span class='ocrx_word' id='word_1_517' title='bbox 1697 2478 1731 2498; x_wconf 82' lang='lat' dir='ltr'><em>c.;</em></span> 
     </span>
     <span class='ocr_line' id='line_1_54' title="bbox 88 2511 1731 2546; baseline 0.002 -10"><span class='ocrx_word' id='word_1_518' title='bbox 88 2511 144 2536; x_wconf 77' lang='lat' dir='ltr'><em>sine</em></span> <span class='ocrx_word' id='word_1_519' title='bbox 163 2511 243 2536; x_wconf 84' lang='lat' dir='ltr'><em>dubio</em></span> <span class='ocrx_word' id='word_1_520' title='bbox 263 2515 416 2544; x_wconf 77' lang='lat' dir='ltr'><em>corruptum</em></span> <span class='ocrx_word' id='word_1_521' title='bbox 435 2520 468 2537; x_wconf 73' lang='lat' dir='ltr'><em>ex</em></span> <span class='ocrx_word' id='word_1_522' title='bbox 489 2513 672 2545; x_wconf 83' lang='lat' dir='ltr'><em>disponendis.</em></span> <span class='ocrx_word' id='word_1_523' title='bbox 743 2514 769 2545; x_wconf 81' lang='lat' dir='ltr'><em>e)</em></span> <span class='ocrx_word' id='word_1_524' title='bbox 790 2514 930 2546; x_wconf 81' lang='lat' dir='ltr'><em>cognoscis</em></span> <span class='ocrx_word' id='word_1_525' title='bbox 952 2514 982 2538; x_wconf 78' lang='lat' dir='ltr'><em>O.</em></span> <span class='ocrx_word' id='word_1_526' title='bbox 1052 2514 1072 2545; x_wconf 90' lang='lat' dir='ltr'><em>f)</em></span> <span class='ocrx_word' id='word_1_527' title='bbox 1097 2513 1177 2538; x_wconf 77' lang='lat' dir='ltr'><em>corda</em></span> <span class='ocrx_word' id='word_1_528' title='bbox 1197 2514 1228 2540; x_wconf 61' lang='grc' dir='ltr'><em>(τ’,</em></span> <span class='ocrx_word' id='word_1_529' title='bbox 1295 2514 1324 2546; x_wconf 64' lang='grc' dir='ltr'><em>ἕ)</em></span> <span class='ocrx_word' id='word_1_530' title='bbox 1345 2515 1527 2546; x_wconf 84' lang='lat' dir='ltr'><em>praeeminere</em></span> <span class='ocrx_word' id='word_1_531' title='bbox 1548 2514 1578 2539; x_wconf 81' lang='lat' dir='ltr'><em>G.</em></span> <span class='ocrx_word' id='word_1_532' title='bbox 1642 2514 1672 2546; x_wconf 90' lang='lat' dir='ltr'><em>h)</em></span> <span class='ocrx_word' id='word_1_533' title='bbox 1692 2516 1731 2539; x_wconf 93' lang='lat' dir='ltr'><em>in-</em></span> 
     </span>
     <span class='ocr_line' id='line_1_55' title="bbox 88 2557 1036 2592; baseline 0.002 -10"><span class='ocrx_word' id='word_1_534' title='bbox 88 2558 204 2582; x_wconf 79' lang='lat' dir='ltr'><em>stituitur</em></span> <span class='ocrx_word' id='word_1_535' title='bbox 223 2557 282 2583; x_wconf 84' lang='lat' dir='ltr'><em>Sch.</em></span> <span class='ocrx_word' id='word_1_536' title='bbox 356 2558 378 2589; x_wconf 85' lang='lat' dir='ltr'><em>i)</em></span> <span class='ocrx_word' id='word_1_537' title='bbox 397 2559 470 2583; x_wconf 84' lang='lat' dir='ltr'><em>Data</em></span> <span class='ocrx_word' id='word_1_538' title='bbox 489 2568 555 2584; x_wconf 86' lang='lat' dir='ltr'><em>corr.</em></span> <span class='ocrx_word' id='word_1_539' title='bbox 577 2559 684 2584; x_wconf 82' lang='lat' dir='ltr'><em>Dathan</em></span> <span class='ocrx_word' id='word_1_540' title='bbox 705 2568 726 2585; x_wconf 89' lang='lat' dir='ltr'><em>c.</em></span> <span class='ocrx_word' id='word_1_541' title='bbox 801 2560 831 2589; x_wconf 69' lang='lat' dir='ltr'><em>k)</em></span> <span class='ocrx_word' id='word_1_542' title='bbox 848 2564 909 2592; x_wconf 79' lang='lat' dir='ltr'><em>post</em></span> <span class='ocrx_word' id='word_1_543' title='bbox 930 2560 994 2585; x_wconf 75' lang='lat' dir='ltr'><em>add.</em></span> <span class='ocrx_word' id='word_1_544' title='bbox 1015 2569 1036 2584; x_wconf 88' lang='lat' dir='ltr'><em>c.</em></span> 
     </span>
    </p>
   </div>
   <div class='ocr_carea' id='block_1_13' title="bbox 88 2655 1731 2847">
    <p class='ocr_par' dir='ltr' id='par_1_15' title="bbox 88 2655 1731 2847">
     <span class='ocr_line' id='line_1_56' title="bbox 197 2655 1731 2693; baseline 0.003 -12"><span class='ocrx_word' id='word_1_545' title='bbox 197 2655 225 2690; x_wconf 91' lang='lat'><em>1)</em></span> <span class='ocrx_word' id='word_1_546' title='bbox 249 2655 359 2682; x_wconf 78' lang='lat' dir='ltr'><em>Gelasii</em></span> <span class='ocrx_word' id='word_1_547' title='bbox 381 2657 458 2691; x_wconf 78' lang='lat' dir='ltr'><em>epist.</em></span> <span class='ocrx_word' id='word_1_548' title='bbox 479 2658 526 2685; x_wconf 78' lang='lat'><em>12.</em></span> <span class='ocrx_word' id='word_1_549' title='bbox 551 2659 589 2684; x_wconf 81' lang='lat' dir='ltr'><em>acl</em></span> <span class='ocrx_word' id='word_1_550' title='bbox 610 2659 791 2685; x_wconf 82' lang='lat' dir='ltr'><em>Anastasium</em></span> <span class='ocrx_word' id='word_1_551' title='bbox 816 2668 838 2685; x_wconf 88' lang='lat' dir='ltr'><em>c.</em></span> <span class='ocrx_word' id='word_1_552' title='bbox 863 2659 890 2691; x_wconf 77' lang='lat'><em>2,</em></span> <span class='ocrx_word' id='word_1_553' title='bbox 915 2659 957 2685; x_wconf 82' lang='lat' dir='ltr'><em>ed.</em></span> <span class='ocrx_word' id='word_1_554' title='bbox 984 2658 1062 2684; x_wconf 67' lang='lat' dir='ltr'><em>leiez</em></span> <span class='ocrx_word' id='word_1_555' title='bbox 1084 2658 1107 2690; x_wconf 89' lang='lat' dir='ltr'><em>I,</em></span> <span class='ocrx_word' id='word_1_556' title='bbox 1136 2668 1163 2693; x_wconf 84' lang='lat' dir='ltr'><em>p.</em></span> <span class='ocrx_word' id='word_1_557' title='bbox 1190 2658 1371 2692; x_wconf 73' lang='lat'>350—352;</span> <span class='ocrx_word' id='word_1_558' title='bbox 1401 2659 1478 2685; x_wconf 79' lang='lat' dir='ltr'><em>Dist.</em></span> <span class='ocrx_word' id='word_1_559' title='bbox 1503 2659 1611 2689; x_wconf 81' lang='lat' dir='ltr'><em>XCVI,</em></span> <span class='ocrx_word' id='word_1_560' title='bbox 1635 2668 1658 2685; x_wconf 84' lang='lat' dir='ltr'><em>c.</em></span> <span class='ocrx_word' id='word_1_561' title='bbox 1678 2659 1731 2691; x_wconf 75' lang='lat'><em>10,-</em></span> 
     </span>
     <span class='ocr_line' id='line_1_57' title="bbox 88 2707 1731 2744; baseline 0.002 -11"><span class='ocrx_word' id='word_1_562' title='bbox 88 2707 245 2734; x_wconf 78' lang='lat' dir='ltr'><em>Deusdedit</em></span> <span class='ocrx_word' id='word_1_563' title='bbox 269 2708 337 2734; x_wconf 75' lang='lat' dir='ltr'><em>Coll.</em></span> <span class='ocrx_word' id='word_1_564' title='bbox 361 2708 414 2741; x_wconf 81' lang='lat' dir='ltr'><em>IV,</em></span> <span class='ocrx_word' id='word_1_565' title='bbox 438 2717 462 2737; x_wconf 85' lang='lat' dir='ltr'><em>c.</em></span> <span class='ocrx_word' id='word_1_566' title='bbox 486 2709 536 2742; x_wconf 86' lang='lat'><em>41,</em></span> <span class='ocrx_word' id='word_1_567' title='bbox 556 2719 587 2744; x_wconf 85' lang='lat' dir='ltr'><em>p.</em></span> <span class='ocrx_word' id='word_1_568' title='bbox 613 2710 682 2737; x_wconf 83' lang='lat'><em>364.</em></span> <span class='ocrx_word' id='word_1_569' title='bbox 782 2710 811 2744; x_wconf 83' lang='lat'><em>2)</em></span> <span class='ocrx_word' id='word_1_570' title='bbox 834 2710 992 2736; x_wconf 75' lang='lat' dir='ltr'><em>Secundum</em></span> <span class='ocrx_word' id='word_1_571' title='bbox 1017 2710 1221 2736; x_wconf 77' lang='lat' dir='ltr'><em>conventionem</em></span> <span class='ocrx_word' id='word_1_572' title='bbox 1238 2711 1349 2743; x_wconf 84' lang='lat' dir='ltr'><em>factam</em></span> <span class='ocrx_word' id='word_1_573' title='bbox 1370 2710 1442 2736; x_wconf 83' lang='lat' dir='ltr'><em>inter</em></span> <span class='ocrx_word' id='word_1_574' title='bbox 1465 2710 1632 2736; x_wconf 78' lang='lat' dir='ltr'><em>Heinricum</em></span> <span class='ocrx_word' id='word_1_575' title='bbox 1655 2710 1683 2736; x_wconf 87' lang='lat' dir='ltr'><em>V.</em></span> <span class='ocrx_word' id='word_1_576' title='bbox 1708 2714 1731 2736; x_wconf 84' lang='lat' dir='ltr'><em>et</em></span> 
     </span>
     <span class='ocr_line' id='line_1_58' title="bbox 88 2758 1731 2797; baseline 0.002 -13"><span class='ocrx_word' id='word_1_577' title='bbox 88 2758 252 2786; x_wconf 64' lang='lat' dir='ltr'><em>Panchatem</em></span> <span class='ocrx_word' id='word_1_578' title='bbox 268 2759 309 2785; x_wconf 90' lang='lat' dir='ltr'><em>II.</em></span> <span class='ocrx_word' id='word_1_579' title='bbox 333 2768 362 2786; x_wconf 87' lang='lat' dir='ltr'><em>a.</em></span> <span class='ocrx_word' id='word_1_580' title='bbox 377 2760 467 2792; x_wconf 79' lang='lat'><em>1111,</em></span> <span class='ocrx_word' id='word_1_581' title='bbox 491 2761 628 2795; x_wconf 76' lang='lat' dir='ltr'><em>Apr.11;</em></span> <span class='ocrx_word' id='word_1_582' title='bbox 651 2761 730 2794; x_wconf 83' lang='lat' dir='ltr'><em>Jaffe&#39;</em></span> <span class='ocrx_word' id='word_1_583' title='bbox 752 2761 781 2794; x_wconf 87' lang='lat' dir='ltr'><em>V,</em></span> <span class='ocrx_word' id='word_1_584' title='bbox 801 2770 831 2795; x_wconf 83' lang='lat' dir='ltr'><em>p.</em></span> <span class='ocrx_word' id='word_1_585' title='bbox 850 2761 926 2794; x_wconf 76' lang='lat'><em>274;</em></span> <span class='ocrx_word' id='word_1_586' title='bbox 950 2761 988 2794; x_wconf 89' lang='lat' dir='ltr'><em>cs.</em></span> <span class='ocrx_word' id='word_1_587' title='bbox 1011 2761 1172 2788; x_wconf 79' lang='lat' dir='ltr'><em>sententiam</em></span> <span class='ocrx_word' id='word_1_588' title='bbox 1197 2762 1322 2788; x_wconf 85' lang='lat' dir='ltr'><em>Gerardi</em></span> <span class='ocrx_word' id='word_1_589' title='bbox 1343 2762 1563 2797; x_wconf 74' lang='lat' dir='ltr'><em>Enqolismensis</em></span> <span class='ocrx_word' id='word_1_590' title='bbox 1586 2762 1624 2787; x_wconf 80' lang='lat' dir='ltr'><em>ad</em></span> <span class='ocrx_word' id='word_1_591' title='bbox 1649 2762 1731 2788; x_wconf 77' lang='lat' dir='ltr'><em>Cone.</em></span> 
     </span>
     <span class='ocr_line' id='line_1_59' title="bbox 91 2810 1034 2847; baseline 0.004 -11"><span class='ocrx_word' id='word_1_592' title='bbox 91 2810 232 2843; x_wconf 70' lang='lat' dir='ltr'><em>Lateran„</em></span> <span class='ocrx_word' id='word_1_593' title='bbox 256 2810 355 2837; x_wconf 82' lang='lat' dir='ltr'><em>Mansi</em></span> <span class='ocrx_word' id='word_1_594' title='bbox 377 2811 462 2844; x_wconf 79' lang='lat' dir='ltr'><em>XXI,</em></span> <span class='ocrx_word' id='word_1_595' title='bbox 487 2812 539 2839; x_wconf 85' lang='lat' dir='ltr'><em>col.</em></span> <span class='ocrx_word' id='word_1_596' title='bbox 557 2813 606 2840; x_wconf 87' lang='lat'><em>51.</em></span> <span class='ocrx_word' id='word_1_597' title='bbox 695 2813 724 2847; x_wconf 90' lang='lat'><em>3)</em></span> <span class='ocrx_word' id='word_1_598' title='bbox 748 2813 824 2839; x_wconf 81' lang='lat' dir='ltr'><em>Nota</em></span> <span class='ocrx_word' id='word_1_599' title='bbox 845 2812 1034 2847; x_wconf 75' lang='lat' dir='ltr'><em>proverbium.</em></span> 
     </span>
    </p>
   </div>
   <div class='ocr_carea' id='block_1_14' title="bbox 1757 1488 1876 1509">
    <p class='ocr_par' dir='ltr' id='par_1_16' title="bbox 1757 1488 1876 1509">
     <span class='ocr_line' id='line_1_60' title="bbox 1757 1488 1876 1509; baseline 0 -3"><span class='ocrx_word' id='word_1_600' title='bbox 1757 1488 1876 1509; x_wconf 68' lang='lat' dir='ltr'><em>10l1.10,9.</em></span> 
     </span>
    </p>
   </div>
   <div class='ocr_carea' id='block_1_15' title="bbox 1754 1693 1905 1712">
    <p class='ocr_par' dir='ltr' id='par_1_17' title="bbox 1754 1693 1905 1712">
     <span class='ocr_line' id='line_1_61' title="bbox 1754 1693 1905 1712; baseline 0.013 -2"><span class='ocrx_word' id='word_1_601' title='bbox 1754 1693 1905 1712; x_wconf 74' lang='lat' dir='ltr'><em>es.1:om.13.4.</em></span> 
     </span>
    </p>
   </div>
   <div class='ocr_carea' id='block_1_16' title="bbox 1754 1782 1895 1834">
    <p class='ocr_par' dir='ltr' id='par_1_18' title="bbox 1754 1782 1895 1834">
     <span class='ocr_line' id='line_1_62' title="bbox 1754 1782 1895 1802; baseline 0.007 -2"><span class='ocrx_word' id='word_1_602' title='bbox 1754 1782 1782 1801; x_wconf 78' lang='lat' dir='ltr'><em>cf.</em></span> <span class='ocrx_word' id='word_1_603' title='bbox 1792 1782 1811 1800; x_wconf 77' lang='lat'><em>2.</em></span> <span class='ocrx_word' id='word_1_604' title='bbox 1821 1782 1895 1802; x_wconf 63' lang='lat' dir='ltr'><em>Parni.</em></span> 
     </span>
     <span class='ocr_line' id='line_1_63' title="bbox 1785 1812 1863 1834; baseline 0.026 -4"><span class='ocrx_word' id='word_1_605' title='bbox 1785 1812 1818 1834; x_wconf 73' lang='lat'><em>26,</em></span> <span class='ocrx_word' id='word_1_606' title='bbox 1831 1812 1863 1832; x_wconf 76' lang='lat'><em>19.</em></span> 
     </span>
    </p>
   </div>
   <div class='ocr_carea' id='block_1_17' title="bbox 1756 1936 1903 1985">
    <p class='ocr_par' dir='ltr' id='par_1_19' title="bbox 1756 1936 1903 1985">
     <span class='ocr_line' id='line_1_64' title="bbox 1756 1936 1903 1985; baseline 0.007 -3"><span class='ocrx_word' id='word_1_607' title='bbox 1756 1936 1903 1985; x_wconf 49' lang='lat' dir='ltr'><em>2.Re{ti&#39;·‚fi.7.</em></span> 
     </span>
    </p>
   </div>
   <div class='ocr_carea' id='block_1_18' title="bbox 1756 2034 1903 2084">
    <p class='ocr_par' dir='ltr' id='par_1_20' title="bbox 1756 2034 1903 2084">
     <span class='ocr_line' id='line_1_65' title="bbox 1756 2034 1903 2059; baseline 0.02 -8"><span class='ocrx_word' id='word_1_608' title='bbox 1756 2034 1784 2054; x_wconf 77' lang='lat' dir='ltr'><em>ef.</em></span> <span class='ocrx_word' id='word_1_609' title='bbox 1794 2035 1860 2054; x_wconf 82' lang='lat' dir='ltr'><em>Num.</em></span> <span class='ocrx_word' id='word_1_610' title='bbox 1872 2036 1903 2059; x_wconf 77' lang='lat'><em>16,</em></span> 
     </span>
     <span class='ocr_line' id='line_1_66' title="bbox 1780 2064 1873 2084; baseline 0.022 -2"><span class='ocrx_word' id='word_1_611' title='bbox 1780 2064 1873 2084; x_wconf 80' lang='lat'><em>27-82.</em></span> 
     </span>
    </p>
   </div>
  </div>
 </body>
</html>
