2132 3067
562 152 586 179 I.
625 153 677 178 DE
699 152 1005 181 INCONTINENTIA
1029 154 1296 183 SACERDOTUM.
1713 158 1749 187 15

211 239 339 270 Deinde
372 239 536 280 predictae
566 239 676 271 literae
708 240 897 272 catholicam
927 243 1096 274 veritatem
1133 249 1252 275 sectam
1287 246 1480 277 nominando
1517 246 1748 288 blasphemant,

105 290 236 332 filioque
259 290 422 332 baptizato
445 291 546 332 patris
569 297 737 332 peccatum
768 293 831 322 iam
863 293 981 323 dudum
1007 300 1037 325 et
1060 295 1090 324 in
1115 295 1186 336 ipso
1210 304 1300 336 patre
1325 308 1381 337 per
1406 298 1631 338 paenitentiam
1663 300 1749 329 anni-

106 341 257 372 chilatum
281 341 474 383 Pelagianae
497 342 600 373 heresi
624 342 763 373 favendo
787 344 956 384 imputant.
1009 345 1104 384 Quod
1136 357 1229 387 quam
1262 348 1406 389 impium,
1437 360 1532 390 quam
1562 349 1749 389 hereticum,

107 404 202 435 quam
227 393 451 424 detestandum
477 400 560 424 esset
583 395 742 427 estimare,
768 394 859 426 facile
878 401 1100 436 monstrarem,
1126 398 1149 427 si
1174 409 1236 428 non
1262 410 1318 439 pro
1343 408 1489 440 respectu
1515 407 1585 431 tuae
1609 402 1751 432 caritatis

73 456 86 475 5
105 443 373 475 dissimulandum
398 445 505 486 potius
537 456 633 486 quam
659 445 876 476 ventilandum
907 458 976 478 esse
1006 447 1191 479 iudiearem.
1244 449 1316 490 Ipse
1346 451 1428 480 enim
1455 452 1592 492 Spiritus
1621 458 1749 483 sanctus

106 506 164 538 per
185 495 388 527 Ezechielem
414 496 602 537 prophetam
627 502 762 528 testatur
785 497 911 528 dicens:
935 498 1042 529 Filius
1068 511 1131 530 non
1152 501 1295 540 portabit
1320 502 1521 542 iniquitatem
1544 505 1669 543 palris;
1694 506 1748 546 qui

105 551 137 578 et
158 547 218 577 sub
242 547 407 578 tremenda
432 547 645 578 obtestatione
670 548 829 589 prohibet,
854 560 893 579 ne
918 550 989 591 quis
1013 549 1124 581 dentes
1149 550 1288 584 filiorum
1312 558 1390 592 11›1·o⁸
1411 553 1528 583 acm-ba
1544 565 1605 584 uva
1621 566 1638 584 a
1655 556 1750 596 patri-

107 599 167 629 bus
198 604 341 629 comesta
372 598 601 640 obstupescere
632 598 837 640 dogmatizet.
898 600 968 631 Non
1006 612 1066 642 ego
1098 602 1218 643 quippe
1249 602 1404 644 dedignor
1436 616 1505 634 cum
1539 606 1623 646 ipso,
1655 617 1749 647 quem

104 650 267 681 Dominus
290 650 465 681 secundum
491 661 547 681 cor
570 661 662 681 suum
688 650 796 692 elegit,
820 651 943 682 dicere:
968 653 1048 683 Ecce
1071 655 1154 684 enim
1172 655 1206 684 in
1226 655 1456 696 iniquitatibus
1480 662 1648 697 conceptus
1670 669 1750 696 sum,

57 713 84 732 10
105 706 133 732 et
154 703 352 744 inpeccatis
376 703 524 743 concepit
546 714 594 733 ‘me
616 707 721 733 muter
745 714 822 734 mea.
858 703 1030 744 Nunquam
1057 710 1162 735 tamen
1187 704 1266 735 adeo
1291 707 1458 748 meipsum,
1484 707 1552 738 Deo
1571 708 1750 748 miserante,

103 752 313 794 impugnabo,
342 759 378 784 ut
408 752 447 784 de
477 752 573 794 plena
603 753 791 784 remissione
822 761 1026 795 peceatorum
1060 756 1090 786 in
1123 755 1284 797 baptismo
1309 763 1418 787 eontra
1443 758 1535 788 fidem
1561 759 1749 790 catholicam

104 815 178 835 cum
202 803 334 845 Pelagio
361 804 514 849 diffidam.
566 804 707 835 Nimium
741 811 827 836 certe
857 805 954 836 alium
985 805 1207 848 blasphemare
1232 815 1365 839 conatur
1394 810 1447 850 qui
1476 810 1507 840 in
1537 810 1648 840 eadem
1680 812 1749 852 ipsa

106 855 306 897 blasphemia:
329 855 520 887 catholicam
545 855 639 886 fidem
666 857 858 897 impugnare
882 857 1047 898 probatur.

209 907 327 938 Parum
357 908 452 938 etiam
482 908 614 939 eaedem
651 907 762 938 literae
797 914 882 939 tuam
920 916 1041 950 partem
1075 910 1238 947 iuverunt,
1272 921 1343 940 cum
1377 919 1485 942 eontra
1522 912 1651 942 Domini
1682 923 1750 953 pre-

44 970 83 990 ·15
103 964 232 1001 ceptum
265 970 316 990 me
346 970 404 1001 per
433 958 668 1001 blasphemiam
701 959 804 990 falsob
828 967 995 1001 peccatum
1020 962 1281 999 nominaverunt.7
1317 973 1398 1003 quae
1429 974 1490 993 non
1522 963 1593 993 dico
1624 972 1663 994 te.
1695 963 1750 994 sed

103 1020 230 1040 omnem
248 1010 423 1052 capitulum
441 1011 612 1042 sozomeni
631 1012 858 1052 suscipientem
878 1023 953 1042 vere
972 1023 1098 1043 servum
1118 1023 1187 1043 esse
1212 1015 1347 1054 peccati,
1371 1024 1433 1044 non
1459 1014 1607 1055 quidemc
1628 1021 1750 1056 sponte,

102 1062 159 1092 sed
183 1066 263 1092 nutu
285 1061 395 1093 divino
419 1069 552 1093 coactae
576 1062 803 1104 probaverunt.
860 1063 954 1093 quta
984 1063 1185 1105 euangelium
1216 1065 1299 1094 enim
1325 1065 1518 1107 quicumque
1548 1074 1659 1107 peccat
1689 1077 1749 1096 ser-

102 1123 162 1144 vus
189 1114 311 1154 peccati
341 1119 441 1146 extat.
492 1113 661 1145 Predictae
690 1120 797 1145 autem
830 1114 955 1154 literae,
989 1126 1059 1145 cum
1088 1122 1272 1146 sanctorum
1306 1124 1432 1157 patrum
1465 1118 1589 1147 statutis
1620 1128 1751 1148 consen-

101 1164 211 1196 tiendo
235 1176 300 1204 eos,
324 1166 379 1207 qui
403 1164 582 1206 capitulum
609 1165 779 1198 Sozomeni
804 1167 972 1207 recipiunt,
1003 1167 1280 1205 anathematizent,
1312 1167 1439 1197 eosdem
1471 1168 1594 1199 mortali
1619 1174 1750 1209 peccato

57 1227 84 1257 25·
104 1217 264 1259 obligatos
287 1227 357 1249 esse
380 1216 514 1256 docent3
548 1227 626 1257 ergo
658 1224 689 1248 et
719 1217 849 1248 eosdem
874 1229 950 1248 vere
983 1229 1090 1249 servos
1121 1217 1189 1248 e‘sse
1219 1219 1341 1259 peccati
1367 1220 1564 1250 confirmant.
1611 1219 1750 1251 Videsne

102 1269 210 1310 igitur,
233 1279 330 1310 quam
353 1279 468 1310 parum
497 1268 588 1309 ipsae
616 1268 778 1310 predictos
806 1269 975 1300 videantur
1004 1269 1191 1308 honorasse,
1221 1280 1293 1299 cum
1318 1270 1447 1301 eaedem
1474 1282 1539 1307 me,
1563 1270 1636 1302 licet
1660 1271 1749 1310 falso,

103 1326 271 1363 peccatum
301 1320 504 1352 nominantes
535 1325 566 1350 et
595 1331 650 1351 eos
678 1332 753 1351 vere
782 1332 891 1351 servos
921 1331 990 1351 esse
1014 1322 1136 1362 peccati
1159 1327 1374 1352 monstrantes
1399 1333 1447 1352 me
1472 1322 1561 1363 (ioasi
1587 1321 1749 1352 dominum

103 1372 277 1404 eorundem
308 1371 428 1403 habere
456 1371 599 1403 vellent?
651 1372 823 1403 Praeterea
853 1379 883 1402 et
914 1383 984 1413 ego,
1015 1374 1040 1403 si
1072 1384 1128 1414 pro
1162 1379 1216 1404 tua
1246 1374 1379 1404 caritate
1411 1384 1472 1403 non
1505 1372 1749 1411 dissimularem,

102 1425 231 1456 veracia
252 1425 348 1456 etiam
379 1423 512 1454 nomina
541 1423 716 1464 capitulum
744 1425 915 1454 sozomeni
947 1423 1231 1466 amplectentibus,
1262 1435 1323 1454 non
1353 1425 1424 1455 dico
1457 1425 1663 1466 imponerem,
1694 1424 1748 1455 sed

55 1489 82 1509 25
101 1476 279 1518 antiquitus
302 1476 454 1517 imposita
477 1475 620 1517 proferre
645 1485 782 1513 nossem,
807 1477 837 1506 in
863 1487 997 1517 quorum
1023 1475 1200 1517 prolatione.
1225 1486 1285 1506 non
1311 1486 1370 1516 ego
1396 1482 1526 1517 propter
1549 1476 1749 1506 mendacium

101 1532 134 1560 et
155 1528 295 1558 animam
320 1521 425 1558 meam
448 1526 642 1566 occiderem,
666 1533 695 1558 et
720 1526 825 1558 locum
851 1527 880 1557 in
906 1533 1019 1568 stagno
1044 1528 1126 1568 ignis
1143 1527 1285 1558 ardentis
1302 1528 1565 1568 promeruissem:
1589 1527 1642 1557 sed
1665 1527 1749 1568 ipsos

102 1590 161 1621 pro
185 1579 304 1610 eisdem
329 1579 515 1610 nominibus
539 1583 571 1609 et
593 1589 679 1608 nunc
702 1577 997 1610 anathematizatos.
1030 1585 1060 1609 et
1090 1579 1294 1620 postmodum
1327 1585 1456 1609 aeterno
1486 1579 1562 1619 igni.
1592 1579 1652 1608 nisi
1677 1579 1751 1608 rosi-

70 1652 78 1657 ·
101 1632 274 1673 piscerent‚
296 1630 420 1672 liquido
444 1629 614 1672 probarem
640 1641 710 1671 esse
734 1630 976 1671 mancipandos.
1034 1630 1103 1661 Non
1135 1637 1240 1661 autem
1273 1630 1405 1660 nimium
1435 1629 1555 1660 eisdem
1584 1629 1681 1660 literis
1706 1630 1762 1659 in?

101 1682 229 1724 dignari
250 1681 335 1722 volo⁷
367 1692 447 1723 quas
470 1682 502 1711 in
527 1681 942 1712 contumeliam-suorumd
972 1683 1088 1723 potius,
1120 1693 1214 1723 quam
1247 1693 1361 1720 meam,
1393 1680 1471 1712 falso
1502 1692 1551 1711 me
1581 1687 1747 1722 peccatum

53 1746 82 1765 so
101 1734 284 1765 nominasse
312 1744 371 1776 pro
399 1733 470 1775 ipsa
492 1733 628 1764 veritate
653 1734 811 1774 perc-ipio.
837 1744 919 1775 quae
945 1734 1035 1764 iuxta
1059 1733 1238 1774 apostolum
1265 1734 1358 1764 etiam
1384 1744 1440 1774 pro
1467 1734 1572 1774 impiis
1596 1734 1678 1763 facta
1702 1740 1749 1762 est

101 1791 281 1827 peccatum.
326 1784 402 1825 Ipsa
426 1785 548 1826 quippe
572 1785 603 1814 in
628 1785 798 1826 euangelio
822 1784 915 1815 nobis
940 1784 1034 1815 dicit:
1066 1785 1165 1815 Beati
1195 1787 1281 1824 estis,
1311 1797 1379 1815 cum
1410 1784 1637 1815 maledimrim
1664 1784 1748 1814 robis

103 1837 258 1877 homines,
281 1841 309 1867 et
327 1837 494 1877 persecuti
524 1847 579 1867 vos
602 1836 745 1878 fuerint,
774 1842 800 1867 e!
831 1837 979 1867 clz'oessrint
1010 1849 1100 1867 omne
1133 1837 1250 1867 malum
1281 1836 1438 1866 adversas
1470 1847 1522 1866 vos
1554 1836 1747 1874 mentientes,

98 1893 236 1930 propter
250 1899 298 1919 me
321 1893 374 1918 et'³
397 1887 530 1929 reliqua.
569 1887 657 1929 Ergo
681 1893 711 1918 et
735 1899 794 1929 ego
818 1899 876 1919 nec
894 1899 1004 1918 verum
1030 1887 1168 1918 dicendo
1189 1887 1349 1929 predictas
1366 1886 1482 1926 literas,
1507 1892 1539 1916 ut
1556 1892 1748 1925 meruerunt,

102 1939 326 1982 blasphemare
356 1937 439 1970 volo.
495 1938 579 1969 Novi
610 1939 712 1978 enim,
745 1950 839 1980 quam
872 1939 1058 1970 terribiliter
1088 1939 1183 1969 Iudas
1215 1938 1379 1980 apostolus
1410 1937 1571 1967 silentium
1607 1938 1750 1978 imponat

61 2001 90 2022 35
103 1991 402 2034 blasphemantibus
424 2002 580 2030 asserens,
605 1991 691 2033 quod
717 2001 774 2021 nec
798 1989 959 2021 Michahel
982 1990 1195 2031 archangelus
1223 2001 1329 2021 secum
1353 1989 1559 2020 altercantem
1585 1987 1747 2018 diabolum

102 2042 327 2084 blasphemare
357 2042 454 2073 fuerit
483 2053 592 2074 ausus.
638 2042 747 2084 Ipsum
781 2052 908 2084 quoque
939 2052 996 2071 vas
1027 2041 1190 2072 electionis
1221 2046 1369 2072 testatur:
1404 2040 1565 2076 Quoniam
1598 2039 1748 2069 maledici

102 2106 239 2136 reynum
264 2094 328 2125 Dei
357 2105 424 2126 non
451 2095 672 2136 possidebunt.
718 2093 827 2124 David
860 2094 954 2124 etiam
988 2094 1020 2123 iu
1051 2104 1106 2123 sua
1139 2103 1274 2134 persona
1298 2093 1375 2123 satis
1398 2091 1572 2122 terribilem
1598 2090 1746 2121 omnibus

103 2147 255 2188 proponit
277 2145 512 2177 conditionem:
537 2145 576 2177 Si
599 2145 741 2184 reddidi,
766 2145 877 2186 inquit.
904 2145 1152 2176 retribuentilms
1177 2145 1256 2174 mihi
1279 2145 1379 2183 mala,
1403 2143 1551 2173 decidam
1575 2143 1684 2172 merito
1708 2142 1746 2172 ab

102 2198 250 2229 inimicis
273 2198 350 2228 meis
373 2198 508 2236 iozanis;
531 2202 562 2228 et
585 2197 731 2238 reliquas
755 2196 946 2227 huiusmodi.
994 2195 1041 2227 Si·
1057 2196 1156 2236 igitur
1187 2195 1257 2226 talis
1289 2206 1372 2236 pena
1402 2194 1537 2225 debetur
1566 2194 1660 2223 etiam
1694 2192 1746 2227 illi,

56 2257 86 2277 40
105 2249 159 2291 qui
183 2259 241 2290 pro
264 2248 349 2279 bono
373 2247 492 2280 malum
517 2248 664 2280 reddenti
689 2247 806 2278 malum
832 2247 989 2279 retribuit.
1014 2246 1090 2289 quid
1116 2247 1155 2277 de
1172 2246 1225 2277 illo
1251 2246 1453 2285 iudicabitur,
1477 2246 1530 2286 qui
1555 2244 1672 2274 malum
1690 2254 1746 2274 suo

104 2299 211 2341 fratri,
238 2299 284 2331 nil
317 2301 378 2330 nisi
402 2299 553 2342 tbonumg
584 2300 796 2342 promerenti,
826 2298 1004 2329 reddidisse
1038 2298 1263 2328 convincitur?
1308 2298 1472 2328 Incassum
1508 2307 1583 2336 crgo
1618 2295 1746 2326 caedem

102 2350 215 2382 literae
237 2351 315 2382 mihi
332 2358 501 2393 opponunt
522 2351 599 2382 illud
619 2351 837 2382 Salomonis¹z
865 2351 1011 2381 lunonem
1041 2351 1136 2380 nimis
1154 2350 1221 2380 nlla
1242 2354 1394 2390 petentem
1413 2359 1477 2378 esse
1502 2348 1747 2384 retralzen‹lum;

105 2413 177 2434 cum
199 2402 260 2434 hoc
283 2413 346 2434 non
371 2402 458 2441 mihi,
483 2403 539 2434 sed
563 2402 624 2433 illis
649 2403 689 2432 sit
712 2401 896 2435 dicendum.
928 2403 980 2443 qui
1014 2401 1209 2431 conculcatis
1240 2401 1340 2441 ipsius
1374 2399 1474 2430 sancti
1507 2399 1645 2440 Spiritus
1678 2408 1747 2438 pre-

105 2454 208 2496 ceptis
238 2465 272 2486 se
302 2453 383 2485 altos
411 2454 571 2494 estimant,
603 2453 767 2496 sequendo
799 2454 920 2489 inanes,
951 2453 1048 2483 imino
1080 2453 1170 2482 fictas
1199 2452 1362 2482 hominum
1388 2450 1585 2481 traditiones.
1633 2448 1748 2479 Videat

58 2513 86 2533 45
105 2506 204 2548 igitur
225 2505 406 2537 fraternitas
430 2510 495 2545 tua,
519 2516 614 2548 quam
640 2516 764 2546 parum,
787 2505 838 2535 vel
863 2505 980 2546 potius,
1005 2515 1100 2545 quam
1125 2502 1224 2534 nichil
1246 2502 1299 2533 illa
1318 2501 1452 2543 epistola
1475 2501 1550 2532 tuoh
1574 2500 1749 2542 providerit

105 2557 230 2597 honori,
254 2568 336 2600 quae
360 2562 391 2588 et
414 2562 502 2588 tuam
526 2563 662 2599 partem,
685 2564 718 2588 ut
736 2556 906 2598 probatum
924 2562 979 2586 cst.
1005 2555 1216 2597 impugnavit,
1240 2559 1279 2592 et,
1304 2553 1387 2595 quod
1406 2553 1495 2594 peius
1512 2560 1568 2591 est,
1592 2557 1622 2582 te
1639 2556 1747 2581 contra

106 2608 303 2640 sacerdotale
327 2609 466 2640 officium
491 2614 564 2639 tuos
587 2608 708 2639 amieos
732 2607 829 2638 nichil
852 2619 868 2638 a
894 2614 923 2638 te
948 2607 1009 2637 nisi
1034 2606 1152 2637 bonum
1183 2606 1373 2646 promeritos
1403 2604 1480 2634 falso
1511 2602 1747 2644 blasphemasse

218 2693 244 2725 a)
266 2683 314 2726 per
334 2693 383 2722 G„
441 2693 468 2724 b)
488 2693 559 2717 deest
580 2692 610 2717 G.
697 2701 720 2716 ct
744 2692 814 2724 quod
837 2693 861 2716 3.
951 2691 979 2715 dl
1000 2691 1087 2722 potius
1108 2698 1211 2714 suarum
1234 2690 1265 2713 G.
1341 2698 1363 2719 «ψ
1388 2695 1436 2712 etc.
1459 2690 1489 2711 (ι’.
1565 2687 1583 2713 ἢ
1607 2691 1693 2710 cetera
1715 2687 1745 2708 (ι’.

107 2738 137 2771 g)
157 2739 255 2764 malum
277 2739 308 2764 G.
383 2738 413 2769 h]
437 2742 483 2762 tua
504 2738 534 2762 G.

60 2819 88 2838 50
216 2812 244 2846 1)
268 2812 331 2838 Non
355 2811 393 2838 ee't
416 2813 575 2846 scripturae
597 2821 706 2838 sacrae.

1769 516 1807 534 Ez.
1820 516 1851 535 lS,
1862 517 1897 536 20.

1770 568 1798 586 iin,
1812 570 1829 586 2.

1770 670 1797 688 P*
1814 670 1849 693 50Υ
1861 670 1879 690 Y,

1770 1078 1817 1097 1011.
1827 1079 1845 1098 S.
1857 1079 1890 1098 ³4.

1769 1745 1787 1764 2*
1798 1746 1847 1765 cor.
1858 1745 1917 1764 531.

1768 1798 1846 1817 nauh.
1856 1798 1876 1822 5,
1886 1798 1918 1817 ιι.

1768 1996 1848 2015 1ud.9.

1770 2050 1787 2067 l.
1796 2048 1917 2068 Cor.6,10.

1768 2152 1803 2171 Ps.
1817 2151 1834 2173 7,
1845 2152 1864 2170 5.
