2132 3067
47 700 73 720 10

45 957 70 977 15

44 1215 70 1234 20

43 1472 70 1492 25

43 1729 71 1750 80

43 1987 70 2008 ³⁵

43 2247 71 2267 ⁴⁰

0 2508 1 2543 ζ
46 2505 74 2524 ⁴5

48 2810 74 2830 50

614 139 729 166 LIBER
752 139 804 166 DE
828 139 959 167 ANULO
983 139 1032 166 ET
1054 137 1217 167 BACULO.

432 227 596 270 Numquid
620 234 650 259 et
674 229 743 269 ipse
767 228 857 259 Deus
882 239 944 259 non
967 233 1016 260 est
1038 228 1094 259 lux
1118 228 1214 260 vera?
1259 227 1345 267 Quid
1370 240 1447 270 crgo

356 286 406 309 180
515 280 600 310 Ante
624 290 717 311 suum
741 290 849 321 regem
874 279 990 310 lucifer
1011 280 1072 310 iste
1095 279 1198 310 facit?

433 330 537 369 Quam
562 336 670 373 portat
692 331 807 371 lucem,
831 331 891 361 nisi
914 330 995 361 lucis
1018 331 1259 372 cognitionem?

516 382 559 412 Et
582 382 659 424 quid
683 387 747 414 tam
773 392 924 423 magnum
949 381 1053 423 gloria
1075 383 1160 424 regis
1184 383 1303 414 habet?

431 432 473 464 Et
496 438 613 473 tamen,
636 439 671 465 ut
694 445 803 474 regem
827 433 877 464 vel
901 434 990 474 regia
1013 433 1097 464 dona
1120 440 1278 473 notemus,

515 484 567 516 Ad
591 486 731 527 primum
755 484 852 515 limen
876 484 1020 516 excubat
1041 484 1200 516 aedituus.

356 543 406 567 185
432 535 521 575 Quos
545 535 611 567 vult
634 535 807 574 admittit³‚
832 536 959 578 quantis
984 535 1089 577 placet
1112 535 1216 567 hostia
1240 536 1367 567 claudit.

514 587 559 618 Et
580 592 667 619 tenet
690 587 751 618 hoc
775 598 891 618 munus
915 586 1021 618 nobile
1045 598 1163 629 magna
1187 587 1313 620 domus.

431 638 465 670 Si
490 649 555 680 qua
577 639 677 670 latent
700 639 833 680 porcina
856 638 934 677 lues,
958 638 1069 670 feralia
1093 644 1235 670 monstra

514 691 656 721 Fortiter
679 689 823 721 excludit-
845 696 875 721 et
898 690 975 721 foris
999 701 1069 722 esse
1092 691 1179 722 facit.

429 741 492 781 Qui
516 741 620 783 legem
644 742 796 773 informat
819 747 850 773 et
874 753 955 784 quae
979 743 1138 774 sententia
1160 744 1246 783 regis

352 800 404 824 190
513 793 555 824 Et
579 793 696 836 quibus
719 794 861 833 imineat,
886 795 994 824 omnia
1018 794 1100 826 scire
1124 795 1209 826 facit.

428 844 471 875 At
495 856 534 875 ne
559 846 630 887 quis
653 844 760 884 lateat,
784 846 924 886 speciem
949 847 1102 878 mentitus
1125 847 1219 877 amici

513 896 555 928 Et
579 896 700 938 populo
723 895 852 927 turbam
877 898 1023 939 quaeritb
1047 902 1079 928 et
1101 898 1248 939 imperio,

428 947 582 988 Scrutari,
606 959 730 990 capere,
755 949 956 988 convincere,
981 948 1120 981 subdere
1142 949 1205 991 legi

513 999 557 1030 Et
579 999 756 1043 dampnare
779 1011 874 1041 novo,
898 1011 962 1042 quo
986 1000 1073 1041 velit,
1096 1001 1209 1032 exilio:

353 1059 404 1082 195
428 1050 504 1083 Alta
528 1051 657 1094 quidem
682 1063 732 1083 res
757 1056 805 1083 est
829 1058 860 1083 et
883 1051 1087 1084 formidanda
1110 1058 1264 1094 potestas,

511 1104 720 1145 Privatisque
744 1102 855 1135 valens
879 1104 993 1136 usibus
1016 1108 1047 1135 et
1070 1103 1220 1145 publicis.

427 1155 470 1185 At
493 1166 568 1186 vero
592 1155 700 1186 lumen
724 1156 779 1197 qui
802 1160 920 1198 portat,
945 1156 1055 1197 sepius
1078 1155 1146 1186 eius

513 1206 657 1248 Aspectu
681 1207 808 1247 fruitur,
832 1208 941 1249 sepius
965 1206 1116 1249 alloquio,

429 1257 472 1288 Et
495 1268 554 1300 per
577 1258 684 1289 lumen
709 1259 748 1297 ei,
771 1258 858 1301 quod
881 1259 1005 1301 prebet,
1030 1269 1093 1301 qua
1117 1258 1184 1289 sine
1208 1258 1278 1289 luce

351 1316 404 1340 200
514 1309 640 1341 Cuncta
662 1321 776 1352 parum
800 1309 934 1350 faciunt,
959 1315 1024 1341 tam
1047 1310 1114 1341 fere
1138 1315 1254 1340 cuncta
1277 1309 1362 1341 facit.

429 1360 517 1392 Ordo
541 1373 678 1403 sequens
703 1368 735 1393 et
757 1362 798 1394 ab
821 1361 938 1393 acolito
962 1361 1035 1404 plus
1059 1373 1155 1404 posse
1178 1361 1314 1394 videtur.

513 1413 555 1444 Et
579 1414 685 1444 minus
708 1424 727 1443 a
749 1412 837 1455 pleni
860 1414 929 1444 iure
954 1413 1156 1453 diaconii,

427 1466 457 1495 A
481 1475 545 1507 quo
568 1475 686 1495 nomen
709 1464 807 1496 habet
830 1476 902 1496 curn
928 1464 1068 1507 quadam
1093 1465 1287 1504 subditione,

513 1515 556 1547 Ut
578 1522 687 1557 pateat
711 1515 836 1548 medius
860 1517 943 1547 inter
964 1521 1138 1558 utrumque
1162 1515 1261 1547 locus.

352 1574 405 1598 205
429 1566 539 1598 Officii
562 1578 638 1599 vero
662 1573 725 1598 tam
753 1569 856 1599 maior
878 1568 982 1609 gratia
1005 1567 1112 1610 pollet,

513 1619 586 1658 Quo
611 1620 714 1660 magis
738 1631 757 1650 a
780 1619 886 1651 medio
911 1620 1008 1650 cessit
1031 1620 1061 1650 in
1085 1619 1149 1650 alta
1172 1619 1252 1650 loco.

428 1670 470 1702 Et
493 1681 533 1701 ne
557 1677 671 1703 cuncta
694 1682 812 1713 sequar
835 1683 875 1702 ex
899 1671 1011 1702 ordine
1035 1675 1130 1712 cepta
1153 1669 1334 1710 revolvens,

513 1721 577 1761 Qui
601 1722 710 1754 lumen
734 1728 841 1765 portat
866 1724 973 1754 omnia
996 1722 1166 1761 clarificat3

428 1773 500 1805 Stat
521 1779 627 1805 tamen
651 1779 683 1805 et
705 1775 843 1806 necdum
867 1774 1024 1806 sacranda
1047 1773 1157 1805 videre
1180 1773 1321 1814 iubetur,

351 1832 403 1855 210
511 1825 576 1856 Iste
598 1826 719 1867 gradus
742 1825 868 1858 laticem
893 1830 1047 1867 preparat
1069 1825 1109 1856 ad
1133 1825 1276 1856 calicem.

430 1876 471 1908 Et
494 1878 605 1908 vinum
631 1887 701 1908 cum
727 1888 812 1919 pane
836 1882 945 1919 parat3
969 1878 1031 1907 iam
1057 1877 1177 1907 tercius
1201 1875 1245 1906 illi

511 1928 575 1968 Qui
600 1934 706 1960 sacrat
728 1934 759 1960 et
781 1930 915 1959 vinumc
939 1929 1038 1959 sumit
1060 1929 1191 1970 agitque
1216 1928 1334 1959 cibum.

429 1979 524 2018 Quod
549 1981 574 2011 si
598 1992 655 2012 rex
679 1980 794 2023 aliquis
818 1980 920 2011 eredit
943 1980 1005 2011 sihi
1029 1984 1117 2011 tanta
1139 1979 1246 2018 licere,

513 2031 555 2062 Et
579 2043 650 2063 cum
675 2043 759 2074 pane
784 2037 877 2074 putat
899 2031 1021 2062 lumina
1044 2041 1141 2072 posse
1164 2030 1249 2069 dare,

352 2091 404 2114 215
429 2083 501 2114 Non
525 2084 659 2116 miretur
682 2095 770 2125 opes,
795 2095 858 2115 non
883 2084 972 2125 regia
995 2087 1077 2114 tecta
1100 2082 1251 2121 decusve,

513 2135 580 2166 Nec
604 2135 643 2166 de
667 2134 792 2175 militia,
816 2145 912 2177 quam
936 2135 1027 2175 regit,
1052 2135 1216 2165 intumeat.

430 2187 596 2229 Respiciat
620 2198 739 2227 regem,
763 2187 818 2228 qui
842 2186 928 2217 solus
952 2190 1066 2227 regnat
1089 2185 1207 2227 ubique

515 2238 558 2269 Et
580 2250 637 2270 rex
661 2243 709 2270 est
731 2249 855 2280 regum,
879 2238 934 2279 qui
959 2237 1108 2279 prohibet
1131 2237 1248 2276 facere,

429 2290 531 2333 Inque
555 2290 650 2321 domo
675 2301 804 2331 magna,
829 2301 911 2331 quae
934 2300 993 2320 nos
1016 2300 1136 2325 sumus,
1160 2288 1287 2319 ordinat
1310 2300 1389 2320 esse.

354 2350 407 2373 220
516 2343 606 2382 Quos
630 2341 708 2380 vult,
731 2342 830 2384 inque
854 2340 972 2383 quibus
996 2340 1119 2371 iudicat
1143 2340 1319 2372 ordinibus.

430 2394 535 2437 Atque
559 2395 640 2425 sciat
662 2393 762 2433 laicis,
785 2393 846 2424 hoc
869 2398 920 2424 est
943 2392 1155 2434 popularibus
1179 2398 1276 2434 atque

514 2446 640 2477 Amotis
664 2456 756 2476 sacro
779 2455 911 2486 prorsus
935 2444 976 2475 ab
1001 2443 1119 2483 officio,

432 2498 474 2529 Se
495 2497 651 2540 prodesse
675 2496 786 2528 datum
810 2496 870 2537 vel,
895 2507 957 2526 non
983 2495 1154 2535 contendo,
1179 2506 1327 2537 praeesse

514 2549 587 2580 Non
610 2555 729 2588 tamen,
753 2554 787 2579 ut
811 2558 1003 2590 quemquam
1029 2546 1146 2578 debeat
1168 2547 1338 2588 oprimere.

353 2608 406 2632 225
430 2600 518 2642 Ergo
541 2601 619 2633 foris
643 2601 758 2642 signet,
781 2599 857 2631 foris
883 2599 1016 2639 ordinet,
1041 2599 1278 2641 imperiumque

515 2653 553 2684 In
576 2652 675 2683 laicos
698 2651 825 2691 habeat,
849 2650 907 2683 sed
931 2655 1049 2689 tamen,
1073 2656 1108 2681 ut
1129 2651 1250 2684 timeat,

432 2704 522 2736 Intus
545 2705 578 2735 in
601 2703 739 2735 ecclesia
762 2704 866 2734 minor
888 2707 946 2742 est,
970 2713 1065 2744 quam
1091 2701 1226 2733 clericus
1251 2703 1353 2733 omnis

205 2810 233 2841 a)
255 2809 377 2834 admittat
398 2818 428 2839 c.,
450 2818 506 2834 cum
527 2811 536 2834 i
556 2810 743 2842 superscripto.
821 2810 846 2839 bs,
871 2812 979 2841 quaerat
1001 2817 1021 2833 c.
1098 2808 1124 2839 c)
1146 2807 1171 2832 in
1192 2809 1281 2832 vivum
1302 2817 1367 2832 vorr.

167 2860 263 2885 Libelli
284 2860 317 2885 de
336 2860 390 2884 lite.
421 2860 456 2884 11.
1476 2860 1508 2882 65
