2132 3067
379 152 436 183 168
778 151 933 178 LIBELLI
956 150 1154 178 BERNALDI
1177 149 1415 177 PRESBYTERI
1438 149 1622 176 MONACHI.

481 243 560 274 Ideo
590 248 695 273 autem
728 241 828 271 sancti
860 246 967 282 patres
999 239 1182 270 huiusmodi
1209 240 1498 270 communicatores
1530 238 1689 270 devitari²
1717 237 1896 276 voluerunt,
1929 238 2026 280 quiab

375 296 462 336 ipsos
486 295 577 336 quasi
602 304 620 323 a
644 304 677 323 se
701 293 778 334 ipsis
802 291 994 333 dampnatos
1019 291 1211 330 habuerunt,
1235 292 1338 322 sicutc
1357 290 1499 332 prefatus
1515 289 1709 331 apostolicus
1725 290 1882 321 Acacium
1900 297 2027 331 recepta

374 346 600 377 communione
630 344 716 375 Petri
745 355 777 374 se
806 344 912 384 ipsum
940 343 1134 385 dampnasse
1158 349 1303 374 testatur.
1352 341 1444 373 Unde
1468 346 1500 372 et
1523 341 1635 373 beatus
1659 341 1768 372 Felix·
1794 350 1878 382 papa
1902 341 1934 371 in
1957 341 2027 382 ipsa

373 397 547 435 sentencia,
579 407 642 438 qua
660 395 814 426 Acacium
838 395 1132 433 anathematizavit,
1156 393 1215 425 hoc
1239 395 1403 435 signanter
1422 393 1591 435 apposuit:
1615 393 1707 425 Habe
1724 404 1799 434 erqo
1815 404 1887 423 cum
1911 392 2026 434 ipsis-¹,

374 461 453 491 quos
484 448 619 479 libenter
642 447 855 488 amplecteris,
882 448 1083 488 porcionem,
1114 446 1145 477 id
1170 452 1227 484 est,
1259 457 1330 476 cum
1356 445 1655 483 excommunicatis,
1680 455 1718 475 ac
1741 445 1767 475 si
1792 444 1926 475 diceret:
1955 443 2026 474 Non

375 506 438 531 tam
463 510 580 530 novam
610 499 984 530 excommunicacionem
1009 509 1108 540 super
1131 503 1162 528 te
1186 497 1333 536 facimus,
1358 507 1453 539 quam
1478 503 1630 535 veterem,
1653 502 1738 538 quae
1762 501 1793 527 te
1817 496 1922 538 ipsum
1941 506 2024 526 com-

374 550 570 582 municando
594 550 882 581 excommunicatis
906 549 1078 587 innodasti,
1103 549 1341 580 confirmamus.
1386 549 1454 580 Nec
1471 548 1531 580 hoc
1546 559 1623 580 sane
1640 548 1839 589 negligenter
1854 547 2026 589 inspicien-

374 603 461 641 dum,
486 602 572 644 quod
599 602 710 633 beatus
734 601 903 633 Gelasius²
927 607 990 632 tam
1016 612 1168 643 expresse
1193 600 1341 641 subiecit,
1372 611 1429 631 cur
1451 599 1629 642 apostolica
1653 599 1746 630 sedes
1770 599 1927 630 Acacium
1945 609 2028 630 com-

375 655 607 685 municatorem
640 654 727 685 Petri
759 653 955 684 refutaverit.
1002 653 1108 691 Beati,
1140 653 1253 694 inquit,
1285 652 1373 684 Petri
1403 653 1503 691 sedes,
1531 664 1571 683 ne
1600 663 1660 694 per
1688 651 1847 683 Acacium
1877 651 1914 681 in
1940 650 2029 681 Petri

375 707 579 738 consorcium
612 706 795 744 duceretur,
826 707 934 746 ipsum
967 716 1090 746 quoque
1118 715 1138 734 a
1162 716 1221 734 sua
1250 705 1475 735 communione
1505 704 1673 737 submovit.
1718 702 1831 734 Idem³
1855 702 2027 733 Anastasio

374 758 578 800 imperatori:
612 758 789 799 Postquam
819 757 965 788 Acacius
995 757 1232 787 communionis
1268 760 1420 786 externae
1440 755 1560 796 factus
1590 760 1645 795 est,
1676 766 1742 786 non
1768 755 1877 796 potuit
1908 755 1976 785 nisi
2007 764 2027 784 α

375 810 538 841 catholica
563 814 590 840 ct
614 809 796 851 apostolica
819 819 894 839 mom
917 809 1067 839 societate
1089 807 1230 848 precidi,
1254 819 1294 838 ne
1314 820 1376 849 per
1398 819 1480 847 eum,
1503 808 1533 838 si
1558 807 1603 838 uel
1624 805 1801 847 paululum
1819 817 2027 843 cessaremus,

375 873 434 893 nos
457 872 582 903 quoque
606 861 788 891 videremur
811 860 933 891 subisse
957 861 1113 901 contagia
1136 860 1348 901 perfidorum.
1399 859 1441 889 Et
1472 857 1568 901 paulo
1599 858 1784 900 superius⁴z
1812 857 1888 888 Non
1914 861 2028 899 potest,

375 913 490 955 inquit,
515 912 647 954 quilibet
668 913 895 953 perversitatis
919 913 1191 942 communicatore
1212 916 1359 953 suscepto
1376 922 1441 942 non
1462 913 1592 952 pariter
1612 921 1787 952 perversus
1806 909 1954 950 probari,
1971 920 2028 939 nec

373 970 478 1007 potest
500 964 646 1005 refutari
667 964 866 1005 perversitas
890 962 1045 1004 complice
1064 963 1292 1004 perversitatis
1317 963 1472 994 admisso.

482 1015 633 1053 Videsne,
665 1026 762 1057 quam
792 1015 975 1045 necessario
1000 1014 1186 1045 huiusmodi
1217 1015 1509 1045 communicatores
1534 1014 1722 1053 devitemus,
1753 1023 1793 1043 ne
1824 1018 1856 1044 et
1885 1022 1941 1043 nos
1972 1022 2028 1054 per

375 1079 485 1100 eorum
507 1068 706 1098 consorcium
732 1067 881 1107 contagia
902 1065 1097 1107 perfidorum
1116 1066 1241 1097 subisse
1258 1066 1450 1097 iudicemur.
1489 1066 1664 1108 Quisquiss
1687 1071 1795 1096 autem
1819 1063 1899 1095 haec
1923 1064 2030 1095 omnia

376 1119 478 1151 lacius
509 1119 714 1150 considerare
744 1117 924 1158 desiderat,
961 1119 1082 1160 scripta
1117 1117 1261 1149 eiusdem
1301 1117 1472 1159 apostolici
1503 1117 1542 1148 ad
1574 1117 1719 1149 diversos
1754 1116 1794 1148 de
1828 1115 2029 1147 anathemate

379 1171 490 1202 Aeacii
522 1181 583 1202 nou
618 1170 800 1201 transitorie
832 1169 927 1210 legat,
959 1180 1042 1211 quae
1071 1170 1097 1201 si
1128 1169 1263 1201 fideliter
1294 1169 1476 1211 perlegerit,
1506 1169 1594 1200 nulla
1613 1171 1642 1200 ei
1665 1168 1804 1210 amplius
1827 1167 1867 1199 de
1889 1166 2030 1199 vitandis

377 1222 706 1254 communicatoribus
735 1222 1086 1252 excommunicatorum
1117 1221 1278 1252 dubitatio
1308 1222 1497 1252 remanebit.
1543 1221 1716 1263 Accipiam
1746 1230 1822 1262 ergo
1853 1230 1929 1261 sepe
1952 1219 2030 1250 dicti

376 1275 666 1306 communicatores
696 1283 809 1303 sanum
841 1272 1008 1304 consilium
1041 1278 1071 1303 et
1099 1272 1251 1304 festinent
1282 1273 1321 1303 ad
1357 1272 1605 1304 ecclesiasticam
1640 1271 1935 1304 reconciliacionem
1970 1281 2031 1301 nee

377 1325 567 1358 catholicam
598 1325 815 1356 sinceritatem
840 1330 976 1355 externa
999 1325 1225 1355 commuuione
1247 1325 1340 1356 iuxta
1362 1324 1491 1356 beatum
1517 1324 1682 1356 Gelasium
1707 1322 1952 1363 commaculent,
1975 1328 2030 1354 aut

377 1379 402 1409 si
427 1379 488 1420 ipsi
513 1388 602 1408 suam
635 1375 770 1408 salutem
795 1376 1007 1416 neglexerint,
1031 1387 1089 1407 nos
1113 1381 1221 1408 tamen
1246 1377 1299 1419 qui
1325 1376 1472 1408 catholici
1497 1388 1607 1408 sumus
1629 1375 1724 1407 nobis
1747 1376 1788 1408 ab
1812 1386 1922 1407 eorum
1945 1385 2028 1406 com-

379 1429 598 1461 maculacione
623 1432 829 1460 caveamus*.

500 1527 525 1562 *)
549 1530 735 1563 Sequebantur
749 1530 812 1555 haer
829 1530 855 1553 in
872 1528 909 1553 M.
926 1527 953 1552 S.
970 1528 1058 1553 codice
1073 1529 1284 1560 (Ratisbonensi)
1306 1537 1374 1561 quae
1394 1538 1442 1554 nec
1461 1529 1497 1554 ad
1517 1529 1700 1555 antecedentia
1720 1537 1767 1554 nec
1787 1529 1824 1554 ad
1843 1528 2029 1561 subsequentia

544 1577 686 1610 pertinent.
718 1575 887 1601 GRETS'EI!
907 1576 944 1607 (p.
960 1575 1021 1606 34ss

938 1637 976 1662 In
1001 1636 1306 1663 Simoniacorum
1332 1636 1473 1664 causis.

637 1698 778 1724 Iudicium
804 1706 897 1732 aquae
921 1697 1045 1731 frigidae
1070 1706 1127 1723 non
1152 1697 1307 1731 recipimus
1332 1706 1385 1722 ncc
1403 1705 1500 1723 eorum
1518 1697 1725 1729 testimonium,
1750 1696 1799 1732 qui
1815 1696 1909 1723 eidem
1926 1696 2027 1723 morbo

551 1749 745 1776 consentiunt.
771 1749 821 1775 sed
846 1749 1047 1783 religiosorum
1072 1749 1202 1776 fratrum,
1228 1748 1275 1782 qui
1301 1748 1395 1775 eidem
1419 1748 1523 1774 sceleri
1548 1748 1643 1775 studio
1662 1751 1691 1775 et
1706 1748 1856 1775 voluntate
1880 1748 2026 1775 resistunt.

550 1802 603 1833 Qui
634 1806 728 1827 tamen
761 1804 850 1827 testes
880 1809 937 1826 non
967 1810 1019 1834 per
1049 1808 1151 1835 aquam
1183 1800 1327 1834 frigidum.
1360 1800 1411 1826 sed
1442 1809 1495 1834 per
1523 1800 1644 1834 ignitum
1668 1800 1776 1826 ferrum
1799 1800 1844 1826 vel
1867 1799 2027 1826 ferventem

550 1862 652 1888 uquam
678 1857 741 1878 sunt
768 1852 946 1887 acquirendi,

635 1904 792 1931 Simoniaci
809 1913 866 1930 non
885 1903 1075 1929 admittuntur
1092 1903 1128 1929 :id
1145 1903 1293 1935 iudicium,
1318 1903 1341 1928 si
1365 1903 1536 1938 probabiles
1559 1911 1703 1938 personae
1724 1903 1809 1930 etiam
1826 1903 1966 1930 laieorum
1982 1904 2027 1931 vel

548 1956 719 1983 feminarum
744 1956 872 1990 precium
898 1964 928 1981 se
953 1954 989 1981 :ib
1014 1955 1055 1981 cis
1079 1955 1225 1988 recepisse
1242 1958 1395 1981 testantur.
1433 1955 1494 1981 Nec
1515 1955 1593 1981 aliud
1617 1959 1661 1981 est
1683 1963 1736 1989 pro
1754 1954 1913 1982 manifestis
1928 1955 2027 1982 venire

549 2009 584 2034 :nl
614 2005 752 2034 iudicium
783 2007 837 2033 nisi
867 2010 981 2033 tentare
1006 2007 1171 2033 Dominum.
1222 2005 1306 2032 Unde
1336 2010 1364 2032 ct
1392 2006 1519 2032 fallimur
1552 2006 1720 2033 multotiens
1750 2006 1779 2032 in
1809 2006 1926 2039 talibus,
1960 2007 2027 2042 qnia

549 2060 627 2086 Dem
652 2059 739 2094 longe
764 2063 805 2085 est
831 2058 867 2084 ab
892 2058 945 2086 liis,
970 2058 1017 2093 qni
1042 2062 1155 2084 tentant
1179 2057 1268 2084 illum.

633 2111 688 2137 I'cr
718 2111 822 2136 multos
852 2110 907 2136 iam
939 2119 1030 2136 annos
1061 2110 1143 2143 regni
1177 2109 1331 2136 Teutonici
1363 2110 1487 2136 latitudo
1519 2109 1555 2136 ab
1588 2110 1768 2145 apostolicae
1803 2109 1881 2137 sedis
1915 2109 2026 2136 unitate

550 2161 641 2187 divisa
666 2166 718 2188 est.
755 2162 787 2187 ln
806 2170 862 2196 quo
886 2162 1019 2187 nimirum
1044 2161 1178 2187 scismate
1202 2165 1313 2187 tantum
1337 2161 1459 2196 periculi
1483 2161 1590 2188 factum
1608 2166 1660 2195 est,
1685 2166 1725 2191 ut,
1751 2161 1828 2197 quod
1845 2170 1907 2188 cum
1925 2161 2026 2188 dolore

551 2213 682 2241 dicimus.
712 2214 757 2239 vix
788 2213 873 2247 pauci
898 2213 1065 2239 sacerdotes
1090 2216 1139 2238 aut
1162 2213 1258 2239 clerici
1284 2213 1420 2240 catholici
1445 2214 1473 2239 in
1499 2217 1579 2240 tantu
1603 2218 1744 2240 terrarum
1766 2213 1920 2240 latitudine
1944 2221 2025 2248 repe-

550 2264 668 2290 riantur.
721 2265 777 2291 Tot
801 2264 888 2299 igitur
913 2264 978 2289 filiis
1002 2264 1029 2290 in
1054 2264 1108 2290 hac
1132 2269 1228 2299 strage
1252 2265 1417 2291 iacentibus
1442 2265 1617 2291 christianae
1640 2265 1721 2299 pacis
1744 2265 1903 2292 necessitas
1928 2264 2026 2300 exigit,

551 2320 579 2340 nt
605 2324 692 2349 super
715 2315 767 2341 hos
792 2319 921 2341 materna
946 2315 1089 2341 ecclcsiae
1110 2315 1222 2341 viscera
1244 2317 1420 2350 aperiantur.
1459 2317 1575 2342 Pati-um
1593 2317 1690 2351 itaque
1707 2320 1871 2343 nostrorum
1888 2316 2027 2351 exemplis

551 2372 578 2392 ct
604 2367 718 2401 scriptis
743 2367 885 2394 instructi.
911 2367 958 2401 qui
984 2367 1104 2392 diversis
1129 2367 1309 2401 temporibus
1326 2368 1514 2395 Novatianos.
1540 2368 1709 2394 Donatistns
1733 2371 1762 2395 et
1785 2367 1858 2394 :ilios
1881 2366 2026 2394 hereticos

551 2418 578 2443 iu
604 2418 662 2443 suis
687 2418 837 2444 ordinibus
862 2423 1061 2452 susceperunt.
1085 2418 1209 2452 praefati
1234 2419 1314 2453 regni
1341 2419 1496 2454 episcopos
1513 2420 1541 2445 in
1559 2419 1692 2446 scismate
1713 2419 1872 2452 ordinatos,
1897 2419 1952 2445 nisi
1977 2423 2025 2445 aut

550 2469 697 2495 invasores
722 2474 770 2495 :lut
794 2469 943 2496 simoniaci
969 2473 1018 2495 :uit
1042 2469 1187 2496 criminosi
1213 2471 1449 2504 comprobentur,
1479 2471 1506 2497 iu
1537 2470 1633 2497 officio
1659 2471 1819 2506 episcopali
1843 2470 2024 2505 suscipimus.

551 2521 582 2546 ld
614 2521 705 2554 ipsum
735 2521 770 2547 de
803 2521 915 2547 clericis
945 2521 1141 2555 cuiuscunqnc
1172 2522 1280 2547 ordinis
1311 2523 1521 2555 constituimus,
1553 2531 1624 2557 quos
1653 2523 1710 2548 vita
1740 2522 1920 2558 scientiaque
1949 2530 2024 2549 com-

549 2573 674 2598 incudm.

491 2657 517 2685 a)
541 2655 658 2680 dux-imre
680 2657 704 2681 4.
781 2657 807 2685 l»)
828 2656 897 2687 qnod
919 2656 949 2680 G.
1026 2658 1051 2685 c)
1072 2657 1110 2680 sic
1132 2656 1163 2681 G.
1240 2656 1266 2687 d)
1290 2656 1329 2681 liis
1352 2657 1382 2681 G.
1459 2659 1483 2686 e)
1507 2659 1551 2690 qui
1572 2657 1603 2683 G.
1679 2657 1698 2687 f)
1723 2657 1751 2682 Si
1771 2658 1829 2690 quis
1849 2657 1880 2682 G.

489 2736 515 2761 li
546 2736 575 2762 Γ.
599 2746 685 2770 supra
706 2745 735 2770 p.
758 2736 824 2762 104.
914 2736 942 2769 2)
967 2736 1040 2764 Ilnid.
1061 2746 1092 2770 p.
1115 2737 1182 2762 105.
1271 2737 1300 2772 3)
1324 2737 1397 2764 Ibid.
1486 2739 1515 2771 4)
1546 2737 1573 2765 Γ.
1597 2747 1683 2772 supra
1703 2747 1735 2772 p.
1755 2736 1823 2764 104.

2049 714 2075 732 10

2051 973 2075 992 15

2051 1231 2078 1250 20

2049 1533 2076 1552 25

2048 1804 2076 1823 30

2047 2062 2074 2082 35

2047 2320 2075 2340 4⁰

2045 2579 2073 2598 4⁵
