2132 3067
550 127 790 155 ORTHODOXA
814 127 1003 154 DEFENS1O
1028 127 1261 154 IMPERIALIS.
1668 125 1730 155 539

87 225 116 250 et
146 219 171 249 si
196 218 337 259 ipsorum
356 217 540 247 ministeriis
557 215 675 247 eclesia
692 217 841 254 caruerit,
865 216 1085 247 defensionem
1103 217 1229 246 amittet
1251 217 1370 247 terreni
1387 215 1531 256 dominii,
1556 226 1651 257 quam
1670 217 1731 247 nisi

87 269 241 309 habuerit,
264 267 305 299 ab
330 268 438 309 impiis
462 267 641 305 invadetur,
672 279 691 298 a
712 268 868 297 tit-annisa
892 267 1092 308 opprimetur
1115 272 1146 297 et
1168 278 1186 297 a
1210 266 1470 309 quibuscumque
1495 267 1655 309 perversis
1679 267 1731 299 de-

85 320 255 352 strueturb.
290 319 537 350 Sacramentum
554 323 660 349 autem
677 317 883 349 eclesiasticis
901 319 977 348 viris
995 319 1085 348 iuxta
1102 324 1285 349 sanctorum
1299 329 1454 349 canonum
1473 318 1730 350 interdictionem

85 371 160 402 nulli
177 369 310 401 seculari
329 370 500 400 convenitc
519 368 660 410 prebere.
685 369 749 400 Sed
765 370 798 399 in
815 369 874 399 hoc
889 369 1008 400 utenda
1023 374 1072 399 est
1089 375 1190 399 matre
1205 370 1371 408 virtutum,
1388 380 1463 400 vera
1479 369 1601 401 scilicet
1614 370 1730 400 discre-

53 435 65 454 5
86 424 178 460 tione,
203 433 264 464 que
289 422 369 452 sicut
393 420 439 451 sal
456 420 630 462 pulmentis
647 420 807 460 omnibus,
831 421 875 450 ita
892 420 951 450 hec
969 421 1149 451 necessaria
1172 426 1220 451 est
1243 420 1465 461 religiosorum
1484 422 1624 452 omnium
1643 422 1730 452 actis.

187 473 215 505 7.
262 473 297 504 In
314 473 474 514 principio
492 472 629 513 denique
646 471 718 502 fidei
737 471 852 502 eclesie
869 472 1088 512 possessiones
1105 482 1167 502 non
1186 472 1357 510 habebant,
1381 471 1436 502 sed
1462 477 1584 503 tantum
1608 474 1729 503 victum

83 530 114 556 et
136 525 298 562 vestitum,
324 524 434 565 hisque
458 528 607 554 contente
631 527 730 553 erant.
775 522 868 552 Nunc
891 529 996 553 autem
1021 523 1174 563 religione
1197 529 1290 554 aucta
1306 524 1526 564 possessiones
1550 530 1729 563 creverunt,

83 575 197 607 eclesie
220 575 280 606 sub
305 587 338 606 se
363 575 489 613 milites,
520 574 654 604 comites
678 584 896 615 personasque
927 573 1088 613 sublimes,
1120 574 1236 616 quibus
1260 575 1466 615 imperarent,
1499 575 1615 606 habere
1639 587 1729 617 cepe-

82 633 171 666 runt3
196 638 276 668 quos
300 628 325 657 si
350 637 408 657 rex
432 625 481 656 vel
505 626 679 666 imperator
703 625 733 655 in
758 626 824 655 suis
848 631 1084 667 contemptores
1108 626 1202 656 iussis
1219 625 1397 666 habuerint,
1423 638 1573 666 magnum
1598 628 1730 658 immen-

40 691 65 710 10
83 689 217 720 sumque
240 677 467 709 detrimentum
500 677 629 718 capient
658 677 793 717 imperii.
840 676 979 707 Necesse
1011 683 1058 708 est
1088 688 1176 716 ergo,
1209 683 1244 708 ut
1274 677 1417 718 prelatus
1449 677 1594 718 eclesiae,
1625 680 1680 720 qui
1711 690 1730 709 a

82 731 148 760 suis
172 728 325 760 militibus
349 733 583 759 sacramentum
608 726 772 758 fidelitatis
794 728 928 769 suscipit
951 739 991 758 ex
1014 729 1102 769 regia
1125 728 1174 758 vel
1198 728 1355 769 imperiali
1380 728 1634 768 dominacioned,
1659 730 1728 771 ipse

83 780 218 811 militum
243 791 373 811 suorum
399 779 586 810 fidelitatem
611 789 767 821 suamque
791 779 950 820 spondeat
972 780 1072 820 regali
1097 779 1147 810 vel
1170 779 1328 821 imperiali
1353 790 1519 820 personae.
1566 781 1726 819 Quoniam

82 836 315 863 sacramentum
339 831 413 863 licet
435 831 645 862 interdicatur
674 831 706 861 in
731 830 919 869 canonibus,
952 830 1099 872 prebenti
1123 837 1229 862 tamen
1254 831 1383 861 officere
1416 842 1478 862 non
1509 832 1635 872 legitur,
1666 833 1728 863 nisi

81 883 161 915 forte
177 884 319 914 incurrat
334 883 521 924 periurium.
564 882 727 923 Scriptum
745 882 866 924 quippe
882 887 946 912 est:
970 883 1086 913 Iuravi
1102 888 1128 914 et
1145 884 1248 913 statui
1263 883 1425 913 custodire
1441 883 1563 914 iuditia
1582 885 1728 914 iustitiae

36 946 62 965 15
80 940 165 966 tuae.
211 933 443 966 Sublimiorese
466 944 541 964 vero
567 938 753 974 potestateS‚
785 933 816 964 id
844 939 891 964 est
914 934 1003 975 regia
1032 933 1081 964 vel
1106 933 1281 975 imperialis
1305 934 1505 974 magnitudo,
1536 946 1555 965 a
1578 934 1649 965 Deo
1673 939 1729 965 aut

81 987 237 1027 permissa.
266 991 322 1016 aut
353 986 535 1023 constituta,
565 989 621 1015 aut
648 995 667 1014 a
697 984 784 1015 nullo
815 990 1039 1016 contemnatur
1067 992 1124 1016 aut
1154 985 1387 1016 condemnetur
1417 986 1484 1016 sive
1516 985 1728 1016 destruaturb.

81 1038 273 1068 sanctorum
297 1037 452 1067 habemus
475 1037 682 1067 auctoritates
706 1035 915 1077 plurimorum
947 1042 978 1067 et
1008 1037 1040 1066 in
1064 1042 1256 1068 testamento
1279 1037 1382 1067 veteri
1406 1042 1437 1067 et
1464 1036 1495 1066 in
1520 1047 1602 1066 nova
1624 1037 1729 1077 gratia

80 1088 250 1129 euangelii,
273 1089 328 1130 qui
352 1089 456 1128 magis
479 1087 662 1118 huiusmodi
686 1087 874 1118 sufferentes
899 1093 1069 1128 portarunt
1092 1099 1188 1130 quam
1214 1088 1428 1118 condemnare
1452 1092 1727 1129 presumpserunt.

81 1139 146 1170 Nec
170 1140 270 1170 eciam
295 1138 505 1170 scandalizari
529 1139 679 1169 convenit
702 1138 859 1169 celsitudo
883 1138 1058 1180 imperialis
1082 1140 1112 1169 in
1136 1140 1202 1169 suis
1227 1139 1354 1176 muniis,
1386 1140 1537 1180 quoniam
1562 1139 1615 1180 qui
1641 1150 1728 1169 scan-

34 1203 60 1222 20
79 1190 218 1222 dalizatf
248 1190 406 1222 eclesiae&
435 1191 624 1230 maximum,
662 1190 774 1220 maiori
805 1201 887 1231 pena
918 1190 978 1220 erit
1006 1190 1187 1231 puniendus
1218 1201 1313 1232 quam
1345 1190 1415 1221 hish
1447 1191 1500 1232 qui
1531 1189 1730 1220 scandalizat

80 1242 256 1280 minimum,
279 1247 310 1273 et
334 1243 360 1272 si
385 1241 467 1272 mala
490 1241 587 1272 fuerit
609 1241 807 1272 eclesiastica
830 1247 983 1283 potestas,
1010 1253 1073 1272 non
1099 1247 1146 1273 est
1169 1242 1297 1272 omnino
1325 1242 1365 1272 ab
1389 1242 1495 1282 aliquo
1521 1242 1580 1272 nisi
1612 1253 1630 1272 a
1660 1241 1728 1272 solo

80 1293 149 1323 Deo
167 1293 422 1324 condemnanda.
468 1293 564 1332 Quod
581 1294 606 1323 si
631 1293 675 1324 ita
691 1293 837 1332 hahetur,
862 1294 1039 1324 certissime
1064 1293 1094 1323 in
1112 1293 1253 1323 omnium
1270 1294 1515 1324 auetoritatibus
1533 1298 1727 1332 sanctorum,

79 1344 321 1386 prophetarum,
336 1345 556 1387 apostolorum
574 1355 611 1375 ac
627 1344 821 1385 reliquorum
841 1344 1103 1382 orthodoxorum,
1120 1354 1256 1385 quorum
1273 1343 1378 1375 nullus
1396 1350 1589 1386 potestatem
1606 1345 1728 1385 regiam

80 1396 128 1428 vel
153 1396 362 1438 imperialem,
387 1395 460 1427 licet
482 1397 635 1438 iniquam,
663 1395 736 1426 licet
758 1396 902 1437 impiam,
932 1395 1007 1426 licet
1031 1396 1216 1435 hereticam,
1247 1395 1462 1426 condemnare
1487 1396 1538 1426 vel
1567 1395 1728 1436 deponere

33 1457 59 1476 25
78 1458 175 1478 ausus
200 1454 248 1478 est
270 1459 329 1478 nec
351 1447 459 1489 aliquo
482 1446 579 1478 modo
604 1448 816 1489 presumpsit:
847 1448 918 1488 quis
943 1447 1017 1477 olim
1043 1446 1237 1477 catholicum
1263 1452 1407 1477 nostrum
1431 1446 1595 1477 dominum
1622 1452 1653 1477 et
1672 1448 1727 1476 im-

79 1505 258 1540 peratorem
274 1497 498 1541 H[einricum]‚
523 1498 585 1529 Dei
601 1497 832 1536 fidelissimum,
848 1498 1040 1536 benivolum,
1064 1498 1257 1540 piissimum,
1285 1497 1574 1536 bellicosissimum,
1598 1509 1728 1540 quoquo

79 1549 172 1580 modo
189 1560 287 1580 ausus
310 1550 372 1581 fuit
389 1549 653 1591 condempnare?
696 1549 777 1588 Quis
802 1551 903 1580 eciam
929 1561 1014 1580 nunc
1037 1550 1283 1580 invictissimum
1307 1550 1376 1579 eius
1401 1548 1501 1580 filium
1519 1549 1590 1580 Deo
1614 1549 1728 1580 auxili-

78 1607 150 1632 ante
172 1602 270 1642 patris
293 1602 427 1632 iniurias
444 1601 682 1632 vindicantemi
710 1612 861 1642 spernere
886 1601 1018 1632 audebit
1041 1606 1071 1632 et
1094 1601 1210 1631 evadet
1233 1600 1387 1631 iudicium
1404 1600 1490 1631 Dei‘?
1523 1600 1604 1631 Nam
1631 1601 1727 1642 scrip-

79 1658 149 1684 tura
172 1652 306 1684 docente
328 1655 365 1684 in
388 1653 498 1684 multis
522 1652 716 1694 offendimus
741 1664 857 1684 omnes.
904 1653 978 1693 Ipse
1008 1663 1085 1683 vero
1117 1653 1282 1693 piissimus
1311 1658 1467 1692 augustus
1498 1653 1523 1682 si
1555 1652 1587 1682 in
1618 1651 1726 1693 aliquo

33 1715 59 1734 so
78 1704 213 1746 deliquit
234 1704 418 1746 aliquando,
442 1704 534 1746 quasi
558 1705 715 1746 insipiens
739 1704 843 1735 factus
867 1715 885 1734 a
902 1704 963 1735 Dei
988 1703 1124 1734 eclesiae
1142 1714 1253 1745 pacem
1271 1703 1535 1744 perturbantibus
1560 1704 1654 1733 nimis
1680 1708 1728 1734 est

79 1761 220 1787 coactus.
265 1755 415 1797 Denique
438 1755 553 1797 prelati
583 1755 720 1786 eclesiae
751 1756 806 1798 qui
830 1756 915 1786 vitae
946 1756 1082 1786 ministri
1114 1755 1180 1786 fore
1212 1754 1383 1792 debebant,
1413 1754 1488 1785 facti
1518 1760 1591 1785 sunt
1614 1754 1726 1784 mortis

78 1806 194 1838 latores
222 1812 252 1837 et
275 1808 414 1838 iussores
438 1808 603 1848 sanguinis
627 1806 802 1846 effusionis,
833 1812 945 1837 contra
974 1807 1145 1848 imperium
1171 1806 1397 1837 moderantesk
1421 1806 1605 1836 calcaneum
1631 1816 1724 1835 suum

78 1858 218 1890 levantes
257 1864 288 1889 et
318 1859 388 1888 iura
419 1859 509 1898 regni
541 1859 688 1900 nequiter
715 1864 918 1899 usurpantes,
956 1857 1092 1889 eclesiae
1130 1858 1307 1888 ministeria
1344 1857 1478 1899 abusive
1513 1868 1550 1887 ac
1584 1856 1726 1887 indebite

77 1915 308 1952 potentumque
337 1921 395 1951 per
424 1911 488 1940 vim
514 1910 712 1951 optinentes,
742 1910 828 1951 quod
860 1910 1054 1940 omnimodis
1085 1909 1290 1940 interdictum
1318 1909 1470 1939 canonice
1500 1908 1644 1938 hahetur.
1692 1907 1726 1938 Si

32 1971 59 1991 ³5
78 1961 148 2002 quis
178 1962 262 1992 enim
287 1961 488 1992 eclesiastica
519 1961 696 1992 ministeria
725 1962 792 1992 sive
821 1961 1013 2002 prelationes
1038 1972 1095 2002 per
1124 1960 1263 2002 aliquam
1296 1960 1359 1989 vim
1392 1958 1566 1990 secularem
1600 1958 1728 1990 molitur

78 2013 233 2054 optinere,
263 2018 294 2044 et
324 2013 394 2054 ipse
424 2018 454 2043 et
482 2013 550 2043 eius
575 2013 715 2043 fautores
747 2012 947 2043 eclesiastico
978 2013 1122 2054 percussi
1146 2011 1357 2049 anathemate,
1389 2010 1479 2051 digni
1511 2016 1586 2040 sunt
1615 2015 1725 2050 morte,

79 2064 154 2105 quia
176 2064 340 2105 proprium
373 2070 403 2095 et
427 2063 639 2095 universalem
672 2068 869 2105 spernentes,
899 2075 1010 2105 ymmo
1042 2069 1284 2094 contemnentes
1314 2073 1330 2092 a
1357 2062 1427 2092 Deo
1457 2062 1638 2092 ordinatum
1671 2062 1726 2091 im-

78 2121 269 2156 peratorem,
299 2120 411 2147 contra
433 2115 540 2146 Deum
573 2115 662 2156 pacis
687 2116 900 2157 unitatisque¹
935 2115 1070 2145 eclesiae
1105 2114 1271 2154 elegerunt
1300 2119 1469 2144 exactores
1500 2112 1724 2154 bonorumque

78 2167 179 2207 ipsius
203 2166 337 2197 eclesiae
362 2178 485 2198 morum
510 2177 727 2208 perversores.
773 2167 881 2205 Quare
905 2172 1011 2197 autem
1036 2166 1114 2197 haec
1139 2165 1384 2195 machinantur?
1421 2165 1539 2206 Utique
1564 2164 1639 2205 quia
1662 2174 1723 2194 non

31 2227 58 2246 ιο
77 2228 158 2259 quae
182 2217 303 2249 Christi
327 2223 410 2257 sunt,
434 2218 489 2249 sed
514 2229 596 2260 quae
621 2229 679 2248 sua
704 2223 778 2248 sunt
801 2223 939 2259 querunt
963 2223 994 2248 et
1017 2222 1144 2259 patrum
1174 2217 1318 2247 itineram
1343 2222 1536 2254 sanctorum,
1568 2215 1725 2256 perfectas

78 2273 110 2300 et
131 2280 150 2299 a
172 2269 244 2300 Deo
269 2269 475 2300 confirmatas
499 2270 706 2300 auctoritates
738 2280 795 2310 pro
819 2269 917 2300 nihilo
941 2269 1072 2309 ducunt,
1102 2279 1215 2309 pacem
1241 2267 1375 2298 eclesiae
1405 2279 1442 2298 ac
1467 2268 1621 2297 unitatem
1652 2267 1725 2297 sub-

77 2326 214 2361 vertunt⁷
246 2321 408 2362 principes
441 2321 640 2351 auctenticos
673 2319 849 2362 solitosque
880 2320 1018 2351 eclesiae
1049 2319 1227 2359 destruunt,
1258 2325 1289 2349 et
1319 2330 1395 2349 suae
1426 2324 1547 2349 tantum
1578 2317 1726 2348 utilitatis

79 2382 185 2412 causa,
214 2382 278 2402 non
301 2377 407 2403 autem
433 2371 578 2411 eclesiae,
607 2371 702 2401 rudes
727 2372 925 2402 constituunt
948 2378 1144 2413 peccatores,
1177 2376 1292 2412 quos¹¹‚
1316 2371 1376 2400 nisi
1401 2371 1446 2400 eis
1470 2370 1624 2411 pecunias
1654 2369 1727 2400 offe·

78 2427 158 2461 rant,
190 2428 345 2464 spernunt
373 2428 404 2454 et
434 2424 552 2465 impios
579 2422 755 2453 iustificant
778 2428 910 2464 propter
930 2434 1056 2454 munus.
1103 2421 1257 2453 Subditos
1280 2427 1386 2452 autem
1411 2432 1510 2462 regno
1534 2426 1566 2452 et
1588 2421 1725 2462 imperio

32 2482 59 2502 45
79 2473 332 2516 exhibentesque
361 2474 468 2505 debita
498 2473 652 2515 obsequia
680 2473 815 2504 eclesiae
840 2473 1042 2516 principibus
1069 2474 1388 2505 excommunicat0s0
1413 2478 1569 2512 asserunt,
1601 2478 1631 2503 et
1662 2483 1724 2502 non

79 2535 188 2566 pacem
214 2526 246 2556 in
270 2525 395 2563 eclesia⁷
425 2525 480 2556 sed
504 2524 588 2556 bella
612 2530 642 2556 et
666 2526 833 2565 sanguinis
857 2526 1028 2556 effusiones
1053 2525 1263 2563 sanctificant,
1295 2525 1369 2566 quia
1393 2524 1496 2554 zelum
1522 2524 1583 2554 Dei
1608 2523 1726 2554 habere

189 2598 216 2627 a)
236 2599 400 2630 tirannisque
422 2597 452 2622 G.
533 2599 562 2625 b)
584 2599 666 2622 dextr.
688 2608 708 2622 c.
785 2604 808 2629 c)
834 2599 976 2622 conveniat
997 2607 1063 2622 corr.
1085 2598 1210 2622 convenit
1230 2606 1251 2621 c.
1327 2597 1353 2628 d)
1377 2597 1526 2621 donacione
1548 2596 1614 2621 τουτ’.
1636 2596 1724 2620 Waicss.

81 2642 107 2674 e)
126 2643 186 2667 sull.
200 2652 267 2668 corr.
282 2644 348 2668 subl.
364 2653 384 2668 c.
441 2644 460 2674 f)
484 2644 674 2674 scandaliczat,
695 2644 778 2668 deleto
799 2652 812 2667 c
832 2653 851 2668 c.
909 2649 936 2675 g)
960 2644 1073 2668 eclesiae
1089 2657 1121 2661 —
1137 2644 1229 2668 scand.
1250 2642 1278 2667 in
1299 2652 1381 2675 mary.
1396 2644 1481 2674 suppl.
1498 2652 1518 2667 c.
1576 2642 1602 2671 h)
1622 2651 1672 2673 pro
1694 2643 1724 2665 is.

78 2688 97 2719 i)
118 2688 198 2713 indic.
219 2698 253 2719 c.;
273 2698 340 2714 corr.
356 2689 386 2713 G.
463 2689 492 2715 k)
514 2690 695 2714 moderantem
712 2690 743 2714 G.
828 2690 845 2719 l)
869 2690 1016 2721 unitatique
1038 2690 1086 2713 ccl.
1105 2690 1242 2721 clegerunt
1261 2692 1383 2713 auctores
1404 2698 1424 2713 c.
1501 2688 1537 2713 m}
1559 2690 1594 2719 cf.
1612 2688 1658 2711 SS.
1675 2687 1723 2717 XI,

33 2736 60 2756 ⁵0
78 2742 104 2764 p.
126 2734 186 2763 575,
214 2734 260 2760 lin.
282 2735 329 2758 52:
356 2736 378 2759 si
404 2735 592 2760 exorbitaverit
617 2744 633 2760 a
659 2739 762 2767 patrum
790 2737 884 2760 itinere
911 2736 1066 2767 priscorum.
1151 2735 1180 2763 n]
1207 2735 1287 2764 coni.;
1314 2743 1418 2767 quoque
1439 2744 1460 2758 1·.
1538 2736 1565 2760 ὑ]
1592 2734 1630 2757 ila
1656 2733 1723 2756 coni.

84 2778 176 2809 Waitz,-
197 2782 426 2805 excommunicato
447 2790 468 2805 c.

1440 2829 1490 2852 438*

1748 893 1899 917 Ps.118,106.

1748 1664 1855 1687 1ac.3,2.

1811 1799 1838 1818 cf.

1747 1828 1795 1847 Ioh.
1805 1828 1838 1852 13,
1850 1829 1883 1847 18,
