2101 3072
53 716 79 736 1⁰

51 975 77 995 15

49 1234 76 1253 20

48 1492 75 1511 25

48 1751 74 1769 5⁰

47 2010 73 2029 ³5

46 2326 74 2345 40

47 2669 75 2690 ⁴5

436 149 619 176 GOFFRIDI
644 150 805 177 ABBATIS
832 152 1126 179 VINDOCINENSIS
1150 153 1336 180 LIBELLUS
1361 154 1411 181 lv.
1684 152 1743 182 6511

103 238 155 270 ubi
186 237 255 268 dari
286 236 418 276 debent,
453 244 484 269 et
514 237 666 280 quibus*,
699 244 731 270 et
762 240 890 281 quando
925 240 1057 282 debent,
1091 253 1110 272 a
1142 242 1202 273 Dei
1234 241 1298 273 filio
1331 242 1458 281 dantur,
1493 255 1549 284 per
1579 255 1745 275 consecra-

101 295 198 321 torem
231 288 380 320 videlicet
410 288 494 320 illius
526 290 662 320 actionis
696 291 893 330 ministrum,
928 293 1010 323 sicut
1043 293 1074 323 in
1110 295 1328 324 remissionem
1364 301 1568 336 peccatorum
1605 296 1744 337 Spiritus

101 347 229 372 sanctus
252 340 390 371 dabatur
414 352 471 382 per
495 341 636 372 Petrum.
685 341 776 373 Unde
802 342 890 373 Deus
915 348 1006 384 pater
1032 344 1072 374 ad
1097 344 1270 376 Iohannem
1301 345 1450 388 loquitur,
1479 347 1603 378 dicens:
1635 347 1744 388 Super

101 404 192 434 quem
215 393 338 423 videris
363 392 523 434 Spiritum
548 393 800 432 descendentem,
827 394 881 425 ille
905 400 949 424 est
971 396 1028 437 qni
1050 396 1201 437 baptizat.
1248 396 1386 435 Quando
1410 398 1508 429 dixit:
1532 398 1593 430 ‘ille
1616 405 1664 430 est
1688 399 1743 440 qui

101 442 287 486 baptizat³'‚
311 455 330 473 a
354 450 445 485 parte
461 449 562 474 totum
581 444 785 485 significavit.
831 446 910 476 Nam
930 446 990 476 Dei
1016 446 1122 477 tiliusb
1146 448 1296 479 universa
1313 454 1462 480 5111101110ο
1479 449 1653 482 aecclesiae
1671 461 1744 480 0011-

100 495 166 526 ficit
189 500 220 526 et
243 495 357 526 tribuit
380 501 591 526 sacramenta.
638 495 754 526 Laicus
784 503 903 537 autem,
933 498 1061 539 quando
1091 504 1203 528 contra
1229 498 1288 530 Dei
1312 500 1410 530 filium
1436 502 1483 532 sic
1509 503 1692 543 praesumit,
1718 503 1743 532 si

100 558 161 578 non
190 546 340 588 amplius,
371 557 434 577 non
459 546 564 577 minus
588 553 694 577 tamen
719 558 814 590 quam
842 548 962 590 Symon
988 560 1102 590 magus
1126 550 1286 588 intumuit,
1318 558 1349 582 et
1373 553 1440 593 ipse
1465 553 1658 592 intumescit,
1689 555 1742 595 qui

99 599 130 629 in
159 597 329 629 collatione
359 605 631 629 sacramentorum
657 610 690 629 se
715 599 776 629 Dei
803 599 867 630 filio
891 602 1068 642 anteponit.
1114 601 1156 632 Et
1180 603 1254 643 quia
1278 602 1348 633 Deo
1373 603 1433 634 Dei
1459 604 1522 634 filio
1554 616 1614 634 11011
1640 604 1741 635 50111111

99 651 148 681 sui
171 650 275 681 Patris
303 649 530 692 aequalitatem
563 650 691 681 demere
722 651 843 689 nititur,
878 651 932 682 sed
967 653 1108 693 seipsum
1141 653 1203 683 Dei
1233 653 1297 684 filio
1328 656 1523 696 superiorem
1557 667 1613 686 sua
1645 657 1744 698 impia

98 702 223 733 actione
246 702 429 742 significare
453 701 590 741 videtur,
621 709 707 733 recto
736 703 865 734 nomine
896 709 926 734 et
957 704 1026 745 ipse
1057 704 1226 745 hereticus,
1257 710 1286 736 et
1315 706 1382 737 eius
1412 707 1601 738 investitura
1623 707 1744 750 heresis

98 752 289 796 appellatur.

201 804 272 836 Non
283 805 342 825 ως*
366 805 406 835 sit
430 805 679 846 imperatoribus
696 811 727 836 et
743 805 875 847 regibus
892 805 1060 837 molestum
1079 807 1164 848 quod
1182 807 1329 847 dicimus,
1354 820 1411 839 nec
1429 810 1660 842 consuetudine
1681 811 1742 841 sibi

98 856 262 888 vindicare
291 857 432 888 nitantur
462 856 549 898 quod
579 857 624 887 eis
647 857 781 888 veritate
810 863 955 898 negatur.
1008 858 1089 889 Cum
1115 858 1205 889 laicis
1229 861 1323 891 etiam
1348 860 1505 901 religiosis
1529 861 1741 903 disponenda-

97 920 166 939 rum
190 907 416 940 aecclesiarum
442 908 492 939 vel
515 908 826 940 aecclesiasticarum
852 921 957 940 rerum
983 911 1085 940 omnis
1109 910 1244 942 facultas
1267 911 1308 942 ab
1332 913 1506 953 3110510115ι
1525 914 1742 954 prohibeatur,

97 960 301 991 manifestum
326 966 384 999 est,
407 960 493 1002 quod
519 961 566 991 eis
589 961 778 992 investitura
802 966 938 1002 negatur
957 962 997 992 ab
1014 962 1085 1002 ipsa
1101 963 1247 1001 veritate,
1272 975 1290 994 a
1307 963 1435 994 Christo
1452 964 1609 1003 videlicet,
1633 966 1685 1006 (1111
1711 966 1741 996 111

96 1012 249 1055 apostolis
276 1011 479 1054 loquebatur,
527 1012 622 1051 Quod
650 1018 756 1043 autem
781 1011 929 1044 Christus
958 1013 989 1043 in
1018 1013 1174 1054 apostolis
1203 1014 1326 1046 locutus
1355 1017 1405 1053 sit,
1434 1015 1552 1046 Paulus
1576 1016 1741 1058 apostolus

95 1064 210 1095 asserit
239 1063 367 1095 dicens:
399 1065 451 1096 An
475 1065 730 1105 experimentum
753 1066 823 1096 eius
846 1066 1017 1106 qnaeritis,
1047 1067 1105 1106 qui
1133 1067 1169 1096 in
1199 1078 1245 1097 me
1274 1067 1419 1108 loquitur
1445 1067 1614 1099 Christus?
1660 1068 1741 1099 Cum

95 1116 194 1157 igitur
217 1115 365 1147 Christus
389 1117 429 1146 sit
452 1116 580 1155 veritas,
611 1116 695 1146 sicut
723 1117 791 1157 ipse
819 1116 917 1146 dixit:
948 1117 1020 1157 Eyo
1049 1129 1119 1147 sum
1147 1119 1278 1157 veritas,
1310 1130 1369 1149 nec
1399 1130 1551 1160 unquam,
1582 1131 1642 1160 ego
1671 1131 1741 1150 sum

96 1167 305 1208 consuetudo,
328 1167 484 1199 dixerit‘:
508 1169 563 1209 qui
588 1167 782 1198 christianus
806 1175 854 1198 est
877 1167 1051 1208 Christum,
1075 1174 1106 1200 et
1129 1170 1183 1210 qui
1205 1181 1263 1200 rex
1287 1176 1344 1210 est,
1369 1181 1474 1211 regem
1492 1182 1613 1211 regum,
1637 1172 1739 1212 ipsam

95 1219 239 1250 scilicet⁰
274 1220 455 1258 veritatem,
490 1224 652 1261 sequatur,
687 1230 750 1250 non
785 1219 1062 1250 consuetudinem.
1118 1221 1157 1251 In
1191 1221 1438 1253 aecclesiasticis
1473 1224 1741 1264 possessionibus,

95 1271 244 1313 quamvis
278 1282 337 1302 nec
374 1272 405 1301 in
439 1270 565 1311 legibus
600 1282 658 1302 1100
688 1271 719 1302 in
750 1270 926 1302 canonibus
960 1271 1150 1313 inveniatur,
1185 1278 1293 1304 tamen
1328 1279 1458 1315 propter
1492 1274 1678 1305 scandalum
1711 1279 1742 1305 et

96 1324 214 1354 scisma
236 1322 404 1354 vitandum
435 1322 506 1354 talis
530 1323 660 1364 regibus
684 1323 873 1354 investitura
903 1322 1106 1361 concedatur,
1135 1330 1170 1355 ut
1193 1336 1252 1356 nec
1275 1326 1336 1366 ipsi
1360 1331 1491 1367 propter
1514 1325 1573 1356 hoc
1598 1333 1741 1368 pereant,

95 1386 153 1406 nec
169 1379 282 1406 sancta
297 1375 454 1406 aecclesia
470 1375 696 1406 detrimentum
715 1375 864 1416 patiatur.
904 1374 1128 1406 Investituram
1154 1387 1211 1417 per
1228 1378 1352 1417 virgam
1377 1383 1407 1408 et
1429 1376 1559 1407 anulum
1585 1378 1741 1419 accipere,

95 1427 155 1457 nisi
180 1437 198 1457 a
222 1426 302 1458 suos
327 1432 560 1466 consecratore,
593 1427 797 1456 manifestum
830 1432 878 1457 est
908 1438 977 1457 esse
1009 1426 1233 1468 dampnosum,
1266 1429 1340 1470 quia
1371 1428 1447 1459 nulli
1480 1428 1561 1460 laico
1593 1429 1667 1459 licet
1690 1429 1742 1460 illa

93 1478 268 1510 aecclesiae
292 1484 492 1509 sacramenta
515 1477 621 1517 (10.1·03,
645 1478 726 1509 sicut
750 1478 779 1508 01
803 1488 865 1508 11011
890 1477 963 1508 lieet
986 1479 1174 1520 episcopum
1200 1491 1397 1511 consecrare.
1443 1480 1505 1511 Res
1529 1481 1635 1521 etiam,
1659 1491 1741 1522 quae

95 1530 193 1562 semel
209 1529 385 1561 aecclesiae
401 1530 494 1561 datae
511 1535 594 1567 sunt,
618 1541 709 1571 reges
726 1530 840 1560 iterum
859 1541 911 1560 eas
930 1529 1006 1560 dare
1016 1535 1038 1569 ⁴,
1055 1530 1106 1561 vel
1122 1531 1161 1562 de
1178 1531 1256 1572 ipsis
1274 1532 1434 1570 investire,
1452 1539 1535 1563 11008
1552 1532 1668 1563 debent
1684 1543 1742 1563 nec

94 1583 323 1614 convenienter
345 1587 488 1624 possunt.
534 1581 639 1612 Namh
662 1581 757 1612 alicui
781 1581 857 1612 dare
882 1581 967 1622 quod
993 1581 1098 1621 habet,
1122 1586 1154 1613 et
1176 1582 1215 1614 de
1240 1583 1299 1614 hoc
1323 1584 1474 1614 investire
1497 1583 1636 1626 aliquem
1656 1584 1741 1626 quod

95 1633 146 1666 ille
169 1635 232 1665 iam
259 1639 354 1673 tenet,
377 1633 576 1675 superfluum
601 1639 651 1664 est
673 1638 705 1664 et
728 1644 860 1672 vanum3
884 1644 946 1663 non
970 1638 1076 1664 tamen
1101 1633 1228 1665 videtur
1251 1636 1470 1666 criminosum.
1514 1635 1588 1666 Alia
1611 1636 1738 1677 itaque*

94 1692 142 1718 est
164 1686 362 1723 investitura,
387 1696 469 1727 quae
494 1686 685 1726 episcopum
710 1685 846 1726 perficit,
870 1684 932 1715 alia
948 1696 1023 1715 vero
1042 1696 1124 1726 quae
1141 1686 1329 1727 episcopum
1347 1687 1461 1728 pascit.
1499 1686 1557 1717 Illa
1573 1699 1613 1718 ex
1631 1687 1740 1718 divino

94 1738 161 1769 iure
185 1737 330 1778 habetur,
360 1738 421 1768 ista
445 1749 485 1768 ex
510 1738 578 1768 iure
602 1737 752 1767 humano.
799 1737 959 1768 Subtrahe
990 1738 1038 1767 1115
1064 1736 1220 1776 divinum,
1251 1738 1459 1779 spiritualiter
1482 1740 1653 1780 episcopus
1678 1750 1739 1769 non

95 1795 230 1821 creatur.
277 1789 438 1821 Subtrahe
461 1790 510 1819 ius
534 1788 719 1827 humanum,
749 1789 968 1829 possessiones
996 1789 1124 1827 amittit,
1153 1790 1270 1831 quibus
1295 1790 1363 1830 ipse
1387 1790 1596 1831 corporaliter
1620 1797 1740 1822 susten-

94 1847 189 1873 tatur.
234 1840 306 1872 Non
334 1842 418 1872 enim
449 1841 670 1882 possessiones
700 1839 833 1870 haberet
862 1839 1028 1879 aecclesia,
1058 1841 1119 1870 nisi
1145 1840 1206 1871 sibi
1231 1851 1247 1870 a
1273 1841 1403 1881 regibus
1427 1842 1623 1873 donarentur
1646 1848 1677 1873 et
1699 1842 1740 1873 ab

93 1894 172 1934 ipsis
195 1904 258 1924 non
284 1892 412 1934 quidem
431 1891 549 1923 divinis
573 1892 790 1929 sacramentis,
815 1891 870 1922 sed
896 1892 1152 1933 possessionibus
1177 1894 1311 1923 terrenis
1335 1894 1552 1925 investiretur.
1598 1894 1649 1925 Ex
1673 1895 1741 1925 iure

95 1945 201 1976 divino
225 1945 355 1985 regibus
380 1944 509 1986 quidem
534 1949 566 1974 et
588 1943 840 1985 imperatoribus
864 1943 1084 1982 dominamurg
1114 1944 1192 1985 ipsis
1222 1950 1328 1975 tamen
1356 1956 1395 1975 ex
1420 1945 1532 1976 eodem
1557 1946 1636 1983 iure,
1666 1947 1740 1987 quia

95 1996 237 2028 Christik
261 1996 382 2027 domini
406 2000 494 2035 sunt,
526 1995 677 2026 honorem
708 1995 862 2026 debemus
886 2001 917 2026 et
940 1996 1166 2035 reverentiam,
1195 1996 1276 2028 sieut
1306 1996 1385 2027 dicit
1410 1996 1591 2038 apostolus:
1621 1998 1738 2039 Heyem

214 2110 240 2148 ³⁵²)
262 2111 387 2144 Sequitur
407 2108 438 2134 3¹³
458 2111 486 2135 in
507 2111 560 2135 Ioco
587 2119 648 2134 raso
670 2112 714 2139 (ex
734 2109 834 2134 Libello
855 2109 918 2134 VII.
938 2113 966 2133 ut
991 2109 1119 2141 videtur),
1145 2109 1262 2142 ἠἰῃνῐονε
1287 2115 1442 2141 atramento,
1468 2112 1514 2136 sed
1538 2112 1629 2136 eadem
1656 2121 1738 2136 manu

262 2162 376 2195 scripta:
404 2166 432 2189 et
463 2162 608 2197 quomodo
640 2161 757 2193 debent,
788 2169 840 2195 per
865 2161 1092 2187 consecrationis
1117 2161 1276 2187 ministrum
1301 2171 1317 2188 a
1340 2162 1394 2188 Dei
1418 2162 1477 2189 filio
1503 2163 1616 2196 dantur,
1641 2172 1657 2189 a
1681 2173 1737 2198 quo

265 2215 399 2241 univorsa
421 2214 493 2240 fiunt
516 2216 698 2240 sacramenta.
722 2216 751 2238 et
774 2221 790 2238 a
814 2221 870 2247 quo
894 2212 1070 2238 tribuuntur.
1115 2212 1199 2239 Unde
1224 2216 1269 2236 ecc.
1309 2212 1411 2237 Eadem
1431 2210 1486 2238 3b‘.

200 2264 242 2302 ssss)
266 2265 318 2290 Pro
343 2264 383 2290 his
409 2273 478 2297 quae
502 2268 648 2296 sequuntur
667 2272 749 2295 usqne
775 2263 811 2287 ad
828 2264 911 2295 finem
932 2263 1056 2295 leyumur
1077 2263 1103 2287 ῐή
1124 2263 1169 2287 3³:
1190 2264 1262 2290 Vale.
1293 2268 1321 2290 et
1349 2265 1508 2299 symoniam
1541 2268 1570 2291 et
1599 2265 1737 2291 laicorum

264 2317 463 2343 investituram
495 2316 571 2342 omni
602 2315 755 2342 occasione
778 2314 824 2340 vel
854 2314 985 2348 qualibet
1014 2314 1232 2349 dispensatione
1256 2316 1386 2350 seposita
1409 2316 1578 2351 impugnare
1602 2317 1737 2349 satagite.

206 2427 235 2459 a)
255 2428 370 2460 baptitat
389 2428 429 2452 3³.
504 2425 534 2456 b)
554 2429 589 2450 ut
609 2426 739 2450 dictum
760 2428 807 2449 est
827 2425 889 2449 aad.
912 2421 966 2448 ΒΨ.
1034 2425 1060 2451 c)
1081 2425 1151 2450 dees!
1172 2423 1227 2450 (ψ’.
1296 2426 1322 2457 (1)
1345 2425 1440 2450 abhinc
1460 2427 1575 2460 ni'yriore
1596 2431 1690 2452 atram.
1716 2429 1737 2452 1.

95 2475 121 2507 e)
143 2473 239 2499 abhinc
258 2474 356 2499 multae
376 2473 478 2498 litterae
497 2482 531 2497 m.
549 2473 558 2495 l
582 2471 619 2496 ita
639 2472 751 2496 detritae
771 2474 841 2501 sunt,
861 2475 889 2495 ut
909 2470 958 2503 Ieyi
978 2479 1030 2495 uon
1047 2472 1158 2503 possint.
1219 2472 1241 2501 f)
1262 2481 1329 2498 corr.
1349 2481 1380 2497 ea·
1401 2481 1475 2498 cons.
1496 2482 1554 2504 suo,
1574 2473 1666 2498 litteris
1687 2474 1701 2498 b
1723 2482 1738 2497 a

95 2519 285 2553 suprascriptis
305 2517 359 2545 3*st
452 2520 482 2551 g)
504 2527 552 2543 nec
573 2518 672 2543 debent
691 2517 745 2542 des.
767 2514 822 2542 3b‘.
916 2517 942 2548 h)
965 2518 1032 2541 Nam
1053 2526 1069 2541 a
1089 2518 1158 2542 oblit.
1182 2519 1204 2547 1,
1226 2518 1271 2542 ubi
1290 2519 1352 2543 licui
1372 2519 1419 2544 illo
1442 2520 1512 2545 dare.
1607 2521 1628 2550 i)
1648 2520 1737 2552 utique

95 2567 132 2590 3³.
156 2563 196 2592 31).
218 2564 272 2591 311‘.
348 2565 379 2597 k)
399 2565 470 2590 deest
493 2567 516 2590 1.

204 2664 232 2698 1)
255 2665 335 2691 Haec
355 2673 388 2690 ez·
409 2663 500 2698 Epist.
518 2663 558 2689 II.
579 2662 717 2696 Stephani
738 2662 762 2688 I.
783 2670 877 2696 papae
898 2671 921 2687 c.
941 2662 988 2693 1⁴2,
1013 2662 1165 2688 Ilinschz‘us
1184 2671 1215 2696 p.
1235 2663 1304 2688 186.
1371 2664 1400 2697 2)
1425 2663 1468 2696 Cf.
1494 2664 1637 2697 Gotefridz'
1659 2665 1737 2698 epist.

95 2717 114 2743 l.
130 2716 171 2749 II,
193 2716 240 2743 19.
264 2716 302 2742 ad
319 2716 429 2742 Inonem
454 2714 541 2749 (opp.
559 2714 601 2740 ed.
619 2713 752 2739 Sirmond
778 2713 866 2745 1610,
888 2723 918 2747 p.
935 2713 1003 2746 TU:
1028 2716 1055 2738 et
1080 2722 1142 2739 011111
1159 2713 1288 2740 Christus
1313 2714 1431 2741 dixerit:
1455 2715 1515 2749 Ego
1540 2724 1600 2740 sum
1621 2715 1736 2745 veritasv

95 2775 149 2793 nec
173 2766 289 2793 dixerit:
312 2767 373 2801 Ego
398 2775 458 2792 sum
484 2765 672 2792 consuetudo.
804 2765 833 2798 3)
859 2763 902 2797 Cs.
926 2773 1014 2798 supra
1033 2774 1065 2799 p.
1084 2765 1153 2791 685.
1284 2766 1312 2799 4)
1337 2766 1416 2796 Quod
1444 2767 1523 2793 Wido
1547 2767 1738 2793 Ferrariensis

97 2822 222 2853 oportere
244 2818 365 2851 dixerat,
390 2818 492 2844 Libelli
515 2818 538 2850 I,
561 2827 590 2851 p.
608 2817 677 2844 564.
700 2816 769 2842 565.

1454 2873 1505 2896 87*

1764 357 1812 377 Iob.
1825 359 1842 379 1,
1853 357 1886 376 83.

1764 1081 1911 1102 2.Cor.13‚3.

1762 1132 1886 1155 1(111.Ι4,5.

1760 2012 1778 2030 l.
1788 2012 1908 2035 Petu-,ziz
