2132 3067
195 859 200 866 .
209 846 347 869 ίνὶ-ἶῑ,33,12.

301 1053 350 1080 (10)

320 1747 354 1774 (¹)

365 178 423 209 156
765 177 919 204 LIBELLI
943 175 1141 203 BERNALDI
1164 174 1400 202 PRESBYTERI
1422 174 1608 202 MONACHI.

364 281 448 300 mors
473 268 542 299 illos
566 268 599 298 in
622 268 694 309 ipsa
716 266 852 297 infantia
874 265 1153 307 preoccupaverit,
1177 264 1292 294 mirum
1317 268 1375 303 est,
1398 264 1425 294 si
1449 264 1626 295 necessitas
1646 263 1758 294 mortis
1781 274 1836 295 eos
1858 263 1899 295 de
1920 263 2016 306 culpa

363 320 563 362 ignorantiae
587 329 650 350 non
674 318 791 360 poterit
814 327 981 357 excusare,
1013 327 1096 358 quae
1126 320 1157 347 et
1187 316 1324 346 maiores
1354 319 1431 346 natu
1461 315 1501 346 de
1531 314 1627 357 culpa
1657 314 1834 346 industriae
1861 326 2015 346 excusare

363 371 540 412 consuevit,
564 371 648 401 sicut
671 369 783 401 beatus
807 368 1011 410 Augustinus
1034 378 1132 409 supra
1155 367 1398 398 demonstravit.
1445 367 1499 398 Sic
1531 365 1622 397 multi
1651 367 1820 408 sepissime
1843 366 1883 398 de
1907 365 2015 398 multis

363 421 644 454 observationibus
667 432 726 463 pro
750 421 942 452 necessitate
965 419 1078 450 mortis
1101 424 1307 458 excusantur,
1331 428 1412 459 quos
1430 423 1547 457 tamen,
1571 418 1597 448 si
1622 418 1873 460 supervixerint,
1896 417 2016 449 aeccle-

363 475 493 506 siastico
518 484 606 504 more
630 473 744 504 merito
768 471 951 514 persolvere
974 470 1134 504 iubentur.
1174 470 1228 502 Sic
1251 470 1372 512 quippe
1395 470 1596 511 poenitentes
1619 476 1693 501 ante
1717 474 1882 511 peractam
1908 470 2016 512 poeni-

363 526 496 557 tentiam
515 535 572 568 pro
590 523 732 566 periculo
750 524 862 554 mortis
878 533 1092 564 sepenumero
1110 522 1331 553 communioni
1347 521 1520 560 sociantur,
1545 521 1599 563 qui
1624 527 1730 552 tamen
1753 521 1844 552 iuxta
1859 520 2016 552 Nicenum

365 576 569 616 eonciliu1n1,
598 577 624 607 si
648 575 898 617 supervixerint,
923 574 1065 615 legitimo
1090 574 1202 605 ordine
1225 574 1456 615 poenitentiam
1480 584 1638 614 peragere
1661 572 1822 604 iubentur.
1867 571 1936 604 Nec
1959 571 2020 604 hoc

364 630 475 671 utique
503 629 608 659 sancti
637 632 743 669 patres
774 627 819 658 ita
848 627 978 657 iussisse
1011 625 1162 658 credendi
1185 631 1268 666 sunt,
1301 625 1391 667 quasi
1424 625 1552 666 penitus
1582 624 1621 655 de
1649 623 1752 656 salute
1782 624 2016 666 poenitentium

364 680 586 722 desperarent,
610 679 735 710 etiamsi
759 684 833 709 ante
857 683 1021 720 peractam
1040 677 1267 719 poenitentiam
1289 676 1514 707 communione
1531 675 1639 706 donati
1657 674 1793 707 obirent.
1830 674 1913 706 Nam
1929 675 2021 706 iuxta

366 738 512 764 sanctum
529 732 692 763 Leonem¹
717 740 851 772 papam:
875 730 1020 761 Diuinae
1041 731 1160 770 pietati
1175 740 1360 760 mensuram
1375 739 1498 769 ponere
1514 739 1571 758 nec
1585 738 1761 769 possumus
1777 739 1834 758 nec
1850 727 2018 766 debemus;

366 795 439 815 cum
462 790 493 815 et
516 783 597 815 latro
621 783 652 812 in
677 792 773 813 cruce
796 781 990 823 poenituerit
1012 786 1044 812 et
1067 780 1106 812 tle
1129 791 1223 811 cruce
1244 781 1350 811 statim
1373 780 1413 810 ad
1442 778 1629 821 paradisum
1646 779 1818 810 transierit.
1853 778 2018 820 Scriptum

366 840 415 867 est
438 836 538 866 enim:
568 835 607 865 In
636 844 831 876 quacunque
863 833 916 863 die
938 837 1095 873 peccator
1118 843 1293 863 conversus
1316 831 1520 873 ingemuerit,
1543 830 1655 862 salvus
1678 832 1748 861 erit.
1787 829 1842 860 Sic
1861 840 1937 871 ergo
1961 839 2021 860 nec

368 899 425 919 nos
458 887 497 918 de
529 885 672 928 parvulis
703 886 735 915 in
767 884 890 916 heresi³
915 883 1086 925 baptizatis
1109 883 1281 924 desperare
1306 882 1471 921 debemus,
1502 883 1529 913 si
1559 892 1644 912 mors
1667 892 1722 913 eos
1746 881 2021 923 preoccupaverit,

367 944 539 980 antequam
564 937 604 968 ad
636 936 811 978 legitimam
843 947 956 967 manus
987 935 1190 977 inpositionis
1218 933 1510 966 reconciliationem
1542 934 1763 975 pervenerint:
1795 943 1890 975 quam
1913 937 2020 964 tamen

369 989 475 1021 nullus
498 990 529 1020 iu
554 989 676 1020 lieresi⁸
701 987 883 1029 baptizatus
905 987 1068 1028 negligere
1092 985 1234 1024 debebit,
1258 987 1284 1016 si
1308 985 1487 1017 necessitas
1512 986 1623 1016 mortis
1647 995 1710 1015 non
1734 984 1915 1026 inpedierit.

478 1041 568 1072 Ilaec
599 1051 675 1082 ergo
705 1050 765 1081 ego
795 1044 901 1070 vester
930 1038 1029 1070 cliens
1053 1044 1178 1069 vestrae
1207 1038 1393 1079 paternitati
1416 1036 1626 1068 libentissime
1651 1035 1805 1067 obediens
1829 1036 1971 1067 breviter
1993 1040 2023 1066 et

371 1093 507 1125 fideliter
536 1097 648 1124 notare
672 1091 834 1131 festinavi,
864 1101 946 1132 quae
969 1089 1061 1120 nobis
1085 1090 1116 1120 in
1140 1089 1247 1120 futura
1271 1088 1394 1131 synodo
1418 1089 1602 1120 necessaria
1625 1098 1688 1118 non
1712 1086 1890 1118 dubitavib.
1931 1086 2022 1118 Deus

371 1150 478 1176 autem
504 1144 592 1186 pacis
615 1148 647 1174 et
670 1142 775 1174 solatii
797 1143 856 1173 iter
872 1147 1012 1172 vestrum
1034 1141 1064 1171 in
1087 1151 1145 1171 sua
1167 1141 1378 1182 prosperitate
1395 1139 1547 1181 disponat
1570 1145 1774 1181 vestramque
1791 1138 2023 1170 beatitudinem

371 1207 500 1238 semper
522 1195 715 1226 incolumem
740 1193 834 1225 nobis
857 1193 919 1224 cito
943 1192 1096 1223 reducere
1121 1191 1281 1233 dignetur,
1306 1192 1446 1223 Domine
1471 1197 1561 1232 pater
1583 1190 1838 1221 amantissimae!

1020 1438 1268 1474 LIBELLUS
1296 1438 1380 1473 XV.

458 1511 535 1550 DE
571 1509 853 1551 STATUTIS
886 1507 1356 1550 ECCLESIASTIOES
1389 1507 1592 1549 SOBRIE
1625 1505 1933 1547 LEGENDIS.

481 1594 568 1624 Huic
591 1593 696 1624 libello
719 1593 822 1624 simile
846 1597 1072 1634 aryumentum
1099 1593 1194 1622 etiam
1218 1593 1252 1622 in
1277 1591 1357 1623 libro
1381 1591 1418 1622 X.
1440 1596 1611 1621 tractatur.
1653 1590 1779 1626 Quaeri
1796 1591 1899 1631 iyitur
1911 1593 2025 1631 potest,

374 1645 491 1687 ecquid
514 1645 705 1676 Boi-ualdus
729 1649 755 1675 et
778 1645 815 1675 in
840 1644 897 1675 hoc
921 1644 1139 1675 Hincmarztm
1163 1643 1364 1684 spoliaverit.

482 1738 620 1769 Omniad
637 1738 767 1769 decreta
783 1742 967 1768 sanctorum
986 1736 1202 1767 Romanorum
1220 1737 1410 1777 pontificum
1433 1735 1519 1766 omni
1541 1735 1723 1766 reverentia
1740 1738 1815 1765 sunt
1829 1731 2027 1775 recipienda,

376 1800 512 1831 quorum
542 1790 717 1820 auctoritas
741 1790 836 1820 etiam
862 1789 933 1830 ipsa
955 1787 1119 1830 generalia
1143 1788 1278 1818 eoncilia
1306 1789 1518 1826 canonizavit,
1548 1798 1630 1829 quae
1654 1786 1768 1817 beatus
1793 1785 1971 1826 Gregorius
1995 1785 2025 1814 in

376 1841 552 1883 synodica³
583 1852 641 1872 sua
672 1845 703 1872 et
736 1839 914 1882 euangeliis
948 1845 1123 1882 comparat,
1158 1845 1189 1870 et
1217 1850 1330 1871 omncs
1361 1839 1402 1870 ab
1433 1840 1479 1870 eis
1509 1838 1736 1869 dissentientes
1770 1836 2026 1869 anathematizat.

377 1894 514 1924 Sanctus
546 1903 675 1934 quoque
707 1892 869 1923 Adrianus
899 1897 1005 1933 papa*
1034 1897 1066 1922 et
1088 1902 1181 1933 reges
1204 1891 1464 1931 anathematizat,
1488 1891 1542 1932 qui
1567 1890 1654 1921 sedis
1677 1888 1874 1931 apostolicae
1899 1887 2029 1919 decreta

377 1944 497 1976 violare
528 1955 590 1974 non
621 1944 804 1975 formidant.
859 1944 932 1985 [psa
960 1954 1036 1974 vero
1065 1942 1196 1974 decreta
1226 1943 1370 1974 sobrium
1410 1942 1560 1973 lectorem
1599 1947 1630 1972 et
1664 1940 2026 1982 circumspectissimum

377 1995 604 2027 intellectorem
633 1997 810 2038 requirunt,
841 1996 895 2037 qui
927 1995 1086 2037 patienter
1116 1995 1198 2026 ferre
1229 1996 1319 2033 sciat,
1349 1994 1474 2025 etiamsi
1505 2004 1569 2024 non
1599 1993 1706 2023 onmia
1739 1993 1771 2023 in
1806 1991 1909 2033 primo
1939 1989 2028 2022 aditu

378 2047 514 2089 pleniter
536 2047 703 2088 intelligat.
741 2047 823 2078 Nam
842 2047 942 2078 multa
958 2047 990 2077 in
1006 2048 1051 2078 eis
1068 2046 1196 2077 diversa
1212 2047 1426 2088 reperiuntur,
1452 2056 1534 2087 quae
1551 2045 1677 2076 veritati
1693 2053 1897 2086 nequaquam
1915 2052 2029 2084 repug-

378 2100 488 2130 nantia
511 2099 696 2140 deputanda
720 2105 803 2138 sunt,
826 2099 852 2129 si
877 2104 1097 2140 competenter
1120 2097 1350 2139 intelligantur.

485 2150 550 2182 Sed
581 2150 620 2181 ad
651 2150 710 2181 hoc
740 2150 974 2181 dinoscendum
1007 2161 1068 2181 non
1099 2150 1202 2181 solum
1232 2149 1458 2191 excerptiones
1487 2148 1688 2179 decretorum
1713 2147 1862 2178 sufficere
1886 2152 2030 2188 possunt,

379 2203 476 2233 immo
501 2203 643 2243 integrae
666 2213 777 2232 eorum
801 2202 1072 2233 considerationes
1095 2202 1248 2233 studiosis
1271 2202 1326 2231 vix
1350 2201 1428 2232 satis
1443 2200 1618 2239 sufficiunt,
1641 2204 1676 2230 ut
1692 2198 1902 2230 consideratis
1917 2207 2027 2228 eorum

379 2253 592 2294 originalibus
615 2253 719 2283 causis
742 2264 761 2283 a
784 2253 927 2295 quolibet
949 2253 1086 2295 pleniter
1108 2253 1306 2292 dinoscatur,
1329 2251 1407 2294 quid
1425 2262 1533 2283 eorum
1551 2250 1752 2292 generaliter,
1777 2248 1879 2294 [quid]
1903 2248 2030 2291 dispen-

380 2305 497 2336 satoric
528 2305 702 2336 tenendum
734 2316 804 2335 esse
835 2305 992 2336 videatur.
1042 2304 1140 2336 Verbi
1169 2305 1288 2345 gratia:
1322 2303 1358 2334 In
1384 2302 1588 2345 generalibus
1617 2302 1746 2333 statutis
1777 2301 1928 2343 coniugia
1956 2311 2030 2332 con-

380 2356 631 2396 sanguineorum
662 2357 864 2397 apertissime
892 2355 1112 2397 prohibentur,
1143 2367 1224 2397 quae
1252 2360 1359 2386 tamen
1382 2360 1512 2385 sanctus
1536 2354 1737 2395 Gregorius⁵
1760 2363 1847 2395 papa
1869 2351 2030 2393 neophitis

382 2407 560 2449 Aug-lorum
584 2407 818 2449 dispensatorie
835 2407 952 2449 legitur
972 2407 1185 2446 concessissc;
1209 2407 1269 2437 hoc
1293 2407 1377 2437 enim
1401 2406 1490 2447 ipse⁶
1513 2411 1649 2437 testatur
1664 2404 1810 2436 scribens
1829 2403 1871 2435 ad
1887 2402 2029 2435 Felicem

495 2504 520 2530 a)
548 2504 641 2535 herosy
667 2504 691 2528 9.
792 2504 821 2528 Β)
846 2504 937 2528 eadem
961 2511 1044 2527 manu
1068 2512 1136 2528 saec.
1157 2502 1242 2533 XIII,
1266 2511 1320 2534 qua
1343 2507 1411 2527 totus
1434 2502 1516 2527 codex
1540 2502 1554 2525 9
1578 2501 1692 2533 scriptus
1717 2504 1763 2531 ese,
1786 2498 1828 2524 ln'e
1850 2498 1945 2524 addita
1967 2501 2031 2522 nunt

383 2549 478 2575 cerba:
493 2554 519 2574 ct
534 2550 586 2573 aliu
600 2558 689 2579 manu,
705 2558 772 2582 quae
787 2550 897 2574 forsitan
913 2550 981 2573 male
996 2550 1083 2581 posita
1098 2550 1185 2581 potius
1201 2549 1234 2573 ad
1250 2549 1394 2581 capitulum
1409 2556 1522 2581 sequens
1533 2547 1674 2579 Augustini
1688 2549 1819 2579 spectant.
1877 2545 1902 2576 c)
1912 2544 2032 2577 sequitur

383 2597 473 2622 eadem
500 2605 583 2621 manu
609 2596 735 2627 scriplum
761 2596 905 2627 capitulum
925 2596 973 2620 sub
993 2595 1068 2619 titulo
1089 2595 1234 2627 Auyuxfiui
1254 2595 1285 2619 dc
1306 2595 1415 2625 clericis,
1440 2594 1485 2626 qui
1503 2593 1641 2626 stipendiis
1658 2592 1712 2617 sui-3
1732 2600 1785 2617 non
1806 2590 1921 2616 contenti
1940 2589 2031 2615 aliena

385 2646 522 2674 appetunt.
623 2643 651 2666 d)
676 2642 841 2674 praecedunt
869 2642 937 2666 lineo
963 2641 1094 2673 superiori
1123 2642 1136 2665 7
1164 2641 1284 2673 virqulae
1309 2641 1388 2665 minio
1413 2640 1535 2673 scriptae,
1561 2648 1629 2672 quae
1655 2637 1765 2671 speciem
1790 2637 1856 2662 iullu
1882 2635 1978 2662 habent
2004 2636 2029 2660 9.

495 2732 522 2763 1)
547 2732 576 2758 C.
598 2732 643 2757 13.
753 2732 782 2755 25
807 2731 860 2763 ἰὴ),
883 2731 947 2762 108,
972 2740 994 2756 c.
1014 2730 1039 2761 4,
1065 2731 1107 2756 ed.
1134 2730 1240 2756 Baller.
1264 2734 1282 2757 t.
1301 2730 1324 2762 J,
1349 2730 1400 2756 col.
1422 2729 1519 2762 1175‚·
1542 2728 1578 2761 cs.
1603 2736 1691 2761 supra
1710 2736 1741 2761 p.
1761 2726 1830 2752 115.
1941 2724 1971 2758 3)
1999 2723 2030 2750 V.

384 2793 471 2818 supra
492 2793 522 2818 p.
543 2783 592 2809 61.
694 2782 723 2812 4)
748 2782 820 2807 Ibid.
841 2791 871 2815 p.
891 2781 939 2807 97.
1042 2782 1071 2813 5)
1095 2781 1156 2806 Lib.
1176 2780 1228 2813 XI,
1254 2790 1295 2814 cp.
1315 2781 1363 2813 64,
1390 2779 1459 2814 (φρ.
1483 2783 1502 2806 t.
1521 2780 1560 2811 Il,
1587 2779 1638 2806 col.
1659 2778 1754 2812 1154;
1775 2777 1854 2810 Jaffe'
1876 2785 1920 2802 nr.
1940 2774 2030 2802 1843.

386 2836 415 2869 G)
441 2835 494 2868 131».
518 2844 605 2868 spur.y
631 2833 783 2859 Ilinschiue
804 2842 832 2867 p.
852 2833 921 2859 7⁴9.

2041 735 2066 754 10

2043 992 2068 1011 15

2043 1447 2071 1467 2⁰

2047 1795 2074 1814 2⁵

2045 2051 2072 2071 30

2050 2307 2078 2328 ³5

2049 2591 2077 2611 w
