<?xml version="1.0" encoding="UTF-8"?>
<!DOCTYPE html PUBLIC "-//W3C//DTD XHTML 1.0 Transitional//EN"
    "http://www.w3.org/TR/xhtml1/DTD/xhtml1-transitional.dtd">
<html xmlns="http://www.w3.org/1999/xhtml" xml:lang="en" lang="en">
 <head>
  <title>
</title>
<meta http-equiv="Content-Type" content="text/html;charset=utf-8" />
  <meta name='ocr-system' content='tesseract 3.04.00' />
  <meta name='ocr-capabilities' content='ocr_page ocr_carea ocr_par ocr_line ocrx_word'/>
</head>
<body>
  <div class='ocr_page' id='page_1' title='image "./monumenta02geseuoft_0234.png"; bbox 0 0 2132 3067; ppageno 0'>
   <div class='ocr_carea' id='block_1_1' title="bbox 193 763 340 813">
    <p class='ocr_par' dir='ltr' id='par_1_1' title="bbox 193 763 340 813">
     <span class='ocr_line' id='line_1_1' title="bbox 266 763 340 787; baseline 0.014 -6"><span class='ocrx_word' id='word_1_1' title='bbox 266 763 298 787; x_wconf 83' lang='lat' dir='ltr'>‘p.</span> <span class='ocrx_word' id='word_1_2' title='bbox 306 764 340 783; x_wconf 65' lang='lat'>551.</span> 
     </span>
     <span class='ocr_line' id='line_1_2' title="bbox 193 794 340 813; baseline -0.007 -1"><span class='ocrx_word' id='word_1_3' title='bbox 193 794 255 813; x_wconf 68' lang='lat' dir='ltr'>nom.</span> <span class='ocrx_word' id='word_1_4' title='bbox 265 794 297 812; x_wconf 70' lang='lat'>1¹2.</span> <span class='ocrx_word' id='word_1_5' title='bbox 307 794 340 812; x_wconf 81' lang='lat'>18.</span> 
     </span>
    </p>
   </div>
   <div class='ocr_carea' id='block_1_2' title="bbox 192 938 341 959">
    <p class='ocr_par' dir='ltr' id='par_1_2' title="bbox 192 938 341 959">
     <span class='ocr_line' id='line_1_3' title="bbox 192 938 341 959; baseline 0.02 -4"><span class='ocrx_word' id='word_1_6' title='bbox 192 938 341 959; x_wconf 59' lang='lat' dir='ltr'>‹-f.(=en.1,2(t.</span> 
     </span>
    </p>
   </div>
   <div class='ocr_carea' id='block_1_3' title="bbox 193 1192 344 1267">
    <p class='ocr_par' dir='ltr' id='par_1_3' title="bbox 193 1192 344 1267">
     <span class='ocr_line' id='line_1_4' title="bbox 193 1192 344 1213; baseline 0 -1"><span class='ocrx_word' id='word_1_7' title='bbox 193 1193 270 1212; x_wconf 74' lang='lat' dir='ltr'>Matth.</span> <span class='ocrx_word' id='word_1_8' title='bbox 281 1192 344 1213; x_wconf 66' lang='lat' dir='ltr'>h.=¹4.</span> 
     </span>
     <span class='ocr_line' id='line_1_5' title="bbox 234 1245 341 1267; baseline 0 -3"><span class='ocrx_word' id='word_1_9' title='bbox 234 1245 263 1264; x_wconf 71' lang='lat' dir='ltr'>il».</span> <span class='ocrx_word' id='word_1_10' title='bbox 275 1245 296 1267; x_wconf 73' lang='grc'>5,</span> <span class='ocrx_word' id='word_1_11' title='bbox 306 1245 341 1264; x_wconf 64' lang='lat'>45.</span> 
     </span>
    </p>
   </div>
   <div class='ocr_carea' id='block_1_4' title="bbox 211 1450 344 1472">
    <p class='ocr_par' dir='ltr' id='par_1_4' title="bbox 211 1450 344 1472">
     <span class='ocr_line' id='line_1_6' title="bbox 211 1450 344 1472; baseline 0.015 -4"><span class='ocrx_word' id='word_1_12' title='bbox 211 1450 268 1469; x_wconf 74' lang='lat' dir='ltr'>Gon.</span> <span class='ocrx_word' id='word_1_13' title='bbox 282 1452 300 1472; x_wconf 73' lang='grc'>1,</span> <span class='ocrx_word' id='word_1_14' title='bbox 310 1451 344 1471; x_wconf 77' lang='grc'>26.</span> 
     </span>
    </p>
   </div>
   <div class='ocr_carea' id='block_1_5' title="bbox 285 1861 348 1880">
    <p class='ocr_par' dir='ltr' id='par_1_5' title="bbox 285 1861 348 1880">
     <span class='ocr_line' id='line_1_7' title="bbox 285 1861 348 1880; baseline 0.016 -1"><span class='ocrx_word' id='word_1_15' title='bbox 285 1861 348 1880; x_wconf 85' lang='grc'>1077.</span> 
     </span>
    </p>
   </div>
   <div class='ocr_carea' id='block_1_6' title="bbox 199 2172 347 2191">
    <p class='ocr_par' dir='ltr' id='par_1_6' title="bbox 199 2172 347 2191">
     <span class='ocr_line' id='line_1_8' title="bbox 199 2172 347 2191; baseline 0 0"><span class='ocrx_word' id='word_1_16' title='bbox 199 2172 347 2191; x_wconf 43' lang='lat' dir='ltr'>lucianum.</span> 
     </span>
    </p>
   </div>
   <div class='ocr_carea' id='block_1_7' title="bbox 360 161 1581 192">
    <p class='ocr_par' dir='ltr' id='par_1_7' title="bbox 360 161 1581 192">
     <span class='ocr_line' id='line_1_9' title="bbox 360 161 1581 192; baseline -0.004 0"><span class='ocrx_word' id='word_1_17' title='bbox 360 162 423 192; x_wconf 75' lang='lat'>‘220</span> <span class='ocrx_word' id='word_1_18' title='bbox 790 163 840 189; x_wconf 91' lang='lat' dir='ltr'>DE</span> <span class='ocrx_word' id='word_1_19' title='bbox 863 161 1033 189; x_wconf 81' lang='lat' dir='ltr'>UNITATE</span> <span class='ocrx_word' id='word_1_20' title='bbox 1057 161 1264 189; x_wconf 84' lang='lat' dir='ltr'>ECCLESIAE</span> <span class='ocrx_word' id='word_1_21' title='bbox 1287 161 1581 190; x_wconf 84' lang='lat' dir='ltr'>CONSERVANDA.</span> 
     </span>
    </p>
   </div>
   <div class='ocr_carea' id='block_1_8' title="bbox 359 250 2014 2256">
    <p class='ocr_par' dir='ltr' id='par_1_8' title="bbox 359 250 2012 1523">
     <span class='ocr_line' id='line_1_10' title="bbox 361 250 2006 293; baseline -0.002 -8"><span class='ocrx_word' id='word_1_22' title='bbox 361 256 438 285; x_wconf 79' lang='lat' dir='ltr'>cius,</span> <span class='ocrx_word' id='word_1_23' title='bbox 485 253 548 284; x_wconf 70' lang='lat' dir='ltr'>Sed</span> <span class='ocrx_word' id='word_1_24' title='bbox 575 252 767 283; x_wconf 86' lang='lat' dir='ltr'>Hildebrant</span> <span class='ocrx_word' id='word_1_25' title='bbox 797 257 828 282; x_wconf 88' lang='lat' dir='ltr'>et</span> <span class='ocrx_word' id='word_1_26' title='bbox 858 252 1003 293; x_wconf 83' lang='lat' dir='ltr'>episcopi</span> <span class='ocrx_word' id='word_1_27' title='bbox 1033 252 1102 282; x_wconf 84' lang='lat' dir='ltr'>eius</span> <span class='ocrx_word' id='word_1_28' title='bbox 1128 251 1220 282; x_wconf 85' lang='lat' dir='ltr'>factis</span> <span class='ocrx_word' id='word_1_29' title='bbox 1250 251 1378 293; x_wconf 90' lang='lat' dir='ltr'>quidem</span> <span class='ocrx_word' id='word_1_30' title='bbox 1409 257 1526 292; x_wconf 85' lang='lat' dir='ltr'>negant</span> <span class='ocrx_word' id='word_1_31' title='bbox 1555 255 1734 282; x_wconf 84' lang='lat' dir='ltr'>creaturam</span> <span class='ocrx_word' id='word_1_32' title='bbox 1760 250 1822 281; x_wconf 90' lang='lat' dir='ltr'>Dei</span> <span class='ocrx_word' id='word_1_33' title='bbox 1847 250 2006 282; x_wconf 83' lang='lat' dir='ltr'>hominem</span> 
     </span>
     <span class='ocr_line' id='line_1_11' title="bbox 361 303 2007 345; baseline -0.002 -10"><span class='ocrx_word' id='word_1_34' title='bbox 361 306 476 336; x_wconf 80' lang='lat' dir='ltr'>bonam</span> <span class='ocrx_word' id='word_1_35' title='bbox 503 316 584 341; x_wconf 78' lang='lat' dir='ltr'>csse,</span> <span class='ocrx_word' id='word_1_36' title='bbox 609 314 702 345; x_wconf 83' lang='lat' dir='ltr'>quem</span> <span class='ocrx_word' id='word_1_37' title='bbox 726 303 849 333; x_wconf 86' lang='lat' dir='ltr'>scilicet</span> <span class='ocrx_word' id='word_1_38' title='bbox 872 303 1033 334; x_wconf 89' lang='lat' dir='ltr'>hominem</span> <span class='ocrx_word' id='word_1_39' title='bbox 1057 304 1089 334; x_wconf 89' lang='lat' dir='ltr'>in</span> <span class='ocrx_word' id='word_1_40' title='bbox 1114 308 1238 334; x_wconf 85' lang='lat' dir='ltr'>tantum</span> <span class='ocrx_word' id='word_1_41' title='bbox 1264 303 1447 344; x_wconf 85' lang='lat' dir='ltr'>despiciunt</span> <span class='ocrx_word' id='word_1_42' title='bbox 1470 303 1501 333; x_wconf 91' lang='lat' dir='ltr'>in</span> <span class='ocrx_word' id='word_1_43' title='bbox 1527 313 1614 343; x_wconf 81' lang='lat' dir='ltr'>rege,</span> <span class='ocrx_word' id='word_1_44' title='bbox 1645 308 1679 333; x_wconf 89' lang='lat' dir='ltr'>ut</span> <span class='ocrx_word' id='word_1_45' title='bbox 1704 303 1909 344; x_wconf 75' lang='lat' dir='ltr'>episcopatus</span> <span class='ocrx_word' id='word_1_46' title='bbox 1933 313 2007 333; x_wconf 87' lang='lat' dir='ltr'>suos</span> 
     </span>
     <span class='ocr_line' id='line_1_12' title="bbox 361 353 2006 398; baseline -0.001 -11"><span class='ocrx_word' id='word_1_47' title='bbox 361 357 574 398; x_wconf 77' lang='lat' dir='ltr'>relinquentes</span> <span class='ocrx_word' id='word_1_48' title='bbox 614 360 645 385; x_wconf 87' lang='lat' dir='ltr'>et</span> <span class='ocrx_word' id='word_1_49' title='bbox 686 365 795 385; x_wconf 84' lang='lat' dir='ltr'>curam</span> <span class='ocrx_word' id='word_1_50' title='bbox 834 355 1010 386; x_wconf 84' lang='lat' dir='ltr'>animarum</span> <span class='ocrx_word' id='word_1_51' title='bbox 1049 355 1110 386; x_wconf 85' lang='lat' dir='ltr'>sibi</span> <span class='ocrx_word' id='word_1_52' title='bbox 1145 354 1339 385; x_wconf 89' lang='lat' dir='ltr'>creditarum</span> <span class='ocrx_word' id='word_1_53' title='bbox 1375 353 1575 395; x_wconf 82' lang='lat' dir='ltr'>negligentes</span> <span class='ocrx_word' id='word_1_54' title='bbox 1615 353 1740 396; x_wconf 85' lang='lat' dir='ltr'>fugiant</span> <span class='ocrx_word' id='word_1_55' title='bbox 1775 365 1848 384; x_wconf 91' lang='lat' dir='ltr'>eum</span> <span class='ocrx_word' id='word_1_56' title='bbox 1887 353 2006 392; x_wconf 79' lang='lat' dir='ltr'>videre,</span> 
     </span>
     <span class='ocr_line' id='line_1_13' title="bbox 361 404 2009 448; baseline -0.001 -10"><span class='ocrx_word' id='word_1_57' title='bbox 361 419 432 438; x_wconf 89' lang='lat' dir='ltr'>cum</span> <span class='ocrx_word' id='word_1_58' title='bbox 462 419 539 438; x_wconf 85' lang='lat' dir='ltr'>vera</span> <span class='ocrx_word' id='word_1_59' title='bbox 570 407 659 439; x_wconf 78' lang='lat' dir='ltr'>tides,</span> <span class='ocrx_word' id='word_1_60' title='bbox 691 417 773 448; x_wconf 82' lang='lat' dir='ltr'>quac</span> <span class='ocrx_word' id='word_1_61' title='bbox 805 412 853 437; x_wconf 85' lang='lat' dir='ltr'>est</span> <span class='ocrx_word' id='word_1_62' title='bbox 885 406 1051 447; x_wconf 87' lang='lat' dir='ltr'>catholica,</span> <span class='ocrx_word' id='word_1_63' title='bbox 1081 407 1222 437; x_wconf 86' lang='lat' dir='ltr'>omniurn</span> <span class='ocrx_word' id='word_1_64' title='bbox 1254 411 1484 444; x_wconf 85' lang='lat' dir='ltr'>creaturarum,</span> <span class='ocrx_word' id='word_1_65' title='bbox 1514 406 1582 436; x_wconf 88' lang='lat' dir='ltr'>sive</span> <span class='ocrx_word' id='word_1_66' title='bbox 1613 404 1804 447; x_wconf 81' lang='lat' dir='ltr'>spiritalium</span> <span class='ocrx_word' id='word_1_67' title='bbox 1841 406 1909 436; x_wconf 85' lang='lat' dir='ltr'>sive</span> <span class='ocrx_word' id='word_1_68' title='bbox 1943 416 2009 436; x_wconf 88' lang='lat' dir='ltr'>cor-</span> 
     </span>
     <span class='ocr_line' id='line_1_14' title="bbox 360 456 2008 501; baseline -0.001 -12"><span class='ocrx_word' id='word_1_69' title='bbox 360 459 536 501; x_wconf 67' lang='lat' dir='ltr'>poralium,</span> <span class='ocrx_word' id='word_1_70' title='bbox 576 459 691 488; x_wconf 79' lang='lat' dir='ltr'>bonam</span> <span class='ocrx_word' id='word_1_71' title='bbox 729 458 918 489; x_wconf 86' lang='lat' dir='ltr'>confiteatur</span> <span class='ocrx_word' id='word_1_72' title='bbox 954 459 1165 490; x_wconf 84' lang='lat' dir='ltr'>substantiam</span> <span class='ocrx_word' id='word_1_73' title='bbox 1205 463 1237 488; x_wconf 77' lang='lat' dir='ltr'>ct</span> <span class='ocrx_word' id='word_1_74' title='bbox 1274 456 1349 488; x_wconf 84' lang='lat' dir='ltr'>mali</span> <span class='ocrx_word' id='word_1_75' title='bbox 1387 457 1504 488; x_wconf 90' lang='lat' dir='ltr'>nullam</span> <span class='ocrx_word' id='word_1_76' title='bbox 1544 467 1614 487; x_wconf 90' lang='lat' dir='ltr'>esse</span> <span class='ocrx_word' id='word_1_77' title='bbox 1651 462 1814 496; x_wconf 66' lang='lat' dir='ltr'>naturam,</span> <span class='ocrx_word' id='word_1_78' title='bbox 1852 468 1892 488; x_wconf 79' lang='lat' dir='ltr'>ex</span> <span class='ocrx_word' id='word_1_79' title='bbox 1931 457 2008 488; x_wconf 86' lang='lat' dir='ltr'>vitio</span> 
     </span>
     <span class='ocr_line' id='line_1_15' title="bbox 361 508 2008 553; baseline -0.001 -12"><span class='ocrx_word' id='word_1_80' title='bbox 361 511 483 553; x_wconf 82' lang='lat' dir='ltr'>quippe</span> <span class='ocrx_word' id='word_1_81' title='bbox 514 509 686 541; x_wconf 81' lang='lat' dir='ltr'>voluntatis</span> <span class='ocrx_word' id='word_1_82' title='bbox 718 519 836 550; x_wconf 86' lang='lat' dir='ltr'>pravae</span> <span class='ocrx_word' id='word_1_83' title='bbox 867 511 1015 541; x_wconf 84' lang='lat' dir='ltr'>vitiatum</span> <span class='ocrx_word' id='word_1_84' title='bbox 1044 516 1093 541; x_wconf 85' lang='lat' dir='ltr'>est</span> <span class='ocrx_word' id='word_1_85' title='bbox 1121 510 1240 541; x_wconf 89' lang='lat' dir='ltr'>bonum</span> <span class='ocrx_word' id='word_1_86' title='bbox 1271 510 1337 540; x_wconf 80' lang='lat' dir='ltr'>sive</span> <span class='ocrx_word' id='word_1_87' title='bbox 1368 509 1399 538; x_wconf 90' lang='lat' dir='ltr'>in</span> <span class='ocrx_word' id='word_1_88' title='bbox 1431 508 1545 549; x_wconf 83' lang='lat' dir='ltr'>angelo</span> <span class='ocrx_word' id='word_1_89' title='bbox 1577 509 1646 539; x_wconf 88' lang='lat' dir='ltr'>sive</span> <span class='ocrx_word' id='word_1_90' title='bbox 1674 509 1706 538; x_wconf 89' lang='lat' dir='ltr'>in</span> <span class='ocrx_word' id='word_1_91' title='bbox 1731 508 1868 539; x_wconf 88' lang='lat' dir='ltr'>homine.</span> <span class='ocrx_word' id='word_1_92' title='bbox 1923 508 2008 539; x_wconf 88' lang='lat' dir='ltr'>Hinc</span> 
     </span>
     <span class='ocr_line' id='line_1_16' title="bbox 361 560 2008 604; baseline -0.001 -12"><span class='ocrx_word' id='word_1_93' title='bbox 361 562 565 604; x_wconf 87' lang='lat' dir='ltr'>supradictus</span> <span class='ocrx_word' id='word_1_94' title='bbox 598 561 661 592; x_wconf 82' lang='lat' dir='ltr'>Leo</span> <span class='ocrx_word' id='word_1_95' title='bbox 694 571 793 602; x_wconf 86' lang='lat' dir='ltr'>papa:</span> <span class='ocrx_word' id='word_1_96' title='bbox 833 562 927 602; x_wconf 78' lang='lat' dir='ltr'>Odio,</span> <span class='ocrx_word' id='word_1_97' title='bbox 956 562 1091 604; x_wconf 89' lang='lat' dir='ltr'>inquit¹‚</span> <span class='ocrx_word' id='word_1_98' title='bbox 1123 561 1308 592; x_wconf 73' lang='lat' dir='ltr'>habeantur</span> <span class='ocrx_word' id='word_1_99' title='bbox 1337 565 1485 601; x_wconf 71' lang='lat' dir='ltr'>peccata,</span> <span class='ocrx_word' id='word_1_100' title='bbox 1517 571 1583 591; x_wconf 77' lang='lat' dir='ltr'>non</span> <span class='ocrx_word' id='word_1_101' title='bbox 1615 560 1770 599; x_wconf 73' lang='lat' dir='ltr'>homines,</span> <span class='ocrx_word' id='word_1_102' title='bbox 1800 565 1828 590; x_wconf 71' lang='lat' dir='ltr'>et</span> <span class='ocrx_word' id='word_1_103' title='bbox 1857 560 1944 602; x_wconf 82' lang='lat' dir='ltr'>quod</span> <span class='ocrx_word' id='word_1_104' title='bbox 1972 561 2008 591; x_wconf 83' lang='lat' dir='ltr'>in</span> 
     </span>
     <span class='ocr_line' id='line_1_17' title="bbox 359 612 2008 656; baseline -0.001 -13"><span class='ocrx_word' id='word_1_105' title='bbox 359 615 570 656; x_wconf 77' lang='lat' dir='ltr'>peccantibus</span> <span class='ocrx_word' id='word_1_106' title='bbox 601 614 744 644; x_wconf 73' lang='lat' dir='ltr'>severius</span> <span class='ocrx_word' id='word_1_107' title='bbox 773 614 935 655; x_wconf 63' lang='lat' dir='ltr'>castigari</span> <span class='ocrx_word' id='word_1_108' title='bbox 964 625 1088 644; x_wconf 76' lang='lat' dir='ltr'>necesse</span> <span class='ocrx_word' id='word_1_109' title='bbox 1119 618 1180 653; x_wconf 72' lang='lat' dir='ltr'>est,</span> <span class='ocrx_word' id='word_1_110' title='bbox 1212 624 1278 644; x_wconf 75' lang='lat' dir='ltr'>non</span> <span class='ocrx_word' id='word_1_111' title='bbox 1310 613 1485 643; x_wconf 72' lang='lat' dir='ltr'>saeuientis</span> <span class='ocrx_word' id='word_1_112' title='bbox 1513 612 1679 653; x_wconf 73' lang='lat' dir='ltr'>plectatur</span> <span class='ocrx_word' id='word_1_113' title='bbox 1709 613 1833 650; x_wconf 82' lang='lat' dir='ltr'>animo,</span> <span class='ocrx_word' id='word_1_114' title='bbox 1865 612 1920 642; x_wconf 80' lang='lat' dir='ltr'>sed</span> <span class='ocrx_word' id='word_1_115' title='bbox 1949 622 2008 643; x_wconf 85' lang='lat' dir='ltr'>me-</span> 
     </span>
     <span class='ocr_line' id='line_1_18' title="bbox 361 662 2009 704; baseline -0.001 -8"><span class='ocrx_word' id='word_1_116' title='bbox 361 667 484 704; x_wconf 79' lang='lat' dir='ltr'>dentis;</span> <span class='ocrx_word' id='word_1_117' title='bbox 510 664 563 695; x_wconf 89' lang='lat' dir='ltr'>ubi</span> <span class='ocrx_word' id='word_1_118' title='bbox 590 666 676 695; x_wconf 71' lang='lat' dir='ltr'>onim</span> <span class='ocrx_word' id='word_1_119' title='bbox 695 665 928 704; x_wconf 78' lang='lat' dir='ltr'>benevolentia,</span> <span class='ocrx_word' id='word_1_120' title='bbox 952 665 995 695; x_wconf 89' lang='lat' dir='ltr'>ibi</span> <span class='ocrx_word' id='word_1_121' title='bbox 1021 665 1173 696; x_wconf 84' lang='lat' dir='ltr'>amicitia.</span> <span class='ocrx_word' id='word_1_122' title='bbox 1213 663 1276 695; x_wconf 81' lang='lat' dir='ltr'>Sed</span> <span class='ocrx_word' id='word_1_123' title='bbox 1300 674 1371 694; x_wconf 87' lang='lat' dir='ltr'>cum</span> <span class='ocrx_word' id='word_1_124' title='bbox 1390 663 1518 694; x_wconf 86' lang='lat' dir='ltr'>diabolo</span> <span class='ocrx_word' id='word_1_125' title='bbox 1542 664 1683 694; x_wconf 88' lang='lat' dir='ltr'>amicitia</span> <span class='ocrx_word' id='word_1_126' title='bbox 1707 674 1770 694; x_wconf 89' lang='lat' dir='ltr'>non</span> <span class='ocrx_word' id='word_1_127' title='bbox 1788 669 1836 694; x_wconf 87' lang='lat' dir='ltr'>est</span> <span class='ocrx_word' id='word_1_128' title='bbox 1851 662 2009 703; x_wconf 86' lang='lat' dir='ltr'>habenda,</span> 
     </span>
     <span class='ocr_line' id='line_1_19' title="bbox 362 715 2008 757; baseline -0.002 -9"><span class='ocrx_word' id='word_1_129' title='bbox 362 719 414 748; x_wconf 84' lang='lat' dir='ltr'>cui</span> <span class='ocrx_word' id='word_1_130' title='bbox 439 717 536 748; x_wconf 86' lang='lat' dir='ltr'>semel</span> <span class='ocrx_word' id='word_1_131' title='bbox 561 716 773 748; x_wconf 88' lang='lat' dir='ltr'>renuntiando</span> <span class='ocrx_word' id='word_1_132' title='bbox 798 715 913 748; x_wconf 88' lang='lat' dir='ltr'>bellum</span> <span class='ocrx_word' id='word_1_133' title='bbox 939 716 1127 754; x_wconf 73' lang='lat' dir='ltr'>indiximus,</span> <span class='ocrx_word' id='word_1_134' title='bbox 1152 717 1201 746; x_wconf 87' lang='lat' dir='ltr'>cui</span> <span class='ocrx_word' id='word_1_135' title='bbox 1226 717 1251 746; x_wconf 88' lang='lat' dir='ltr'>si</span> <span class='ocrx_word' id='word_1_136' title='bbox 1277 726 1438 757; x_wconf 83' lang='lat' dir='ltr'>nunquam</span> <span class='ocrx_word' id='word_1_137' title='bbox 1465 715 1749 754; x_wconf 88' lang='lat' dir='ltr'>consensissemus,</span> <span class='ocrx_word' id='word_1_138' title='bbox 1781 726 1945 757; x_wconf 81' lang='lat' dir='ltr'>nunquam</span> <span class='ocrx_word' id='word_1_139' title='bbox 1976 715 2008 745; x_wconf 90' lang='lat' dir='ltr'>in</span> 
     </span>
     <span class='ocr_line' id='line_1_20' title="bbox 360 766 2007 808; baseline -0.002 -8"><span class='ocrx_word' id='word_1_140' title='bbox 360 770 438 800; x_wconf 78' lang='lat' dir='ltr'>istas</span> <span class='ocrx_word' id='word_1_141' title='bbox 470 769 616 800; x_wconf 79' lang='lat' dir='ltr'>miserias</span> <span class='ocrx_word' id='word_1_142' title='bbox 648 768 882 800; x_wconf 80' lang='lat' dir='ltr'>incidissemus.</span> <span class='ocrx_word' id='word_1_143' title='bbox 935 767 1016 799; x_wconf 85' lang='lat' dir='ltr'>Cum</span> <span class='ocrx_word' id='word_1_144' title='bbox 1047 767 1196 798; x_wconf 84' lang='lat' dir='ltr'>omnibus</span> <span class='ocrx_word' id='word_1_145' title='bbox 1229 773 1336 798; x_wconf 88' lang='lat' dir='ltr'>autem</span> <span class='ocrx_word' id='word_1_146' title='bbox 1373 766 1556 798; x_wconf 83' lang='lat' dir='ltr'>hominibus</span> <span class='ocrx_word' id='word_1_147' title='bbox 1586 766 1744 806; x_wconf 85' lang='lat' dir='ltr'>iubemur,</span> <span class='ocrx_word' id='word_1_148' title='bbox 1776 767 1944 808; x_wconf 72' lang='lat' dir='ltr'>&#39;quantum</span> <span class='ocrx_word' id='word_1_149' title='bbox 1976 767 2007 797; x_wconf 91' lang='lat' dir='ltr'>in</span> 
     </span>
     <span class='ocr_line' id='line_1_21' title="bbox 362 818 2007 862; baseline -0.002 -10"><span class='ocrx_word' id='word_1_150' title='bbox 362 821 454 852; x_wconf 87' lang='lat' dir='ltr'>nobis</span> <span class='ocrx_word' id='word_1_151' title='bbox 478 827 536 861; x_wconf 88' lang='lat' dir='ltr'>est,</span> <span class='ocrx_word' id='word_1_152' title='bbox 561 831 668 862; x_wconf 83' lang='lat' dir='ltr'>pacem</span> <span class='ocrx_word' id='word_1_153' title='bbox 695 820 823 858; x_wconf 87' lang='lat' dir='ltr'>habere,</span> <span class='ocrx_word' id='word_1_154' title='bbox 852 820 942 850; x_wconf 91' lang='lat' dir='ltr'>cuius</span> <span class='ocrx_word' id='word_1_155' title='bbox 967 820 1096 861; x_wconf 89' lang='lat' dir='ltr'>pietatis</span> <span class='ocrx_word' id='word_1_156' title='bbox 1121 819 1262 850; x_wconf 86' lang='lat' dir='ltr'>studium</span> <span class='ocrx_word' id='word_1_157' title='bbox 1289 819 1506 860; x_wconf 87' lang='lat' dir='ltr'>praecipimur</span> <span class='ocrx_word' id='word_1_158' title='bbox 1537 829 1638 860; x_wconf 90' lang='lat' dir='ltr'>usque</span> <span class='ocrx_word' id='word_1_159' title='bbox 1669 818 1708 849; x_wconf 87' lang='lat' dir='ltr'>ad</span> <span class='ocrx_word' id='word_1_160' title='bbox 1740 819 1889 849; x_wconf 90' lang='lat' dir='ltr'>inimicos</span> <span class='ocrx_word' id='word_1_161' title='bbox 1913 819 2007 849; x_wconf 87' lang='lat' dir='ltr'>etiam</span> 
     </span>
     <span class='ocr_line' id='line_1_22' title="bbox 361 869 2011 914; baseline -0.002 -11"><span class='ocrx_word' id='word_1_162' title='bbox 361 873 543 914; x_wconf 77' lang='lat' dir='ltr'>diligendos</span> <span class='ocrx_word' id='word_1_163' title='bbox 566 872 802 904; x_wconf 76' lang='lat' dir='ltr'>transfundere.</span> <span class='ocrx_word' id='word_1_164' title='bbox 840 871 927 902; x_wconf 86' lang='lat' dir='ltr'>Inter</span> <span class='ocrx_word' id='word_1_165' title='bbox 951 871 1029 902; x_wconf 83' lang='lat' dir='ltr'>haec</span> <span class='ocrx_word' id='word_1_166' title='bbox 1053 871 1148 910; x_wconf 90' lang='lat' dir='ltr'>enim,</span> <span class='ocrx_word' id='word_1_167' title='bbox 1172 881 1253 912; x_wconf 86' lang='lat' dir='ltr'>quae</span> <span class='ocrx_word' id='word_1_168' title='bbox 1278 869 1370 901; x_wconf 84' lang='lat' dir='ltr'>valde</span> <span class='ocrx_word' id='word_1_169' title='bbox 1395 870 1477 900; x_wconf 85' lang='lat' dir='ltr'>bona</span> <span class='ocrx_word' id='word_1_170' title='bbox 1502 870 1738 912; x_wconf 78' lang='lat' dir='ltr'>describuntur,</span> <span class='ocrx_word' id='word_1_171' title='bbox 1766 871 1939 912; x_wconf 81' lang='lat' dir='ltr'>praecipue</span> <span class='ocrx_word' id='word_1_172' title='bbox 1962 874 2011 901; x_wconf 86' lang='lat' dir='ltr'>est</span> 
     </span>
     <span class='ocr_line' id='line_1_23' title="bbox 363 921 2009 965; baseline -0.002 -10"><span class='ocrx_word' id='word_1_173' title='bbox 363 925 447 955; x_wconf 84' lang='lat' dir='ltr'>bona</span> <span class='ocrx_word' id='word_1_174' title='bbox 469 929 615 955; x_wconf 88' lang='lat' dir='ltr'>creatura</span> <span class='ocrx_word' id='word_1_175' title='bbox 640 924 702 955; x_wconf 88' lang='lat' dir='ltr'>Dei</span> <span class='ocrx_word' id='word_1_176' title='bbox 725 924 830 962; x_wconf 84' lang='lat' dir='ltr'>homo,</span> <span class='ocrx_word' id='word_1_177' title='bbox 855 923 1004 965; x_wconf 87' lang='lat' dir='ltr'>quoniam</span> <span class='ocrx_word' id='word_1_178' title='bbox 1030 923 1070 954; x_wconf 85' lang='lat' dir='ltr'>ad</span> <span class='ocrx_word' id='word_1_179' title='bbox 1095 923 1267 962; x_wconf 79' lang='lat' dir='ltr'>imaginem</span> <span class='ocrx_word' id='word_1_180' title='bbox 1292 927 1323 953; x_wconf 86' lang='lat' dir='ltr'>et</span> <span class='ocrx_word' id='word_1_181' title='bbox 1346 921 1587 953; x_wconf 83' lang='lat' dir='ltr'>similitudinem</span> <span class='ocrx_word' id='word_1_182' title='bbox 1618 923 1676 954; x_wconf 88' lang='lat' dir='ltr'>Dei</span> <span class='ocrx_word' id='word_1_183' title='bbox 1702 923 1806 952; x_wconf 85' lang='lat' dir='ltr'>factus</span> <span class='ocrx_word' id='word_1_184' title='bbox 1831 927 1881 954; x_wconf 83' lang='lat' dir='ltr'>est</span> <span class='ocrx_word' id='word_1_185' title='bbox 1903 921 2009 963; x_wconf 88' lang='lat' dir='ltr'>homo,</span> 
     </span>
     <span class='ocr_line' id='line_1_24' title="bbox 362 973 2008 1018; baseline -0.002 -11"><span class='ocrx_word' id='word_1_186' title='bbox 362 977 426 1018; x_wconf 92' lang='lat' dir='ltr'>qui,</span> <span class='ocrx_word' id='word_1_187' title='bbox 450 977 509 1006; x_wconf 88' lang='lat' dir='ltr'>etsi</span> <span class='ocrx_word' id='word_1_188' title='bbox 534 976 616 1006; x_wconf 82' lang='lat' dir='ltr'>male</span> <span class='ocrx_word' id='word_1_189' title='bbox 642 986 718 1006; x_wconf 88' lang='lat' dir='ltr'>usus</span> <span class='ocrx_word' id='word_1_190' title='bbox 743 976 783 1007; x_wconf 82' lang='lat' dir='ltr'>sit</span> <span class='ocrx_word' id='word_1_191' title='bbox 806 975 907 1005; x_wconf 88' lang='lat' dir='ltr'>libero</span> <span class='ocrx_word' id='word_1_192' title='bbox 931 974 1074 1013; x_wconf 85' lang='lat' dir='ltr'>arbitrio,</span> <span class='ocrx_word' id='word_1_193' title='bbox 1099 973 1264 1004; x_wconf 88' lang='lat' dir='ltr'>declinans</span> <span class='ocrx_word' id='word_1_194' title='bbox 1287 984 1305 1003; x_wconf 91' lang='lat' dir='ltr'>a</span> <span class='ocrx_word' id='word_1_195' title='bbox 1329 973 1412 1004; x_wconf 89' lang='lat' dir='ltr'>bono</span> <span class='ocrx_word' id='word_1_196' title='bbox 1436 973 1475 1004; x_wconf 88' lang='lat' dir='ltr'>ad</span> <span class='ocrx_word' id='word_1_197' title='bbox 1501 974 1629 1014; x_wconf 81' lang='lat' dir='ltr'>malum,</span> <span class='ocrx_word' id='word_1_198' title='bbox 1655 985 1717 1005; x_wconf 89' lang='lat' dir='ltr'>non</span> <span class='ocrx_word' id='word_1_199' title='bbox 1739 973 1880 1016; x_wconf 84' lang='lat' dir='ltr'>perdidit</span> <span class='ocrx_word' id='word_1_200' title='bbox 1902 978 2008 1005; x_wconf 88' lang='lat' dir='ltr'>tamen</span> 
     </span>
     <span class='ocr_line' id='line_1_25' title="bbox 362 1025 2009 1066; baseline -0.002 -7"><span class='ocrx_word' id='word_1_201' title='bbox 362 1029 477 1059; x_wconf 87' lang='lat' dir='ltr'>mentis</span> <span class='ocrx_word' id='word_1_202' title='bbox 509 1027 715 1066; x_wconf 85' lang='lat' dir='ltr'>intellectum,</span> <span class='ocrx_word' id='word_1_203' title='bbox 748 1027 801 1057; x_wconf 90' lang='lat' dir='ltr'>ubi</span> <span class='ocrx_word' id='word_1_204' title='bbox 833 1026 872 1057; x_wconf 87' lang='lat' dir='ltr'>ad</span> <span class='ocrx_word' id='word_1_205' title='bbox 903 1025 1145 1057; x_wconf 84' lang='lat' dir='ltr'>similitudinem</span> <span class='ocrx_word' id='word_1_206' title='bbox 1175 1025 1237 1055; x_wconf 66' lang='lat' dir='ltr'>Dei</span> <span class='ocrx_word' id='word_1_207' title='bbox 1268 1026 1371 1056; x_wconf 85' lang='lat' dir='ltr'>sactus</span> <span class='ocrx_word' id='word_1_208' title='bbox 1401 1031 1448 1057; x_wconf 88' lang='lat' dir='ltr'>est</span> <span class='ocrx_word' id='word_1_209' title='bbox 1481 1026 1585 1056; x_wconf 86' lang='lat' dir='ltr'>homo.</span> <span class='ocrx_word' id='word_1_210' title='bbox 1631 1026 1761 1057; x_wconf 84' lang='lat' dir='ltr'>Dicitur</span> <span class='ocrx_word' id='word_1_211' title='bbox 1784 1031 1890 1057; x_wconf 91' lang='lat' dir='ltr'>autem</span> <span class='ocrx_word' id='word_1_212' title='bbox 1914 1025 2009 1056; x_wconf 89' lang='lat' dir='ltr'>homo</span> 
     </span>
     <span class='ocr_line' id='line_1_26' title="bbox 362 1076 2010 1120; baseline -0.002 -10"><span class='ocrx_word' id='word_1_213' title='bbox 362 1081 459 1110; x_wconf 88' lang='lat' dir='ltr'>totius</span> <span class='ocrx_word' id='word_1_214' title='bbox 483 1079 627 1110; x_wconf 85' lang='lat' dir='ltr'>collectio</span> <span class='ocrx_word' id='word_1_215' title='bbox 652 1078 877 1118; x_wconf 82' lang='lat' dir='ltr'>multitudinis,</span> <span class='ocrx_word' id='word_1_216' title='bbox 902 1089 983 1120; x_wconf 87' lang='lat' dir='ltr'>quae</span> <span class='ocrx_word' id='word_1_217' title='bbox 1006 1082 1054 1108; x_wconf 92' lang='lat' dir='ltr'>cst</span> <span class='ocrx_word' id='word_1_218' title='bbox 1077 1077 1137 1108; x_wconf 90' lang='lat' dir='ltr'>sub</span> <span class='ocrx_word' id='word_1_219' title='bbox 1161 1078 1269 1118; x_wconf 85' lang='lat' dir='ltr'>specie</span> <span class='ocrx_word' id='word_1_220' title='bbox 1294 1076 1441 1117; x_wconf 83' lang='lat' dir='ltr'>hominis,</span> <span class='ocrx_word' id='word_1_221' title='bbox 1473 1078 1527 1120; x_wconf 90' lang='lat' dir='ltr'>qui</span> <span class='ocrx_word' id='word_1_222' title='bbox 1559 1077 1679 1109; x_wconf 83' lang='lat' dir='ltr'>scilicet</span> <span class='ocrx_word' id='word_1_223' title='bbox 1708 1077 1802 1108; x_wconf 88' lang='lat' dir='ltr'>homo</span> <span class='ocrx_word' id='word_1_224' title='bbox 1826 1076 2010 1118; x_wconf 87' lang='lat' dir='ltr'>diligendus</span> 
     </span>
     <span class='ocr_line' id='line_1_27' title="bbox 365 1127 2008 1172; baseline -0.001 -11"><span class='ocrx_word' id='word_1_225' title='bbox 365 1136 422 1170; x_wconf 80' lang='lat' dir='ltr'>est,</span> <span class='ocrx_word' id='word_1_226' title='bbox 447 1141 509 1161; x_wconf 88' lang='lat' dir='ltr'>non</span> <span class='ocrx_word' id='word_1_227' title='bbox 535 1142 657 1161; x_wconf 82' lang='lat' dir='ltr'>errores</span> <span class='ocrx_word' id='word_1_228' title='bbox 681 1131 792 1172; x_wconf 85' lang='lat' dir='ltr'>ipsius,</span> <span class='ocrx_word' id='word_1_229' title='bbox 817 1141 881 1161; x_wconf 92' lang='lat' dir='ltr'>non</span> <span class='ocrx_word' id='word_1_230' title='bbox 905 1134 1037 1171; x_wconf 86' lang='lat' dir='ltr'>peccata</span> <span class='ocrx_word' id='word_1_231' title='bbox 1060 1129 1171 1170; x_wconf 86' lang='lat' dir='ltr'>ipsius.</span> <span class='ocrx_word' id='word_1_232' title='bbox 1217 1128 1298 1159; x_wconf 83' lang='lat' dir='ltr'>Nam</span> <span class='ocrx_word' id='word_1_233' title='bbox 1324 1128 1434 1159; x_wconf 87' lang='lat' dir='ltr'>dicens</span> <span class='ocrx_word' id='word_1_234' title='bbox 1465 1130 1495 1159; x_wconf 93' lang='lat' dir='ltr'>in</span> <span class='ocrx_word' id='word_1_235' title='bbox 1520 1128 1688 1170; x_wconf 85' lang='lat' dir='ltr'>euangelio</span> <span class='ocrx_word' id='word_1_236' title='bbox 1712 1129 1890 1160; x_wconf 81' lang='lat' dir='ltr'>Dominus:</span> <span class='ocrx_word' id='word_1_237' title='bbox 1922 1127 2008 1160; x_wconf 79' lang='lat' dir='ltr'>Dili-</span> 
     </span>
     <span class='ocr_line' id='line_1_28' title="bbox 363 1180 2009 1224; baseline -0.002 -10"><span class='ocrx_word' id='word_1_238' title='bbox 363 1184 427 1224; x_wconf 70' lang='lat' dir='ltr'>9ite</span> <span class='ocrx_word' id='word_1_239' title='bbox 451 1184 600 1213; x_wconf 66' lang='lat' dir='ltr'>inimicos</span> <span class='ocrx_word' id='word_1_240' title='bbox 625 1187 754 1219; x_wconf 68' lang='lat' dir='ltr'>vestros,</span> <span class='ocrx_word' id='word_1_241' title='bbox 779 1186 868 1212; x_wconf 70' lang='lat' dir='ltr'>orate</span> <span class='ocrx_word' id='word_1_242' title='bbox 891 1192 953 1222; x_wconf 79' lang='lat' dir='ltr'>pro</span> <span class='ocrx_word' id='word_1_243' title='bbox 977 1182 1033 1220; x_wconf 79' lang='lat' dir='ltr'>eis,</span> <span class='ocrx_word' id='word_1_244' title='bbox 1057 1181 1114 1222; x_wconf 71' lang='lat' dir='ltr'>qui</span> <span class='ocrx_word' id='word_1_245' title='bbox 1137 1192 1191 1211; x_wconf 80' lang='lat' dir='ltr'>vos</span> <span class='ocrx_word' id='word_1_246' title='bbox 1211 1186 1465 1223; x_wconf 75' lang='lat' dir='ltr'>persequuntur,</span> <span class='ocrx_word' id='word_1_247' title='bbox 1488 1181 1667 1221; x_wconf 77' lang='lat' dir='ltr'>benefacite</span> <span class='ocrx_word' id='word_1_248' title='bbox 1690 1181 1745 1218; x_wconf 78' lang='lat' dir='ltr'>cis,</span> <span class='ocrx_word' id='word_1_249' title='bbox 1769 1181 1826 1222; x_wconf 78' lang='lat' dir='ltr'>qui</span> <span class='ocrx_word' id='word_1_250' title='bbox 1845 1184 1922 1211; x_wconf 72' lang='lat' dir='ltr'>vos¹</span> <span class='ocrx_word' id='word_1_251' title='bbox 1939 1180 2009 1211; x_wconf 84' lang='lat' dir='ltr'>ocle·</span> 
     </span>
     <span class='ocr_line' id='line_1_29' title="bbox 364 1230 2011 1274; baseline -0.001 -10"><span class='ocrx_word' id='word_1_252' title='bbox 364 1240 452 1274; x_wconf 72' lang='lat' dir='ltr'>runt,</span> <span class='ocrx_word' id='word_1_253' title='bbox 475 1234 620 1264; x_wconf 83' lang='lat' dir='ltr'>hortatur</span> <span class='ocrx_word' id='word_1_254' title='bbox 644 1243 701 1263; x_wconf 90' lang='lat' dir='ltr'>nos</span> <span class='ocrx_word' id='word_1_255' title='bbox 724 1233 763 1264; x_wconf 88' lang='lat' dir='ltr'>ad</span> <span class='ocrx_word' id='word_1_256' title='bbox 789 1232 1031 1263; x_wconf 87' lang='lat' dir='ltr'>similitudinem</span> <span class='ocrx_word' id='word_1_257' title='bbox 1058 1232 1130 1272; x_wconf 87' lang='lat' dir='ltr'>Dei,</span> <span class='ocrx_word' id='word_1_258' title='bbox 1153 1232 1290 1274; x_wconf 86' lang='lat' dir='ltr'>ideoque</span> <span class='ocrx_word' id='word_1_259' title='bbox 1314 1232 1478 1263; x_wconf 85' lang='lat' dir='ltr'>adiunxit:</span> <span class='ocrx_word' id='word_1_260' title='bbox 1510 1232 1602 1273; x_wconf 72' lang='lat' dir='ltr'>Sitis,</span> <span class='ocrx_word' id='word_1_261' title='bbox 1630 1233 1788 1274; x_wconf 83' lang='lat' dir='ltr'>inquiens,</span> <span class='ocrx_word' id='word_1_262' title='bbox 1810 1230 1880 1272; x_wconf 81' lang='lat' dir='ltr'>filii</span> <span class='ocrx_word' id='word_1_263' title='bbox 1901 1231 2011 1273; x_wconf 78' lang='lat' dir='ltr'>patris</span> 
     </span>
     <span class='ocr_line' id='line_1_30' title="bbox 363 1283 2012 1327; baseline -0.003 -10"><span class='ocrx_word' id='word_1_264' title='bbox 363 1287 472 1325; x_wconf 75' lang='lat' dir='ltr'>vestri,</span> <span class='ocrx_word' id='word_1_265' title='bbox 497 1287 554 1327; x_wconf 76' lang='lat' dir='ltr'>qui</span> <span class='ocrx_word' id='word_1_266' title='bbox 578 1286 611 1316; x_wconf 72' lang='lat'>2⁸⁷1</span> <span class='ocrx_word' id='word_1_267' title='bbox 630 1285 729 1316; x_wconf 80' lang='lat' dir='ltr'>caelis</span> <span class='ocrx_word' id='word_1_268' title='bbox 753 1289 806 1324; x_wconf 75' lang='lat' dir='ltr'>est,</span> <span class='ocrx_word' id='word_1_269' title='bbox 832 1285 888 1326; x_wconf 80' lang='lat' dir='ltr'>qni</span> <span class='ocrx_word' id='word_1_270' title='bbox 903 1284 998 1315; x_wconf 79' lang='lat' dir='ltr'>solem</span> <span class='ocrx_word' id='word_1_271' title='bbox 1021 1295 1115 1314; x_wconf 79' lang='lat' dir='ltr'>suum</span> <span class='ocrx_word' id='word_1_272' title='bbox 1140 1284 1223 1314; x_wconf 71' lang='lat' dir='ltr'>oriri</span> <span class='ocrx_word' id='word_1_273' title='bbox 1237 1285 1326 1324; x_wconf 66' lang='lat' dir='ltr'>facit</span> <span class='ocrx_word' id='word_1_274' title='bbox 1350 1296 1449 1326; x_wconf 73' lang='lat' dir='ltr'>super</span> <span class='ocrx_word' id='word_1_275' title='bbox 1464 1285 1563 1316; x_wconf 79' lang='lat' dir='ltr'>bonos</span> <span class='ocrx_word' id='word_1_276' title='bbox 1588 1288 1615 1315; x_wconf 76' lang='lat' dir='ltr'>et</span> <span class='ocrx_word' id='word_1_277' title='bbox 1631 1284 1733 1314; x_wconf 79' lang='lat' dir='ltr'>malos</span> <span class='ocrx_word' id='word_1_278' title='bbox 1757 1288 1784 1314; x_wconf 84' lang='lat' dir='ltr'>et</span> <span class='ocrx_word' id='word_1_279' title='bbox 1805 1283 1892 1325; x_wconf 78' lang='lat' dir='ltr'>pluit</span> <span class='ocrx_word' id='word_1_280' title='bbox 1911 1293 2012 1324; x_wconf 77' lang='lat' dir='ltr'>super</span> 
     </span>
     <span class='ocr_line' id='line_1_31' title="bbox 364 1333 2011 1377; baseline -0.002 -9"><span class='ocrx_word' id='word_1_281' title='bbox 364 1339 465 1369; x_wconf 72' lang='lat' dir='ltr'>iustos</span> <span class='ocrx_word' id='word_1_282' title='bbox 488 1342 515 1368; x_wconf 76' lang='lat' dir='ltr'>et</span> <span class='ocrx_word' id='word_1_283' title='bbox 541 1338 686 1367; x_wconf 79' lang='lat' dir='ltr'>iniustos.</span> <span class='ocrx_word' id='word_1_284' title='bbox 733 1335 827 1367; x_wconf 86' lang='lat' dir='ltr'>Unde</span> <span class='ocrx_word' id='word_1_285' title='bbox 852 1336 1053 1377; x_wconf 85' lang='lat' dir='ltr'>Augustinus</span> <span class='ocrx_word' id='word_1_286' title='bbox 1078 1336 1108 1365; x_wconf 90' lang='lat' dir='ltr'>in</span> <span class='ocrx_word' id='word_1_287' title='bbox 1133 1339 1272 1366; x_wconf 80' lang='lat' dir='ltr'>tractatu</span> <span class='ocrx_word' id='word_1_288' title='bbox 1297 1335 1410 1377; x_wconf 83' lang='lat' dir='ltr'>psalmi</span> <span class='ocrx_word' id='word_1_289' title='bbox 1434 1335 1547 1367; x_wconf 87' lang='lat' dir='ltr'>LXX:</span> <span class='ocrx_word' id='word_1_290' title='bbox 1577 1334 1644 1371; x_wconf 76' lang='lat' dir='ltr'>Qui</span> <span class='ocrx_word' id='word_1_291' title='bbox 1665 1346 1753 1376; x_wconf 68' lang='lat' dir='ltr'>erqo,</span> <span class='ocrx_word' id='word_1_292' title='bbox 1776 1334 1912 1377; x_wconf 74' lang='lat' dir='ltr'>inquit2,</span> <span class='ocrx_word' id='word_1_293' title='bbox 1935 1333 2011 1366; x_wconf 79' lang='lat' dir='ltr'>bene</span> 
     </span>
     <span class='ocr_line' id='line_1_32' title="bbox 364 1385 2012 1429; baseline -0.002 -9"><span class='ocrx_word' id='word_1_294' title='bbox 364 1390 432 1420; x_wconf 76' lang='lat' dir='ltr'>vult</span> <span class='ocrx_word' id='word_1_295' title='bbox 461 1390 596 1420; x_wconf 75' lang='lat' dir='ltr'>inimico</span> <span class='ocrx_word' id='word_1_296' title='bbox 625 1399 692 1426; x_wconf 75' lang='lat' dir='ltr'>sno,</span> <span class='ocrx_word' id='word_1_297' title='bbox 727 1388 792 1419; x_wconf 83' lang='lat' dir='ltr'>Deo</span> <span class='ocrx_word' id='word_1_298' title='bbox 823 1387 941 1419; x_wconf 72' lang='lat' dir='ltr'>similis</span> <span class='ocrx_word' id='word_1_299' title='bbox 969 1392 1023 1426; x_wconf 80' lang='lat' dir='ltr'>est,</span> <span class='ocrx_word' id='word_1_300' title='bbox 1054 1399 1112 1419; x_wconf 74' lang='lat' dir='ltr'>‘nec</span> <span class='ocrx_word' id='word_1_301' title='bbox 1140 1388 1203 1418; x_wconf 64' lang='lat' dir='ltr'>isia</span> <span class='ocrx_word' id='word_1_302' title='bbox 1228 1388 1394 1429; x_wconf 77' lang='lat' dir='ltr'>superbia,</span> <span class='ocrx_word' id='word_1_303' title='bbox 1417 1387 1474 1418; x_wconf 82' lang='lat' dir='ltr'>sed</span> <span class='ocrx_word' id='word_1_304' title='bbox 1497 1387 1678 1418; x_wconf 76' lang='lat' dir='ltr'>obedientia</span> <span class='ocrx_word' id='word_1_305' title='bbox 1702 1392 1758 1427; x_wconf 78' lang='lat' dir='ltr'>est,</span> <span class='ocrx_word' id='word_1_306' title='bbox 1788 1387 1942 1429; x_wconf 80' lang='lat' dir='ltr'>quoniam</span> <span class='ocrx_word' id='word_1_307' title='bbox 1967 1385 2012 1417; x_wconf 84' lang='lat' dir='ltr'>ad</span> 
     </span>
     <span class='ocr_line' id='line_1_33' title="bbox 365 1436 2011 1482; baseline -0.002 -11"><span class='ocrx_word' id='word_1_308' title='bbox 365 1442 541 1482; x_wconf 72' lang='lat' dir='ltr'>i7na9t&#39;nem</span> <span class='ocrx_word' id='word_1_309' title='bbox 571 1439 734 1479; x_wconf 69' lang='lat' dir='ltr'>Deifacte&#39;</span> <span class='ocrx_word' id='word_1_310' title='bbox 764 1451 885 1470; x_wconf 64' lang='lat' dir='ltr'>sumus:</span> <span class='ocrx_word' id='word_1_311' title='bbox 930 1439 1118 1478; x_wconf 83' lang='lat' dir='ltr'>Faciamus,</span> <span class='ocrx_word' id='word_1_312' title='bbox 1149 1440 1266 1481; x_wconf 73' lang='lat' dir='ltr'>inquit,</span> <span class='ocrx_word' id='word_1_313' title='bbox 1298 1440 1456 1470; x_wconf 78' lang='lat' dir='ltr'>hominem</span> <span class='ocrx_word' id='word_1_314' title='bbox 1489 1440 1534 1470; x_wconf 80' lang='lat' dir='ltr'>ad</span> <span class='ocrx_word' id='word_1_315' title='bbox 1562 1439 1738 1479; x_wconf 62' lang='lat' dir='ltr'>iiiiayinem</span> <span class='ocrx_word' id='word_1_316' title='bbox 1768 1443 1797 1469; x_wconf 74' lang='grc' dir='ltr'>εἰ</span> <span class='ocrx_word' id='word_1_317' title='bbox 1823 1436 2011 1469; x_wconf 72' lang='lat' dir='ltr'>similitudi—</span> 
     </span>
     <span class='ocr_line' id='line_1_34' title="bbox 366 1497 618 1523; baseline -0.004 0"><span class='ocrx_word' id='word_1_318' title='bbox 366 1504 436 1523; x_wconf 76' lang='lat' dir='ltr'>nem</span> <span class='ocrx_word' id='word_1_319' title='bbox 461 1497 618 1523; x_wconf 75' lang='lat' dir='ltr'>nostram.</span> 
     </span>
    </p>

    <p class='ocr_par' dir='ltr' id='par_1_9' title="bbox 365 1540 2014 2256">
     <span class='ocr_line' id='line_1_35' title="bbox 470 1540 2011 1584; baseline -0.002 -10"><span class='ocrx_word' id='word_1_320' title='bbox 470 1544 499 1574; x_wconf 83' lang='lat'>9.</span> <span class='ocrx_word' id='word_1_321' title='bbox 548 1544 639 1573; x_wconf 83' lang='lat' dir='ltr'>llanc</span> <span class='ocrx_word' id='word_1_322' title='bbox 663 1543 773 1584; x_wconf 85' lang='lat' dir='ltr'>utique</span> <span class='ocrx_word' id='word_1_323' title='bbox 797 1542 969 1583; x_wconf 86' lang='lat' dir='ltr'>imaginem</span> <span class='ocrx_word' id='word_1_324' title='bbox 997 1541 1189 1573; x_wconf 88' lang='lat' dir='ltr'>Hildebrant</span> <span class='ocrx_word' id='word_1_325' title='bbox 1211 1548 1243 1574; x_wconf 89' lang='lat' dir='ltr'>et</span> <span class='ocrx_word' id='word_1_326' title='bbox 1265 1543 1410 1584; x_wconf 88' lang='lat' dir='ltr'>episcopi</span> <span class='ocrx_word' id='word_1_327' title='bbox 1435 1543 1504 1574; x_wconf 87' lang='lat' dir='ltr'>eius</span> <span class='ocrx_word' id='word_1_328' title='bbox 1528 1544 1559 1573; x_wconf 89' lang='lat' dir='ltr'>in</span> <span class='ocrx_word' id='word_1_329' title='bbox 1583 1552 1659 1583; x_wconf 89' lang='lat' dir='ltr'>rege</span> <span class='ocrx_word' id='word_1_330' title='bbox 1684 1541 1847 1572; x_wconf 86' lang='lat' dir='ltr'>Henricho</span> <span class='ocrx_word' id='word_1_331' title='bbox 1877 1545 1909 1572; x_wconf 87' lang='lat' dir='ltr'>et</span> <span class='ocrx_word' id='word_1_332' title='bbox 1938 1540 2011 1571; x_wconf 87' lang='lat' dir='ltr'>ode-</span> 
     </span>
     <span class='ocr_line' id='line_1_36' title="bbox 366 1593 2012 1637; baseline -0.002 -11"><span class='ocrx_word' id='word_1_333' title='bbox 366 1600 440 1626; x_wconf 90' lang='lat' dir='ltr'>runt</span> <span class='ocrx_word' id='word_1_334' title='bbox 463 1601 495 1626; x_wconf 88' lang='lat' dir='ltr'>ct</span> <span class='ocrx_word' id='word_1_335' title='bbox 517 1595 676 1637; x_wconf 80' lang='lat' dir='ltr'>persecuti</span> <span class='ocrx_word' id='word_1_336' title='bbox 701 1599 784 1632; x_wconf 85' lang='lat' dir='ltr'>sunt,</span> <span class='ocrx_word' id='word_1_337' title='bbox 810 1600 841 1625; x_wconf 83' lang='lat' dir='ltr'>et</span> <span class='ocrx_word' id='word_1_338' title='bbox 865 1599 1066 1635; x_wconf 85' lang='lat' dir='ltr'>potestatem,</span> <span class='ocrx_word' id='word_1_339' title='bbox 1090 1605 1172 1636; x_wconf 85' lang='lat' dir='ltr'>quae</span> <span class='ocrx_word' id='word_1_340' title='bbox 1196 1605 1215 1625; x_wconf 90' lang='lat' dir='ltr'>a</span> <span class='ocrx_word' id='word_1_341' title='bbox 1239 1594 1309 1625; x_wconf 90' lang='lat' dir='ltr'>Deo</span> <span class='ocrx_word' id='word_1_342' title='bbox 1333 1600 1390 1633; x_wconf 82' lang='lat' dir='ltr'>est,</span> <span class='ocrx_word' id='word_1_343' title='bbox 1417 1605 1481 1636; x_wconf 89' lang='lat' dir='ltr'>qua</span> <span class='ocrx_word' id='word_1_344' title='bbox 1504 1600 1535 1625; x_wconf 85' lang='lat' dir='ltr'>et</span> <span class='ocrx_word' id='word_1_345' title='bbox 1557 1594 1626 1635; x_wconf 89' lang='lat' dir='ltr'>ipsc</span> <span class='ocrx_word' id='word_1_346' title='bbox 1649 1593 1756 1624; x_wconf 86' lang='lat' dir='ltr'>adhuc</span> <span class='ocrx_word' id='word_1_347' title='bbox 1779 1597 1895 1635; x_wconf 85' lang='lat' dir='ltr'>regnat</span> <span class='ocrx_word' id='word_1_348' title='bbox 1916 1597 2012 1635; x_wconf 89' lang='lat' dir='ltr'>atque</span> 
     </span>
     <span class='ocr_line' id='line_1_37' title="bbox 365 1644 2013 1688; baseline -0.001 -11"><span class='ocrx_word' id='word_1_349' title='bbox 365 1648 512 1688; x_wconf 85' lang='lat' dir='ltr'>imperat,</span> <span class='ocrx_word' id='word_1_350' title='bbox 536 1651 566 1677; x_wconf 89' lang='lat' dir='ltr'>et</span> <span class='ocrx_word' id='word_1_351' title='bbox 591 1647 726 1677; x_wconf 84' lang='lat' dir='ltr'>oderunt</span> <span class='ocrx_word' id='word_1_352' title='bbox 749 1651 780 1676; x_wconf 92' lang='lat' dir='ltr'>et</span> <span class='ocrx_word' id='word_1_353' title='bbox 796 1647 958 1687; x_wconf 79' lang='lat' dir='ltr'>persecuti</span> <span class='ocrx_word' id='word_1_354' title='bbox 975 1651 1057 1685; x_wconf 85' lang='lat' dir='ltr'>sunt,</span> <span class='ocrx_word' id='word_1_355' title='bbox 1082 1645 1230 1688; x_wconf 80' lang='lat' dir='ltr'>ideoque,</span> <span class='ocrx_word' id='word_1_356' title='bbox 1253 1646 1427 1687; x_wconf 77' lang='lat' dir='ltr'>assumptis</span> <span class='ocrx_word' id='word_1_357' title='bbox 1453 1645 1513 1676; x_wconf 87' lang='lat' dir='ltr'>sibi</span> <span class='ocrx_word' id='word_1_358' title='bbox 1531 1645 1725 1687; x_wconf 88' lang='lat' dir='ltr'>quibusdam</span> <span class='ocrx_word' id='word_1_359' title='bbox 1742 1646 1892 1676; x_wconf 83' lang='lat' dir='ltr'>scissuris</span> <span class='ocrx_word' id='word_1_360' title='bbox 1912 1644 2013 1686; x_wconf 87' lang='lat' dir='ltr'>regni,</span> 
     </span>
     <span class='ocr_line' id='line_1_38' title="bbox 367 1695 2011 1739; baseline -0.002 -9"><span class='ocrx_word' id='word_1_361' title='bbox 367 1699 603 1730; x_wconf 79' lang='lat' dir='ltr'>constituerunt</span> <span class='ocrx_word' id='word_1_362' title='bbox 635 1703 745 1728; x_wconf 81' lang='lat' dir='ltr'>contra</span> <span class='ocrx_word' id='word_1_363' title='bbox 775 1697 1007 1729; x_wconf 79' lang='lat' dir='ltr'>ordinationem</span> <span class='ocrx_word' id='word_1_364' title='bbox 1033 1697 1094 1728; x_wconf 87' lang='lat' dir='ltr'>Dei</span> <span class='ocrx_word' id='word_1_365' title='bbox 1125 1697 1222 1728; x_wconf 83' lang='lat' dir='ltr'>alium</span> <span class='ocrx_word' id='word_1_366' title='bbox 1254 1708 1373 1739; x_wconf 84' lang='lat' dir='ltr'>regem,</span> <span class='ocrx_word' id='word_1_367' title='bbox 1407 1696 1579 1728; x_wconf 63' lang='lat' dir='ltr'>liudolfum</span> <span class='ocrx_word' id='word_1_368' title='bbox 1607 1697 1731 1728; x_wconf 90' lang='lat' dir='ltr'>scilicet</span> <span class='ocrx_word' id='word_1_369' title='bbox 1753 1696 1869 1728; x_wconf 88' lang='lat' dir='ltr'>ducem</span> <span class='ocrx_word' id='word_1_370' title='bbox 1893 1695 2011 1728; x_wconf 83' lang='lat' dir='ltr'>Suevo-</span> 
     </span>
     <span class='ocr_line' id='line_1_39' title="bbox 367 1747 2012 1792; baseline -0.001 -12"><span class='ocrx_word' id='word_1_371' title='bbox 367 1761 448 1787; x_wconf 74' lang='lat' dir='ltr'>rum,</span> <span class='ocrx_word' id='word_1_372' title='bbox 473 1750 532 1781; x_wconf 87' lang='lat' dir='ltr'>sub</span> <span class='ocrx_word' id='word_1_373' title='bbox 557 1761 620 1791; x_wconf 88' lang='lat' dir='ltr'>quo</span> <span class='ocrx_word' id='word_1_374' title='bbox 644 1749 877 1791; x_wconf 81' lang='lat' dir='ltr'>praeliarentur</span> <span class='ocrx_word' id='word_1_375' title='bbox 907 1748 1022 1779; x_wconf 87' lang='lat' dir='ltr'>bellum</span> <span class='ocrx_word' id='word_1_376' title='bbox 1056 1760 1158 1790; x_wconf 87' lang='lat' dir='ltr'>suum,</span> <span class='ocrx_word' id='word_1_377' title='bbox 1189 1760 1252 1791; x_wconf 89' lang='lat' dir='ltr'>quo</span> <span class='ocrx_word' id='word_1_378' title='bbox 1277 1749 1474 1792; x_wconf 86' lang='lat' dir='ltr'>quaerebant</span> <span class='ocrx_word' id='word_1_379' title='bbox 1503 1749 1653 1780; x_wconf 79' lang='lat' dir='ltr'>omnibus</span> <span class='ocrx_word' id='word_1_380' title='bbox 1685 1748 1790 1780; x_wconf 88' lang='lat' dir='ltr'>modis</span> <span class='ocrx_word' id='word_1_381' title='bbox 1819 1747 2012 1779; x_wconf 85' lang='lat' dir='ltr'>mortificare</span> 
     </span>
     <span class='ocr_line' id='line_1_40' title="bbox 368 1800 2012 1843; baseline -0.001 -11"><span class='ocrx_word' id='word_1_382' title='bbox 368 1812 476 1842; x_wconf 80' lang='lat' dir='ltr'>regem</span> <span class='ocrx_word' id='word_1_383' title='bbox 502 1801 711 1841; x_wconf 57' lang='lat' dir='ltr'>I‘Ienriehmn,</span> <span class='ocrx_word' id='word_1_384' title='bbox 741 1802 912 1842; x_wconf 66' lang='lat' dir='ltr'>cupientes</span> <span class='ocrx_word' id='word_1_385' title='bbox 941 1811 1074 1842; x_wconf 86' lang='lat' dir='ltr'>corpore</span> <span class='ocrx_word' id='word_1_386' title='bbox 1097 1807 1128 1832; x_wconf 87' lang='lat' dir='ltr'>et</span> <span class='ocrx_word' id='word_1_387' title='bbox 1151 1802 1258 1832; x_wconf 88' lang='lat' dir='ltr'>anima</span> <span class='ocrx_word' id='word_1_388' title='bbox 1282 1802 1386 1843; x_wconf 88' lang='lat' dir='ltr'>perire</span> <span class='ocrx_word' id='word_1_389' title='bbox 1411 1806 1514 1832; x_wconf 87' lang='lat' dir='ltr'>eum³.</span> <span class='ocrx_word' id='word_1_390' title='bbox 1559 1801 1664 1843; x_wconf 87' lang='lat' dir='ltr'>Igitur</span> <span class='ocrx_word' id='word_1_391' title='bbox 1691 1811 1776 1832; x_wconf 87' lang='lat' dir='ltr'>anno</span> <span class='ocrx_word' id='word_1_392' title='bbox 1804 1800 1845 1832; x_wconf 91' lang='lat' dir='ltr'>ab</span> <span class='ocrx_word' id='word_1_393' title='bbox 1868 1800 2012 1830; x_wconf 81' lang='lat' dir='ltr'>incarna-</span> 
     </span>
     <span class='ocr_line' id='line_1_41' title="bbox 367 1852 2013 1894; baseline -0.001 -11"><span class='ocrx_word' id='word_1_394' title='bbox 367 1854 453 1884; x_wconf 83' lang='lat' dir='ltr'>tione</span> <span class='ocrx_word' id='word_1_395' title='bbox 476 1853 606 1884; x_wconf 89' lang='lat' dir='ltr'>Domini</span> <span class='ocrx_word' id='word_1_396' title='bbox 639 1852 843 1884; x_wconf 79' lang='lat' dir='ltr'>MLXXVII.</span> <span class='ocrx_word' id='word_1_397' title='bbox 873 1857 1095 1883; x_wconf 84' lang='lat' dir='ltr'>convenerunt</span> <span class='ocrx_word' id='word_1_398' title='bbox 1124 1864 1230 1884; x_wconf 79' lang='lat' dir='ltr'>mense</span> <span class='ocrx_word' id='word_1_399' title='bbox 1259 1853 1374 1884; x_wconf 85' lang='lat' dir='ltr'>Martio</span> <span class='ocrx_word' id='word_1_400' title='bbox 1404 1853 1545 1894; x_wconf 77' lang='lat' dir='ltr'>episcopi</span> <span class='ocrx_word' id='word_1_401' title='bbox 1575 1858 1607 1884; x_wconf 89' lang='lat' dir='ltr'>et</span> <span class='ocrx_word' id='word_1_402' title='bbox 1635 1853 1810 1894; x_wconf 86' lang='lat' dir='ltr'>principes,</span> <span class='ocrx_word' id='word_1_403' title='bbox 1840 1852 1894 1894; x_wconf 91' lang='lat' dir='ltr'>qui</span> <span class='ocrx_word' id='word_1_404' title='bbox 1923 1856 2013 1882; x_wconf 84' lang='lat' dir='ltr'>erant</span> 
     </span>
     <span class='ocr_line' id='line_1_42' title="bbox 367 1902 2014 1947; baseline -0.001 -11"><span class='ocrx_word' id='word_1_405' title='bbox 367 1917 407 1936; x_wconf 83' lang='lat' dir='ltr'>ex</span> <span class='ocrx_word' id='word_1_406' title='bbox 436 1911 528 1947; x_wconf 87' lang='lat' dir='ltr'>parte</span> <span class='ocrx_word' id='word_1_407' title='bbox 559 1904 763 1935; x_wconf 86' lang='lat' dir='ltr'>Ilildebranti</span> <span class='ocrx_word' id='word_1_408' title='bbox 794 1915 907 1946; x_wconf 89' lang='lat' dir='ltr'>papae,</span> <span class='ocrx_word' id='word_1_409' title='bbox 939 1909 968 1935; x_wconf 86' lang='lat' dir='ltr'>et</span> <span class='ocrx_word' id='word_1_410' title='bbox 997 1904 1161 1945; x_wconf 82' lang='lat' dir='ltr'>elegerunt</span> <span class='ocrx_word' id='word_1_411' title='bbox 1194 1916 1302 1946; x_wconf 82' lang='lat' dir='ltr'>regem</span> <span class='ocrx_word' id='word_1_412' title='bbox 1335 1911 1446 1935; x_wconf 83' lang='lat' dir='ltr'>contra</span> <span class='ocrx_word' id='word_1_413' title='bbox 1476 1915 1596 1946; x_wconf 81' lang='lat' dir='ltr'>regem,</span> <span class='ocrx_word' id='word_1_414' title='bbox 1627 1905 1712 1936; x_wconf 89' lang='lat' dir='ltr'>circa</span> <span class='ocrx_word' id='word_1_415' title='bbox 1743 1904 1869 1935; x_wconf 86' lang='lat' dir='ltr'>tertiam</span> <span class='ocrx_word' id='word_1_416' title='bbox 1893 1902 2014 1934; x_wconf 86' lang='lat' dir='ltr'>scilicet</span> 
     </span>
     <span class='ocr_line' id='line_1_43' title="bbox 367 1954 2013 1998; baseline -0.001 -11"><span class='ocrx_word' id='word_1_417' title='bbox 367 1956 602 1987; x_wconf 84' lang='lat' dir='ltr'>hebdomadam</span> <span class='ocrx_word' id='word_1_418' title='bbox 638 1956 920 1998; x_wconf 83' lang='lat' dir='ltr'>quadragesimae,</span> <span class='ocrx_word' id='word_1_419' title='bbox 959 1955 1077 1998; x_wconf 85' lang='lat' dir='ltr'>quibus</span> <span class='ocrx_word' id='word_1_420' title='bbox 1114 1955 1238 1987; x_wconf 86' lang='lat' dir='ltr'>scilicet</span> <span class='ocrx_word' id='word_1_421' title='bbox 1271 1957 1485 1987; x_wconf 88' lang='lat' dir='ltr'>sacrosanctis</span> <span class='ocrx_word' id='word_1_422' title='bbox 1524 1956 1639 1987; x_wconf 90' lang='lat' dir='ltr'>diebus</span> <span class='ocrx_word' id='word_1_423' title='bbox 1672 1955 1802 1987; x_wconf 86' lang='lat' dir='ltr'>iubetur</span> <span class='ocrx_word' id='word_1_424' title='bbox 1839 1954 2013 1986; x_wconf 83' lang='lat' dir='ltr'>christiana</span> 
     </span>
     <span class='ocr_line' id='line_1_44' title="bbox 368 2006 2012 2050; baseline 0 -12"><span class='ocrx_word' id='word_1_425' title='bbox 368 2008 478 2049; x_wconf 72' lang='lat' dir='ltr'>religio</span> <span class='ocrx_word' id='word_1_426' title='bbox 508 2007 640 2038; x_wconf 88' lang='lat' dir='ltr'>aliorum</span> <span class='ocrx_word' id='word_1_427' title='bbox 673 2014 854 2050; x_wconf 88' lang='lat' dir='ltr'>temporum</span> <span class='ocrx_word' id='word_1_428' title='bbox 885 2007 1096 2049; x_wconf 71' lang='lat' dir='ltr'>negligentias</span> <span class='ocrx_word' id='word_1_429' title='bbox 1125 2007 1247 2039; x_wconf 88' lang='lat' dir='ltr'>diluere</span> <span class='ocrx_word' id='word_1_430' title='bbox 1275 2014 1306 2040; x_wconf 91' lang='lat' dir='ltr'>et</span> <span class='ocrx_word' id='word_1_431' title='bbox 1336 2008 1418 2039; x_wconf 87' lang='lat' dir='ltr'>sicut</span> <span class='ocrx_word' id='word_1_432' title='bbox 1449 2019 1554 2039; x_wconf 78' lang='lat' dir='ltr'>rerum</span> <span class='ocrx_word' id='word_1_433' title='bbox 1582 2009 1626 2039; x_wconf 86' lang='lat' dir='ltr'>ita</span> <span class='ocrx_word' id='word_1_434' title='bbox 1649 2018 1778 2050; x_wconf 85' lang='lat' dir='ltr'>quoquc</span> <span class='ocrx_word' id='word_1_435' title='bbox 1804 2007 1917 2038; x_wconf 80' lang='lat' dir='ltr'>offerre</span> <span class='ocrx_word' id='word_1_436' title='bbox 1940 2006 2012 2038; x_wconf 89' lang='lat' dir='ltr'>Deo</span> 
     </span>
     <span class='ocr_line' id='line_1_45' title="bbox 369 2059 2012 2102; baseline -0.001 -12"><span class='ocrx_word' id='word_1_437' title='bbox 369 2061 509 2090; x_wconf 81' lang='lat' dir='ltr'>decimas</span> <span class='ocrx_word' id='word_1_438' title='bbox 534 2059 667 2101; x_wconf 88' lang='lat' dir='ltr'>dicrum,</span> <span class='ocrx_word' id='word_1_439' title='bbox 692 2060 820 2102; x_wconf 85' lang='lat' dir='ltr'>quando</span> <span class='ocrx_word' id='word_1_440' title='bbox 845 2060 939 2090; x_wconf 86' lang='lat' dir='ltr'>etiam</span> <span class='ocrx_word' id='word_1_441' title='bbox 965 2060 1124 2101; x_wconf 84' lang='lat' dir='ltr'>praecipit</span> <span class='ocrx_word' id='word_1_442' title='bbox 1149 2060 1307 2090; x_wconf 85' lang='lat' dir='ltr'>Dominus</span> <span class='ocrx_word' id='word_1_443' title='bbox 1331 2071 1388 2101; x_wconf 86' lang='lat' dir='ltr'>per</span> <span class='ocrx_word' id='word_1_444' title='bbox 1412 2060 1650 2102; x_wconf 80' lang='lat' dir='ltr'>praedicatores</span> <span class='ocrx_word' id='word_1_445' title='bbox 1678 2070 1753 2090; x_wconf 87' lang='lat' dir='ltr'>suos</span> <span class='ocrx_word' id='word_1_446' title='bbox 1776 2060 1925 2090; x_wconf 84' lang='lat' dir='ltr'>insonare</span> <span class='ocrx_word' id='word_1_447' title='bbox 1950 2069 2012 2090; x_wconf 88' lang='lat' dir='ltr'>non</span> 
     </span>
     <span class='ocr_line' id='line_1_46' title="bbox 368 2110 2012 2154; baseline 0.001 -13"><span class='ocrx_word' id='word_1_448' title='bbox 368 2112 495 2151; x_wconf 81' lang='lat' dir='ltr'>signum</span> <span class='ocrx_word' id='word_1_449' title='bbox 521 2110 605 2150; x_wconf 76' lang='lat' dir='ltr'>belli,</span> <span class='ocrx_word' id='word_1_450' title='bbox 629 2111 684 2142; x_wconf 88' lang='lat' dir='ltr'>scd</span> <span class='ocrx_word' id='word_1_451' title='bbox 710 2113 819 2142; x_wconf 82' lang='lat' dir='ltr'>tubam</span> <span class='ocrx_word' id='word_1_452' title='bbox 844 2111 1092 2153; x_wconf 86' lang='lat' dir='ltr'>praedicationis</span> <span class='ocrx_word' id='word_1_453' title='bbox 1125 2111 1163 2142; x_wconf 89' lang='lat' dir='ltr'>ad</span> <span class='ocrx_word' id='word_1_454' title='bbox 1197 2112 1438 2143; x_wconf 87' lang='lat' dir='ltr'>convocandum</span> <span class='ocrx_word' id='word_1_455' title='bbox 1470 2112 1500 2142; x_wconf 91' lang='lat' dir='ltr'>in</span> <span class='ocrx_word' id='word_1_456' title='bbox 1531 2111 1667 2143; x_wconf 83' lang='lat' dir='ltr'>ecclesia</span> <span class='ocrx_word' id='word_1_457' title='bbox 1696 2111 1850 2154; x_wconf 89' lang='lat' dir='ltr'>populum</span> <span class='ocrx_word' id='word_1_458' title='bbox 1882 2116 2012 2153; x_wconf 85' lang='lat' dir='ltr'>propter</span> 
     </span>
     <span class='ocr_line' id='line_1_47' title="bbox 369 2163 2013 2205; baseline 0.001 -14"><span class='ocrx_word' id='word_1_459' title='bbox 369 2163 584 2204; x_wconf 81' lang='lat' dir='ltr'>poenitentiae</span> <span class='ocrx_word' id='word_1_460' title='bbox 621 2163 774 2195; x_wconf 86' lang='lat' dir='ltr'>studium.</span> <span class='ocrx_word' id='word_1_461' title='bbox 833 2163 959 2202; x_wconf 58' lang='lat' dir='ltr'>(hwile,</span> <span class='ocrx_word' id='word_1_462' title='bbox 994 2164 1111 2205; x_wconf 85' lang='lat' dir='ltr'>inquit,</span> <span class='ocrx_word' id='word_1_463' title='bbox 1147 2163 1224 2194; x_wconf 75' lang='lat' dir='ltr'>tuba</span> <span class='ocrx_word' id='word_1_464' title='bbox 1260 2165 1295 2194; x_wconf 74' lang='lat' dir='ltr'>in</span> <span class='ocrx_word' id='word_1_465' title='bbox 1328 2164 1425 2204; x_wconf 79' lang='lat' dir='ltr'>Sion,</span> <span class='ocrx_word' id='word_1_466' title='bbox 1458 2164 1662 2204; x_wconf 74' lang='lat' dir='ltr'>sanctificate</span> <span class='ocrx_word' id='word_1_467' title='bbox 1692 2164 1869 2203; x_wconf 74' lang='lat' dir='ltr'>ieiunium,</span> <span class='ocrx_word' id='word_1_468' title='bbox 1903 2167 2013 2193; x_wconf 74' lang='lat' dir='ltr'>vocare</span> 
     </span>
     <span class='ocr_line' id='line_1_48' title="bbox 369 2215 2012 2256; baseline 0 -11"><span class='ocrx_word' id='word_1_469' title='bbox 369 2220 499 2253; x_wconf 67' lang='lat' dir='ltr'>coelum,</span> <span class='ocrx_word' id='word_1_470' title='bbox 530 2220 726 2255; x_wconf 54' lang='lat' dir='ltr'>catini-effare</span> <span class='ocrx_word' id='word_1_471' title='bbox 747 2215 918 2256; x_wconf 72' lang='lat' dir='ltr'>populum,</span> <span class='ocrx_word' id='word_1_472' title='bbox 949 2216 1153 2255; x_wconf 63' lang='lat' dir='ltr'>sanctificare</span> <span class='ocrx_word' id='word_1_473' title='bbox 1177 2216 1354 2254; x_wconf 78' lang='lat' dir='ltr'>ecclesiam,</span> <span class='ocrx_word' id='word_1_474' title='bbox 1385 2216 1570 2247; x_wconf 72' lang='lat' dir='ltr'>coadunate</span> <span class='ocrx_word' id='word_1_475' title='bbox 1592 2227 1692 2255; x_wconf 60' lang='lat' dir='ltr'>senae,</span> <span class='ocrx_word' id='word_1_476' title='bbox 1721 2219 1915 2256; x_wconf 68' lang='lat' dir='ltr'>conyreyate</span> <span class='ocrx_word' id='word_1_477' title='bbox 1933 2225 2012 2255; x_wconf 80' lang='lat' dir='ltr'>par-</span> 
     </span>
    </p>
   </div>
   <div class='ocr_carea' id='block_1_9' title="bbox 298 2265 2013 2359">
    <p class='ocr_par' dir='ltr' id='par_1_10' title="bbox 298 2265 2013 2359">
     <span class='ocr_line' id='line_1_49' title="bbox 298 2265 2011 2308; baseline 0.001 -13"><span class='ocrx_word' id='word_1_478' title='bbox 298 2279 308 2290; x_wconf 53' lang='lat'><em>*</em></span> <span class='ocrx_word' id='word_1_479' title='bbox 344 2266 460 2296; x_wconf 64' lang='grc' dir='ltr'>,υιιΙος</span> <span class='ocrx_word' id='word_1_480' title='bbox 493 2271 520 2293; x_wconf 63' lang='grc' dir='ltr'><em>Λ</em></span> <span class='ocrx_word' id='word_1_481' title='bbox 555 2272 704 2307; x_wconf 70' lang='lat' dir='ltr'>suycntes</span> <span class='ocrx_word' id='word_1_482' title='bbox 740 2267 849 2297; x_wconf 75' lang='lat' dir='ltr'>ubera.</span> <span class='ocrx_word' id='word_1_483' title='bbox 907 2266 948 2297; x_wconf 78' lang='lat' dir='ltr'>Et</span> <span class='ocrx_word' id='word_1_484' title='bbox 982 2267 1115 2297; x_wconf 84' lang='lat' dir='ltr'>iterum:</span> <span class='ocrx_word' id='word_1_485' title='bbox 1151 2266 1276 2305; x_wconf 80' lang='lat' dir='ltr'>Clama,</span> <span class='ocrx_word' id='word_1_486' title='bbox 1311 2279 1350 2298; x_wconf 79' lang='lat' dir='ltr'>nc</span> <span class='ocrx_word' id='word_1_487' title='bbox 1385 2279 1494 2307; x_wconf 73' lang='lat' dir='ltr'>cesses,</span> <span class='ocrx_word' id='word_1_488' title='bbox 1529 2268 1627 2308; x_wconf 78' lang='lat' dir='ltr'>qnasi</span> <span class='ocrx_word' id='word_1_489' title='bbox 1659 2267 1734 2297; x_wconf 73' lang='lat' dir='ltr'>tuba</span> <span class='ocrx_word' id='word_1_490' title='bbox 1769 2265 1880 2297; x_wconf 65' lang='lat' dir='ltr'>exalta</span> <span class='ocrx_word' id='word_1_491' title='bbox 1910 2276 2011 2297; x_wconf 85' lang='lat' dir='ltr'>vocem</span> 
     </span>
     <span class='ocr_line' id='line_1_50' title="bbox 322 2316 2013 2359; baseline 0.002 -16"><span class='ocrx_word' id='word_1_492' title='bbox 322 2323 469 2356; x_wconf 37' lang='lat' dir='ltr'>mmmm,</span> <span class='ocrx_word' id='word_1_493' title='bbox 501 2324 527 2347; x_wconf 74' lang='lat' dir='ltr'>el</span> <span class='ocrx_word' id='word_1_494' title='bbox 558 2319 724 2348; x_wconf 71' lang='lat' dir='ltr'>annuntia</span> <span class='ocrx_word' id='word_1_495' title='bbox 756 2318 879 2359; x_wconf 74' lang='lat' dir='ltr'>populo</span> <span class='ocrx_word' id='word_1_496' title='bbox 911 2330 977 2349; x_wconf 82' lang='lat' dir='ltr'>meo</span> <span class='ocrx_word' id='word_1_497' title='bbox 1008 2318 1127 2349; x_wconf 75' lang='lat' dir='ltr'>scelera</span> <span class='ocrx_word' id='word_1_498' title='bbox 1160 2330 1269 2349; x_wconf 79' lang='lat' dir='ltr'>eornm</span> <span class='ocrx_word' id='word_1_499' title='bbox 1301 2324 1327 2348; x_wconf 70' lang='lat' dir='ltr'>e!</span> <span class='ocrx_word' id='word_1_500' title='bbox 1359 2319 1470 2349; x_wconf 79' lang='lat' dir='ltr'>domni</span> <span class='ocrx_word' id='word_1_501' title='bbox 1495 2319 1589 2349; x_wconf 81' lang='lat' dir='ltr'>Iacob</span> <span class='ocrx_word' id='word_1_502' title='bbox 1611 2324 1746 2359; x_wconf 70' lang='lat' dir='ltr'>peccata</span> <span class='ocrx_word' id='word_1_503' title='bbox 1772 2318 1904 2357; x_wconf 69' lang='grc' dir='ltr'><em>ἐοι-ιιηι,</em></span> <span class='ocrx_word' id='word_1_504' title='bbox 1933 2316 2013 2348; x_wconf 85' lang='lat' dir='ltr'>dicit</span> 
     </span>
    </p>
   </div>
   <div class='ocr_carea' id='block_1_10' title="bbox 370 2369 2013 2618">
    <p class='ocr_par' dir='ltr' id='par_1_11' title="bbox 370 2369 2013 2618">
     <span class='ocr_line' id='line_1_51' title="bbox 370 2369 2013 2412; baseline 0.002 -16"><span class='ocrx_word' id='word_1_505' title='bbox 370 2369 516 2399; x_wconf 76' lang='lat' dir='ltr'>dominus</span> <span class='ocrx_word' id='word_1_506' title='bbox 538 2369 631 2402; x_wconf 69' lang='lat' dir='ltr'>Deus,</span> <span class='ocrx_word' id='word_1_507' title='bbox 675 2369 806 2407; x_wconf 66' lang='lat' dir='ltr'>Legitur</span> <span class='ocrx_word' id='word_1_508' title='bbox 823 2381 950 2411; x_wconf 79' lang='lat' dir='ltr'>quoque</span> <span class='ocrx_word' id='word_1_509' title='bbox 975 2370 1005 2399; x_wconf 91' lang='lat' dir='ltr'>in</span> <span class='ocrx_word' id='word_1_510' title='bbox 1030 2369 1110 2400; x_wconf 91' lang='lat' dir='ltr'>libro</span> <span class='ocrx_word' id='word_1_511' title='bbox 1129 2371 1262 2401; x_wconf 80' lang='lat' dir='ltr'>Romani</span> <span class='ocrx_word' id='word_1_512' title='bbox 1287 2371 1406 2400; x_wconf 87' lang='lat' dir='ltr'>ordinis</span> <span class='ocrx_word' id='word_1_513' title='bbox 1416 2375 1437 2409; x_wconf 69' lang='lat'>⁴,</span> <span class='ocrx_word' id='word_1_514' title='bbox 1463 2371 1537 2412; x_wconf 86' lang='lat' dir='ltr'>qnia</span> <span class='ocrx_word' id='word_1_515' title='bbox 1554 2369 1631 2400; x_wconf 91' lang='lat' dir='ltr'>ordo</span> <span class='ocrx_word' id='word_1_516' title='bbox 1654 2370 1879 2400; x_wconf 88' lang='lat' dir='ltr'>scrutiniorum</span> <span class='ocrx_word' id='word_1_517' title='bbox 1900 2374 2013 2410; x_wconf 78' lang='lat' dir='ltr'>quarta</span> 
     </span>
     <span class='ocr_line' id='line_1_52' title="bbox 371 2419 2011 2463; baseline 0 -13"><span class='ocrx_word' id='word_1_518' title='bbox 371 2421 449 2450; x_wconf 74' lang='lat' dir='ltr'>feria</span> <span class='ocrx_word' id='word_1_519' title='bbox 474 2421 584 2451; x_wconf 80' lang='lat' dir='ltr'>tertiae</span> <span class='ocrx_word' id='word_1_520' title='bbox 610 2421 638 2449; x_wconf 88' lang='lat' dir='ltr'>in</span> <span class='ocrx_word' id='word_1_521' title='bbox 665 2421 910 2461; x_wconf 68' lang='lat' dir='ltr'>quadragesima</span> <span class='ocrx_word' id='word_1_522' title='bbox 935 2421 1155 2452; x_wconf 77' lang='lat' dir='ltr'>hebdomadae</span> <span class='ocrx_word' id='word_1_523' title='bbox 1188 2427 1319 2463; x_wconf 86' lang='lat' dir='ltr'>propter</span> <span class='ocrx_word' id='word_1_524' title='bbox 1341 2432 1443 2452; x_wconf 78' lang='lat' dir='ltr'>novac</span> <span class='ocrx_word' id='word_1_525' title='bbox 1467 2421 1587 2453; x_wconf 84' lang='lat' dir='ltr'>scilicet</span> <span class='ocrx_word' id='word_1_526' title='bbox 1619 2421 1873 2462; x_wconf 80' lang='lat' dir='ltr'>regenerationis</span> <span class='ocrx_word' id='word_1_527' title='bbox 1905 2419 2011 2451; x_wconf 83' lang='lat' dir='ltr'>eandi-</span> 
     </span>
     <span class='ocr_line' id='line_1_53' title="bbox 370 2471 2010 2514; baseline 0.001 -13"><span class='ocrx_word' id='word_1_528' title='bbox 370 2473 477 2502; x_wconf 79' lang='lat' dir='ltr'>‹latnm</span> <span class='ocrx_word' id='word_1_529' title='bbox 504 2473 645 2502; x_wconf 83' lang='lat' dir='ltr'>initiatur</span> <span class='ocrx_word' id='word_1_530' title='bbox 670 2478 698 2502; x_wconf 64' lang='lat' dir='ltr'>vt</span> <span class='ocrx_word' id='word_1_531' title='bbox 723 2473 752 2502; x_wconf 91' lang='lat' dir='ltr'>in</span> <span class='ocrx_word' id='word_1_532' title='bbox 777 2472 911 2503; x_wconf 77' lang='lat' dir='ltr'>sabbato</span> <span class='ocrx_word' id='word_1_533' title='bbox 935 2478 1044 2503; x_wconf 69' lang='lat' dir='ltr'>sancto</span> <span class='ocrx_word' id='word_1_534' title='bbox 1069 2484 1183 2514; x_wconf 86' lang='lat' dir='ltr'>pascae</span> <span class='ocrx_word' id='word_1_535' title='bbox 1208 2474 1325 2512; x_wconf 78' lang='lat' dir='ltr'>finitur,</span> <span class='ocrx_word' id='word_1_536' title='bbox 1351 2480 1383 2504; x_wconf 89' lang='lat' dir='ltr'>ut</span> <span class='ocrx_word' id='word_1_537' title='bbox 1407 2473 1582 2504; x_wconf 87' lang='lat' dir='ltr'>secundum</span> <span class='ocrx_word' id='word_1_538' title='bbox 1608 2473 1742 2503; x_wconf 79' lang='lat' dir='ltr'>formam</span> <span class='ocrx_word' id='word_1_539' title='bbox 1768 2471 1829 2503; x_wconf 81' lang='lat' dir='ltr'>VII</span> <span class='ocrx_word' id='word_1_540' title='bbox 1854 2471 2010 2502; x_wconf 88' lang='lat' dir='ltr'>donorum</span> 
     </span>
     <span class='ocr_line' id='line_1_54' title="bbox 371 2522 2011 2567; baseline 0.002 -16"><span class='ocrx_word' id='word_1_541' title='bbox 371 2524 510 2564; x_wconf 69' lang='lat' dir='ltr'>Spiritus</span> <span class='ocrx_word' id='word_1_542' title='bbox 535 2525 634 2553; x_wconf 76' lang='lat' dir='ltr'>saneti</span> <span class='ocrx_word' id='word_1_543' title='bbox 663 2524 721 2554; x_wconf 66' lang='lat' dir='ltr'>x&#39;ll</span> <span class='ocrx_word' id='word_1_544' title='bbox 749 2525 901 2555; x_wconf 75' lang='lat' dir='ltr'>scrutinia</span> <span class='ocrx_word' id='word_1_545' title='bbox 925 2533 955 2555; x_wconf 84' lang='lat' dir='ltr'>et</span> <span class='ocrx_word' id='word_1_546' title='bbox 979 2525 1112 2555; x_wconf 75' lang='lat' dir='ltr'>totidem</span> <span class='ocrx_word' id='word_1_547' title='bbox 1139 2525 1327 2565; x_wconf 77' lang='lat' dir='ltr'>oblationes,</span> <span class='ocrx_word' id='word_1_548' title='bbox 1352 2536 1430 2567; x_wconf 83' lang='lat' dir='ltr'>quas</span> <span class='ocrx_word' id='word_1_549' title='bbox 1448 2526 1563 2567; x_wconf 82' lang='lat' dir='ltr'>patrini</span> <span class='ocrx_word' id='word_1_550' title='bbox 1590 2525 1638 2555; x_wconf 76' lang='lat' dir='ltr'>vel</span> <span class='ocrx_word' id='word_1_551' title='bbox 1657 2525 1812 2555; x_wconf 85' lang='lat' dir='ltr'>matrinae</span> <span class='ocrx_word' id='word_1_552' title='bbox 1829 2534 1886 2565; x_wconf 89' lang='lat' dir='ltr'>pro</span> <span class='ocrx_word' id='word_1_553' title='bbox 1902 2522 2011 2555; x_wconf 88' lang='lat' dir='ltr'>electis</span> 
     </span>
     <span class='ocr_line' id='line_1_55' title="bbox 371 2574 2010 2618; baseline 0.001 -14"><span class='ocrx_word' id='word_1_554' title='bbox 371 2576 522 2605; x_wconf 75' lang='lat' dir='ltr'>iubentur</span> <span class='ocrx_word' id='word_1_555' title='bbox 546 2576 668 2608; x_wconf 71' lang='lat' dir='ltr'>oll&#39;crrc,</span> <span class='ocrx_word' id='word_1_556' title='bbox 694 2575 922 2617; x_wconf 69' lang='lat' dir='ltr'>compleantur.</span> <span class='ocrx_word' id='word_1_557' title='bbox 969 2576 1032 2607; x_wconf 62' lang='lat' dir='ltr'>Sed</span> <span class='ocrx_word' id='word_1_558' title='bbox 1057 2583 1167 2607; x_wconf 82' lang='lat' dir='ltr'>contra</span> <span class='ocrx_word' id='word_1_559' title='bbox 1191 2575 1277 2607; x_wconf 87' lang='lat' dir='ltr'>aliud</span> <span class='ocrx_word' id='word_1_560' title='bbox 1302 2588 1386 2607; x_wconf 87' lang='lat' dir='ltr'>nunc</span> <span class='ocrx_word' id='word_1_561' title='bbox 1410 2577 1586 2608; x_wconf 85' lang='lat' dir='ltr'>instituitur</span> <span class='ocrx_word' id='word_1_562' title='bbox 1613 2577 1681 2615; x_wconf 87' lang='lat' dir='ltr'>iter,</span> <span class='ocrx_word' id='word_1_563' title='bbox 1706 2586 1802 2618; x_wconf 84' lang='lat' dir='ltr'>qnam</span> <span class='ocrx_word' id='word_1_564' title='bbox 1826 2574 1867 2606; x_wconf 81' lang='lat' dir='ltr'>ad</span> <span class='ocrx_word' id='word_1_565' title='bbox 1892 2575 2010 2617; x_wconf 75' lang='lat' dir='ltr'>baptis-</span> 
     </span>
    </p>
   </div>
   <div class='ocr_carea' id='block_1_11' title="bbox 480 2650 917 2681">
    <p class='ocr_par' dir='ltr' id='par_1_12' title="bbox 480 2650 917 2681">
     <span class='ocr_line' id='line_1_56' title="bbox 480 2650 917 2681; baseline 0.002 -7"><span class='ocrx_word' id='word_1_566' title='bbox 480 2651 505 2676; x_wconf 61' lang='lat' dir='ltr'>a)</span> <span class='ocrx_word' id='word_1_567' title='bbox 529 2659 577 2675; x_wconf 72' lang='lat' dir='ltr'>nos</span> <span class='ocrx_word' id='word_1_568' title='bbox 603 2653 629 2681; x_wconf 87' lang='lat' dir='ltr'>l;</span> <span class='ocrx_word' id='word_1_569' title='bbox 650 2650 797 2676; x_wconf 66' lang='lat' dir='ltr'>schardius</span> <span class='ocrx_word' id='word_1_570' title='bbox 819 2653 917 2676; x_wconf 73' lang='lat' dir='ltr'>emend.</span> 
     </span>
    </p>
   </div>
   <div class='ocr_carea' id='block_1_12' title="bbox 370 2720 2010 2808">
    <p class='ocr_par' dir='ltr' id='par_1_13' title="bbox 370 2720 2010 2808">
     <span class='ocr_line' id='line_1_57' title="bbox 479 2720 2009 2757; baseline 0.001 -12"><span class='ocrx_word' id='word_1_571' title='bbox 479 2721 505 2747; x_wconf 59' lang='lat' dir='ltr'>li</span> <span class='ocrx_word' id='word_1_572' title='bbox 530 2720 619 2754; x_wconf 51' lang='lat' dir='ltr'>lipia.</span> <span class='ocrx_word' id='word_1_573' title='bbox 643 2721 707 2746; x_wconf 61' lang='lat'>1⁶7.</span> <span class='ocrx_word' id='word_1_574' title='bbox 733 2721 771 2745; x_wconf 77' lang='lat' dir='ltr'>ud</span> <span class='ocrx_word' id='word_1_575' title='bbox 797 2721 937 2746; x_wconf 71' lang='lat' dir='ltr'>Rusticum</span> <span class='ocrx_word' id='word_1_576' title='bbox 965 2722 1087 2748; x_wconf 70' lang='lat' dir='ltr'>Narbon.</span> <span class='ocrx_word' id='word_1_577' title='bbox 1113 2731 1172 2755; x_wconf 67' lang='lat' dir='ltr'>cp.;</span> <span class='ocrx_word' id='word_1_578' title='bbox 1197 2723 1232 2754; x_wconf 71' lang='lat' dir='ltr'>&#39;‘s-</span> <span class='ocrx_word' id='word_1_579' title='bbox 1257 2732 1342 2757; x_wconf 72' lang='lat' dir='ltr'>snpra</span> <span class='ocrx_word' id='word_1_580' title='bbox 1366 2732 1393 2756; x_wconf 80' lang='lat' dir='ltr'>p.</span> <span class='ocrx_word' id='word_1_581' title='bbox 1414 2723 1483 2748; x_wconf 77' lang='lat'>219.</span> <span class='ocrx_word' id='word_1_582' title='bbox 1551 2723 1581 2749; x_wconf 55' lang='lat'>25</span> <span class='ocrx_word' id='word_1_583' title='bbox 1605 2723 1702 2749; x_wconf 83' lang='lat' dir='ltr'>Sermo</span> <span class='ocrx_word' id='word_1_584' title='bbox 1726 2721 1753 2754; x_wconf 79' lang='lat'>2,</span> <span class='ocrx_word' id='word_1_585' title='bbox 1776 2724 1791 2753; x_wconf 66' lang='grc' dir='ltr'><strong>ξ</strong></span> <span class='ocrx_word' id='word_1_586' title='bbox 1815 2721 1842 2753; x_wconf 82' lang='lat' dir='ltr'>G,</span> <span class='ocrx_word' id='word_1_587' title='bbox 1869 2720 1939 2756; x_wconf 75' lang='lat' dir='ltr'>Opp.</span> <span class='ocrx_word' id='word_1_588' title='bbox 1957 2721 2009 2754; x_wconf 87' lang='lat' dir='ltr'>IV,</span> 
     </span>
     <span class='ocr_line' id='line_1_58' title="bbox 370 2771 2010 2808; baseline 0 -10"><span class='ocrx_word' id='word_1_589' title='bbox 370 2772 420 2798; x_wconf 68' lang='lat' dir='ltr'>cvl.</span> <span class='ocrx_word' id='word_1_590' title='bbox 448 2771 517 2797; x_wconf 70' lang='lat'><strong>73&#39;1&#39;.</strong></span> <span class='ocrx_word' id='word_1_591' title='bbox 627 2773 656 2800; x_wconf 69' lang='lat'>3]</span> <span class='ocrx_word' id='word_1_592' title='bbox 681 2772 726 2803; x_wconf 72' lang='lat' dir='ltr'>Cf.</span> <span class='ocrx_word' id='word_1_593' title='bbox 754 2772 850 2797; x_wconf 68' lang='lat' dir='ltr'>l&#39;rfrus</span> <span class='ocrx_word' id='word_1_594' title='bbox 876 2774 994 2797; x_wconf 51' lang='lat' dir='ltr'>‘&#39;ras-sus</span> <span class='ocrx_word' id='word_1_595' title='bbox 1017 2782 1039 2798; x_wconf 81' lang='lat' dir='ltr'>c.</span> <span class='ocrx_word' id='word_1_596' title='bbox 1060 2773 1085 2804; x_wconf 72' lang='lat'>7,</span> <span class='ocrx_word' id='word_1_597' title='bbox 1116 2773 1217 2798; x_wconf 79' lang='lat' dir='ltr'>Libelli</span> <span class='ocrx_word' id='word_1_598' title='bbox 1240 2775 1263 2806; x_wconf 93' lang='lat' dir='ltr'>I,</span> <span class='ocrx_word' id='word_1_599' title='bbox 1285 2784 1314 2807; x_wconf 74' lang='grc' dir='ltr'>μ,</span> <span class='ocrx_word' id='word_1_600' title='bbox 1334 2776 1411 2800; x_wconf 64' lang='lat'>-1-18:</span> <span class='ocrx_word' id='word_1_601' title='bbox 1437 2774 1610 2807; x_wconf 72' lang='lat' dir='ltr'>Tac-eamne,</span> <span class='ocrx_word' id='word_1_602' title='bbox 1641 2773 1718 2808; x_wconf 83' lang='lat' dir='ltr'>quod</span> <span class='ocrx_word' id='word_1_603' title='bbox 1748 2772 1822 2799; x_wconf 89' lang='lat' dir='ltr'>idem</span> <span class='ocrx_word' id='word_1_604' title='bbox 1853 2771 2010 2799; x_wconf 80' lang='lat' dir='ltr'>monachus</span> 
     </span>
    </p>
   </div>
   <div class='ocr_carea' id='block_1_13' title="bbox 370 2822 2011 2908">
    <p class='ocr_par' dir='ltr' id='par_1_14' title="bbox 370 2822 2011 2908">
     <span class='ocr_line' id='line_1_59' title="bbox 370 2822 2011 2859; baseline 0.001 -11"><span class='ocrx_word' id='word_1_605' title='bbox 370 2822 543 2857; x_wconf 58' lang='lat' dir='ltr'>Rlndolfum]</span> <span class='ocrx_word' id='word_1_606' title='bbox 568 2823 668 2848; x_wconf 69' lang='lat' dir='ltr'>ducem</span> <span class='ocrx_word' id='word_1_607' title='bbox 692 2832 753 2847; x_wconf 71' lang='lat' dir='ltr'>cum</span> <span class='ocrx_word' id='word_1_608' title='bbox 777 2823 950 2856; x_wconf 61' lang='lat' dir='ltr'>sequacibus</span> <span class='ocrx_word' id='word_1_609' title='bbox 967 2823 1024 2848; x_wconf 75' lang='lat' dir='ltr'>suis</span> <span class='ocrx_word' id='word_1_610' title='bbox 1048 2823 1075 2848; x_wconf 88' lang='lat' dir='ltr'>in</span> <span class='ocrx_word' id='word_1_611' title='bbox 1100 2823 1193 2849; x_wconf 79' lang='lat' dir='ltr'>:iuimn</span> <span class='ocrx_word' id='word_1_612' title='bbox 1217 2828 1244 2850; x_wconf 80' lang='lat' dir='ltr'>ct</span> <span class='ocrx_word' id='word_1_613' title='bbox 1269 2834 1390 2859; x_wconf 71' lang='lat' dir='ltr'>corporo</span> <span class='ocrx_word' id='word_1_614' title='bbox 1408 2825 1610 2851; x_wconf 75' lang='lat' dir='ltr'>mortificavit?</span> <span class='ocrx_word' id='word_1_615' title='bbox 1643 2826 1674 2852; x_wconf 86' lang='lat' dir='ltr'>S.</span> <span class='ocrx_word' id='word_1_616' title='bbox 1760 2824 1789 2858; x_wconf 80' lang='lat'>4)</span> <span class='ocrx_word' id='word_1_617' title='bbox 1815 2823 1890 2850; x_wconf 83' lang='lat' dir='ltr'>Ordo</span> <span class='ocrx_word' id='word_1_618' title='bbox 1907 2824 2011 2851; x_wconf 79' lang='lat' dir='ltr'>Roma—</span> 
     </span>
     <span class='ocr_line' id='line_1_60' title="bbox 370 2875 1106 2908; baseline 0.001 -9"><span class='ocrx_word' id='word_1_619' title='bbox 370 2884 420 2901; x_wconf 76' lang='lat' dir='ltr'>nus</span> <span class='ocrx_word' id='word_1_620' title='bbox 444 2875 504 2903; x_wconf 73' lang='lat' dir='ltr'><em>VII.</em></span> <span class='ocrx_word' id='word_1_621' title='bbox 532 2875 669 2900; x_wconf 67' lang='lat' dir='ltr'>Jlahillon</span> <span class='ocrx_word' id='word_1_622' title='bbox 695 2875 769 2900; x_wconf 54' lang='lat' dir='ltr'>llus.</span> <span class='ocrx_word' id='word_1_623' title='bbox 795 2875 887 2901; x_wconf 62' lang='lat' dir='ltr'>Italic.</span> <span class='ocrx_word' id='word_1_624' title='bbox 912 2879 930 2900; x_wconf 77' lang='lat' dir='ltr'>l.</span> <span class='ocrx_word' id='word_1_625' title='bbox 950 2875 988 2905; x_wconf 83' lang='lat' dir='ltr'>II,</span> <span class='ocrx_word' id='word_1_626' title='bbox 1011 2884 1038 2908; x_wconf 77' lang='lat' dir='ltr'>p.</span> <span class='ocrx_word' id='word_1_627' title='bbox 1058 2875 1106 2900; x_wconf 70' lang='grc'>82.</span> 
     </span>
    </p>
   </div>
   <div class='ocr_carea' id='block_1_14' title="bbox 2029 727 2056 746">
    <p class='ocr_par' dir='ltr' id='par_1_15' title="bbox 2029 727 2056 746">
     <span class='ocr_line' id='line_1_61' title="bbox 2029 727 2056 746; baseline 0 0"><span class='ocrx_word' id='word_1_628' title='bbox 2029 727 2056 746; x_wconf 86' lang='grc'>10</span> 
     </span>
    </p>
   </div>
   <div class='ocr_carea' id='block_1_15' title="bbox 2031 986 2056 1005">
    <p class='ocr_par' dir='ltr' id='par_1_16' title="bbox 2031 986 2056 1005">
     <span class='ocr_line' id='line_1_62' title="bbox 2031 986 2056 1005; baseline 0 0"><span class='ocrx_word' id='word_1_629' title='bbox 2031 986 2056 1005; x_wconf 81' lang='lat'>1⁵</span> 
     </span>
    </p>
   </div>
   <div class='ocr_carea' id='block_1_16' title="bbox 2031 1244 2058 1263">
    <p class='ocr_par' dir='ltr' id='par_1_17' title="bbox 2031 1244 2058 1263">
     <span class='ocr_line' id='line_1_63' title="bbox 2031 1244 2058 1263; baseline 0 0"><span class='ocrx_word' id='word_1_630' title='bbox 2031 1244 2058 1263; x_wconf 81' lang='lat'>2⁰</span> 
     </span>
    </p>
   </div>
   <div class='ocr_carea' id='block_1_17' title="bbox 2031 1501 2058 1521">
    <p class='ocr_par' dir='ltr' id='par_1_18' title="bbox 2031 1501 2058 1521">
     <span class='ocr_line' id='line_1_64' title="bbox 2031 1501 2058 1521; baseline 0.037 -1"><span class='ocrx_word' id='word_1_631' title='bbox 2031 1501 2058 1521; x_wconf 78' lang='lat'>2⁵</span> 
     </span>
    </p>
   </div>
   <div class='ocr_carea' id='block_1_18' title="bbox 2032 1759 2060 1779">
    <p class='ocr_par' dir='ltr' id='par_1_19' title="bbox 2032 1759 2060 1779">
     <span class='ocr_line' id='line_1_65' title="bbox 2032 1759 2060 1779; baseline 0 0"><span class='ocrx_word' id='word_1_632' title='bbox 2032 1759 2060 1779; x_wconf 76' lang='grc'>80</span> 
     </span>
    </p>
   </div>
   <div class='ocr_carea' id='block_1_19' title="bbox 2032 2018 2060 2038">
    <p class='ocr_par' dir='ltr' id='par_1_20' title="bbox 2032 2018 2060 2038">
     <span class='ocr_line' id='line_1_66' title="bbox 2032 2018 2060 2038; baseline 0.036 -1"><span class='ocrx_word' id='word_1_633' title='bbox 2032 2018 2060 2038; x_wconf 76' lang='grc'>85</span> 
     </span>
    </p>
   </div>
   <div class='ocr_carea' id='block_1_20' title="bbox 2030 2276 2058 2296">
    <p class='ocr_par' dir='ltr' id='par_1_21' title="bbox 2030 2276 2058 2296">
     <span class='ocr_line' id='line_1_67' title="bbox 2030 2276 2058 2296; baseline 0.036 -1"><span class='ocrx_word' id='word_1_634' title='bbox 2030 2276 2058 2296; x_wconf 67' lang='grc'>60</span> 
     </span>
    </p>
   </div>
   <div class='ocr_carea' id='block_1_21' title="bbox 2031 2532 2059 2552">
    <p class='ocr_par' dir='ltr' id='par_1_22' title="bbox 2031 2532 2059 2552">
     <span class='ocr_line' id='line_1_68' title="bbox 2031 2532 2059 2552; baseline 0 0"><span class='ocrx_word' id='word_1_635' title='bbox 2031 2532 2059 2552; x_wconf 70' lang='lat'>⁴⁶</span> 
     </span>
    </p>
   </div>
   <div class='ocr_carea' id='block_1_22' title="bbox 2030 2829 2058 2850">
    <p class='ocr_par' dir='ltr' id='par_1_23' title="bbox 2030 2829 2058 2850">
     <span class='ocr_line' id='line_1_69' title="bbox 2030 2829 2058 2850; baseline -0.036 0"><span class='ocrx_word' id='word_1_636' title='bbox 2030 2829 2058 2850; x_wconf 79' lang='lat'>⁶0</span> 
     </span>
    </p>
   </div>
   <div class='ocr_carea' id='block_1_23' title="bbox 2116 1380 2132 1680">
    <p class='ocr_par' dir='ltr' id='par_1_24' title="bbox 2116 1380 2132 1680">
     <span class='ocr_line' id='line_1_70' title="bbox 2116 1380 2132 1680; textangle 90"><span class='ocrx_word' id='word_1_637' title='bbox 2116 1380 2132 1680; x_wconf 46' lang='lat' dir='ltr'>-fifflW-——</span> 
     </span>
    </p>
   </div>
  </div>
 </body>
</html>
