2132 3067
617 153 733 180 LIBER
757 154 808 180 DE
832 153 988 181 HONORE
1011 152 1227 180 ECCLESIAE.
1683 149 1741 179 601

103 241 254 274 LXXVI.
300 241 424 281 Quiaa
458 242 652 272 Dominus
687 244 770 284 ipse
804 243 1274 273 excommunicationem
1309 242 1539 283 praecepit,
1575 247 1610 272 et
1644 242 1741 283 quid

404 293 570 324 intersit
601 294 705 324 inter
736 295 1095 325 excommunicare
1125 299 1163 324 et
1191 292 1428 324 eradicare?

203 354 268 385 Nos
292 355 410 396 itaque,
441 355 515 395 quia
539 354 570 384 in
595 353 728 394 longum
759 354 934 385 duximusb
958 365 1146 392 sermonem,
1178 360 1211 384 ut
1240 354 1270 384 in
1302 353 1371 391 hoc,
1402 353 1487 395 quod
1510 360 1656 394 apertum
1685 359 1742 392 est⁷
1763 359 1801 382 Ex
1822 359 1952 382 ratione-e.

98 406 249 438 inmorari
273 416 336 436 non
353 405 529 443 videamur,
556 405 696 436 breviter
719 405 812 436 huius
837 406 882 436 rei
907 406 1097 436 sententiam
1120 405 1328 446 proferamus.
1373 404 1461 435 Idem
1486 405 1555 446 ipse
1572 405 1742 445 Dominus,

67 472 80 492 5
99 458 151 500 qui
174 457 233 488 hoc
255 455 463 499 parabolice'³
486 456 538 487 hic
563 462 723 495 enarrate,
753 463 862 498 aperte
891 456 966 487 alibi
999 456 1364 487 excommunicationem
1396 456 1463 486 fieri
1496 456 1583 487 iubet
1615 457 1742 487 dicens:

98 510 212 541 Frater
235 510 292 550 qui
315 509 496 549 corripitur
519 508 558 539 ab
583 507 740 539 aecclesia
765 513 791 539 et
816 520 880 539 non
905 508 1008 539 obedit
1038 511 1079 539 sit
1109 509 1167 539 tibi
1195 510 1277 538 sicut
1301 508 1446 538 ethnicus
1474 513 1500 538 et
1528 508 1741 549 publicanus.
1762 517 1980 540 Matthaeus—17,

99 560 190 592 Unde
213 564 349 602 apparet
371 559 494 602 liquido
517 558 603 590 aliud
629 571 700 590 esse
723 560 1087 590 excommunicationem
1111 564 1142 590 et
1165 559 1249 590 aliud
1274 559 1531 590 eradicationem.
1571 560 1632 597 Qui
1657 560 1741 590 enim

98 612 403 650 excommunicatur,
427 617 462 642 ut
477 610 643 653 apostolus
666 611 720 649 ait,
744 610 785 641 ad
808 610 868 641 hoc
884 611 1193 650 excommunicatur,
1218 616 1253 641 ut
1275 611 1413 651 spiritus
1437 611 1548 641 salvas
1571 612 1613 641 si!
1637 612 1671 641 in
1690 611 1741 641 die
1764 621 1903 641 1.Cor.5.5.

96 664 241 696 Domini.
285 662 466 704 Disciplina
489 668 538 693 est
561 663 645 693 enim
669 663 972 703 excommunicatio,
996 668 1027 693 et
1050 673 1112 692 non
1137 662 1321 701 eradicatio,
1348 662 1409 691 nisi
1433 662 1514 692 forte
1538 662 1742 703 contemptus

51 730 78 750 10
96 721 127 748 et
156 714 308 757 superbia
339 715 516 756 proveniat.
561 714 753 745 Donatistae
783 720 900 754 autem,
932 719 1089 755 quantum
1119 714 1150 744 in
1179 714 1260 754 ipsis
1288 719 1364 751 erat⁷
1396 724 1522 743 omnem
1552 713 1740 744 aecclesiam

96 778 153 810 per
175 767 360 798 universum
384 765 539 797 mundum
563 766 712 797 diffusam
736 764 776 795 dc
799 776 876 807 agro
894 765 956 796 Dei
980 765 1224 796 eradicaverant
1246 770 1277 795 et
1300 776 1332 795 se
1357 764 1440 795 solos
1457 776 1531 795 vere
1551 765 1741 795 christianos

95 829 164 851 esse
187 817 369 849 credebant.
414 818 452 849 In
476 822 599 849 tantum
625 822 732 848 autem
757 816 817 847 hoc
841 817 959 847 malum
984 822 1137 855 creverat,
1167 823 1202 847 ut
1224 816 1398 847 catholicos
1423 817 1517 846 etiam
1543 816 1741 857 rebaptizare

95 869 264 909 auderent;
289 869 375 912 quod
398 879 472 900 vere
496 880 566 900 esse
589 869 753 900 eradicare
777 868 855 898 nulli
884 869 1022 910 sapienti
1051 869 1249 909 incognitum
1274 874 1331 898 est.
1375 867 1571 898 Provenerat
1590 878 1665 897 vero
1683 868 1742 898 hoc

95 923 212 954 scisma
234 932 272 953 eo
282 928 306 961 ἔ,
331 920 416 963 quod
439 921 636 952 accusabant
652 920 871 952 Caecilianum
890 920 1113 961 episcopatum
1131 919 1395 961 Cartaginensem
1419 920 1535 949 iniuste
1552 920 1741 960 suscepisse,

51 987 77 1007 ιτ»
96 974 202 1018 quod¹¹
226 973 360 1005 concilio
385 972 559 1003 universali
582 972 703 1003 Romae
727 971 835 1003 habito
861 971 997 1012 probare
1029 982 1093 1002 non
1117 976 1299 1013 potuerunt.
1345 970 1466 1001 Iudicio
1490 971 1597 1012 itaque
1621 971 1741 1011 episco-

95 1037 207 1069 porum
231 1024 433 1057 Caecilianus
457 1025 490 1055 in
513 1025 701 1066 episcopatu
724 1023 869 1054 firmatus
892 1028 950 1054 est.
997 1023 1068 1062 Quo
1093 1023 1177 1054 facto
1207 1023 1252 1053 illi
1279 1022 1435 1062 indignati
1461 1023 1576 1052 scisma
1598 1022 1743 1052 fecerunt

95 1083 126 1110 et
148 1077 329 1109 diviserunt
358 1088 391 1108 se
416 1077 502 1107 omni
533 1075 652 1118 populo
677 1076 852 1106 christiano
877 1080 1007 1116 propter
1038 1075 1132 1105 unius
1163 1074 1300 1105 hominis
1330 1073 1441 1104 falsam
1475 1073 1740 1104 criminationem.

95 1130 138 1161 Et
159 1128 235 1160 inde
258 1134 316 1169 est,
339 1128 425 1170 quod
449 1129 561 1160 beatus
585 1128 787 1169 Augustinus
811 1127 1000 1168 saepissime
1024 1125 1137 1157 dicit¹z
1168 1126 1240 1157 Etsi
1262 1138 1338 1157 vera
1363 1126 1504 1156 crimina
1529 1126 1606 1156 haec
1629 1130 1742 1161 essent,

96 1193 160 1213 non
181 1185 360 1222 propterea
384 1191 440 1211 vos
469 1180 508 1211 ab
534 1179 681 1210 omnibus
707 1179 899 1210 christianis
923 1178 1070 1209 dividere
1094 1178 1266 1210 debebatis.
1311 1177 1452 1208 Ferendi
1480 1182 1556 1208 sunt
1585 1176 1675 1216 mali,
1706 1178 1740 1206 in

50 1247 76 1266 no
97 1244 177 1276 αρτ-ο
203 1232 367 1264 vobiscum
397 1243 463 1263 esse
482 1235 633 1273 possunt,
664 1231 699 1261 in
731 1230 845 1260 horreo
874 1241 948 1260 vero
980 1241 1197 1272 nequaquam.
1243 1228 1366 1260 videns
1396 1234 1502 1260 autem
1532 1227 1591 1258 hoc
1622 1227 1740 1258 malum

95 1289 204 1317 sancta
228 1284 290 1316 Dei
307 1283 464 1314 aeeclesia
480 1282 656 1314 catholicai
683 1281 828 1312 conciliis
851 1281 943 1312 factis
960 1282 1254 1312 excommunicavit
1277 1292 1341 1312 eos.
1386 1281 1449 1319 Qui
1471 1291 1532 1310 non
1557 1280 1742 1317 timuerunt,

95 1337 150 1370 sed
174 1336 325 1379 persequi
356 1334 565 1376 spiritualiter
596 1340 626 1365 et
649 1333 860 1375 corporaliter
885 1332 1075 1364 aecclesiam
1099 1333 1162 1364 Dei
1191 1338 1354 1374 ceperunt.
1400 1331 1494 1370 Quod
1517 1331 1663 1362 videntes
1687 1331 1742 1360 im-

96 1393 258 1432 peratores
282 1387 447 1418 Christum
470 1386 652 1424 adorantes,
682 1385 752 1426 lege
777 1391 954 1418 sanxerunt
977 1386 1094 1423 omnia,
1122 1395 1204 1426 quae
1229 1383 1398 1423 habebant,
1423 1384 1579 1414 hereticos
1603 1382 1740 1424 perdere

95 1446 126 1474 et
146 1441 234 1483 ipsos
257 1449 422 1480 nunquam
453 1445 540 1470 certa
563 1437 638 1469 sede
666 1438 850 1468 consistere.
896 1437 1102 1479 Quapropter
1125 1436 1243 1466 factum
1268 1441 1325 1475 est,
1356 1440 1390 1465 ut
1413 1434 1503 1465 multi
1535 1445 1574 1466 ex
1597 1435 1642 1465 eis
1667 1444 1740 1464 con-

51 1504 76 1524 25
94 1496 293 1525 verterentur
321 1495 353 1521 et
375 1490 544 1521 severitate
574 1489 682 1530 legum
715 1495 744 1520 et
773 1489 942 1520 clementia
975 1488 1189 1523 sacerdotum,
1218 1488 1282 1528 qui,
1314 1492 1349 1517 ut
1379 1497 1433 1517 eos
1464 1485 1504 1516 ad
1534 1485 1739 1516 concordiam

94 1549 320 1587 provocarent,
343 1546 533 1581 statuerunt,
557 1546 592 1572 ut
615 1541 759 1583 episcopi
783 1546 815 1572 et
838 1540 944 1572 clerici
968 1541 999 1571 in
1023 1551 1081 1570 suo
1105 1539 1216 1570 ordine
1240 1539 1468 1580 reciperentur,
1495 1543 1618 1568 tantum
1644 1541 1678 1567 ut
1701 1536 1740 1568 de

95 1595 276 1639 praeteritis
299 1593 531 1636 poenitentiam
554 1599 687 1634 agentes
711 1593 743 1624 in
767 1592 874 1624 futuro
899 1592 1155 1624 emendarentur.

193 1701 364 1733 LXXVII.
398 1700 456 1731 De
485 1700 948 1738 excommunicatione,
979 1709 1054 1741 qua
1083 1697 1317 1728 intentione
1344 1696 1442 1727 fieri
1471 1695 1629 1726 debeat.

197 1763 322 1805 Itaque,
345 1772 408 1792 non
433 1762 515 1792 sicut
537 1760 583 1791 illi
607 1761 707 1799 aiunt,
730 1772 786 1793 eos
807 1759 1017 1798 eradicamus,
1041 1771 1113 1790 cum
1131 1757 1457 1789 excommunicationi
1475 1755 1661 1793 subicimus,
1686 1754 1740 1785 sed

50 1829 76 1849 so
93 1815 164 1847 ideo
187 1815 233 1846 eis
253 1813 457 1855 disciplinam
475 1813 599 1851 damus,
622 1820 657 1844 ut
680 1812 809 1851 malum,
834 1811 921 1854 quod
944 1816 1054 1853 agunt,
1079 1810 1296 1852 relinquentes
1320 1809 1473 1840 iustitiam
1493 1808 1553 1838 Dei
1571 1807 1739 1838 nobiscum

94 1867 272 1898 rectissime
296 1871 436 1897 teneant.
474 1866 519 1896 At
534 1875 609 1895 vero
627 1864 757 1906 quidam
782 1875 822 1894 ex
848 1864 894 1894 eis
919 1869 1020 1894 semet
1044 1864 1130 1903 ipsos
1154 1861 1354 1892 eradicantes
1377 1866 1408 1891 et
1427 1859 1639 1900 dampnantes
1662 1858 1741 1888 fece-

95 1923 178 1959 runt,
202 1918 433 1949 constituentes
457 1917 520 1947 sibi
544 1915 623 1947 alios
647 1917 827 1958 episcopos,
853 1914 1010 1957 quosdam
1028 1914 1158 1956 quidem
1184 1914 1248 1943 iam
1266 1912 1467 1953 dampnatos,
1491 1910 1645 1952 quosdam
1663 1920 1740 1940 vero

96 1969 284 2001 criminibus
300 1969 450 2000 irretitos.
487 1967 553 1998 Nos
570 1973 688 2006 autem,
713 1967 859 2009 quamvis
877 1972 907 1997 et
923 1967 985 2008 ipsi
1004 1971 1188 2007 peccatores
1205 1965 1313 2002 simus,
1331 1969 1436 1994 tamen
1453 1973 1544 1994 veros
1562 1961 1741 1992 katholicos

95 2022 128 2053 in
145 2021 205 2053 hac
228 2033 262 2053 re
287 2021 367 2051 nosk
385 2020 650 2060 demonstrantes,
675 2018 862 2050 obedientes
881 2017 1010 2049 Christo
1033 2022 1065 2049 et
1088 2022 1257 2058 sequentes
1274 2020 1455 2046 sanctorum
1475 2013 1671 2054 exemplum,
1688 2013 1740 2054 qui

51 2087 77 2106 ³5
96 2073 263 2104 dixerunt:
296 2072 336 2104 Si
359 2073 432 2114 quis
445 2072 560 2113 frater
584 2071 775 2102 nominatur
797 2071 833 2101 in
857 2070 945 2100 vobis
959 2069 1153 2110 fornicator
1177 2073 1234 2098 aut
1259 2067 1387 2098 adulter
1412 2071 1468 2097 aut
1492 2066 1645 2104 ebriosus,
1669 2076 1741 2095 cum.
1763 2075 1917 2098 1.Cor.5‚11.

96 2125 271 2156 eiusmodi¹
290 2135 349 2156 ‘nec
366 2125 469 2155 cibum
486 2135 618 2154 sumere.
658 2122 700 2152 Et
715 2122 808 2152 item:
832 2121 871 2153 Si
886 2122 961 2162 quis
978 2122 1063 2152 venit
1082 2121 1126 2151 ad
1142 2131 1196 2150 vos
1213 2127 1237 2150 et
1255 2119 1339 2149 hanc
1357 2119 1538 2149 doctrinam
1555 2128 1621 2147 non
1638 2115 1741 2157 affert,
1763 2126 1838 2147 mon.
1851 2126 1884 2150 19,
1897 2127 1972 2147 1(·.11.

96 2188 153 2208 nec
170 2187 228 2207 ave
244 2177 274 2208 ei
290 2176 463 2214 dimeritis;
487 2175 544 2218 qui
560 2175 644 2206 enim.
661 2174 741 2205 dicit
762 2174 792 2204 ei
814 2184 871 2204 aue
891 2174 1107 2204 communicat
1123 2173 1192 2203 eius
1208 2171 1364 2212 maliynis
1384 2169 1546 2210 operibus.
1592 2167 1669 2198 Ideo
1686 2178 1740 2198 eos

97 2229 428 2268 excommunicamus,
441 2233 475 2258 ut
487 2225 572 2257 mala
585 2236 666 2268 quae
679 2225 801 2256 faciunt
813 2224 1028 2266 relinquentes
1041 2224 1172 2266 spiritus
1186 2233 1296 2253 eorum
1310 2221 1418 2252 salvus
1432 2221 1471 2252 sit
1488 2221 1519 2250 in
1533 2219 1584 2250 die
1597 2219 1740 2250 Domini.

97 2279 177 2311 Nam
194 2291 257 2310 non
274 2285 446 2321 propterea
461 2279 522 2310 hoc
539 2278 675 2319 agimus,
692 2282 727 2308 ut
742 2288 800 2307 nos
817 2281 1003 2318 peccatores
1020 2286 1082 2306 non
1100 2287 1168 2306 esse
1184 2274 1342 2304 veraciter
1364 2272 1582 2310 confiteamur,
1607 2271 1693 2313 quod
1711 2275 1742 2301 et

51 2345 78 2364 ιο
96 2331 159 2374 ipsi
183 2331 285 2363 sancti
309 2330 446 2373 apostoli
472 2329 708 2361 confitebantur
731 2328 888 2359 dicentes:
919 2328 957 2359 In
982 2328 1092 2359 multis
1115 2328 1201 2357 enim
1226 2325 1417 2367 offendimus
1440 2335 1555 2362 onmes,
1587 2323 1641 2354 sed
1666 2322 1740 2353 ideo
1761 2331 1862 2354 ramam.

97 2387 230 2423 tautum,
254 2389 298 2423 ut,
323 2384 398 2425 quia
421 2381 591 2424 disciplina
614 2379 788 2412 aecclesiae
812 2380 880 2410 sine
905 2379 1077 2410 severitate
1100 2379 1230 2410 retineri
1254 2387 1316 2407 non
1334 2381 1451 2418 potest,
1475 2375 1515 2406 ad
1539 2381 1665 2416 tempus
1689 2385 1741 2405 ex-

98 2435 380 2466 communicationi
417 2434 609 2472 subicimus,
646 2438 679 2463 ut
707 2442 817 2462 omnes
848 2430 1193 2462 excommunicationis
1228 2434 1348 2460 terrore
1378 2428 1479 2458 coacti
1513 2426 1553 2458 ad
1588 2427 1740 2457 iustitiam

207 2541 235 2571 a)
256 2539 348 2565 titulus
369 2541 439 2565 deest
460 2540 484 2564 B
498 2541 520 2564 l.
606 2539 632 2569 b)
656 2546 732 2562 serm.
755 2537 816 2561 dux.
837 2537 861 2561 Β
875 2539 896 2562 l.
982 2544 1006 2567 c)
1029 2537 1106 2560 Ratio
1129 2535 1153 2559 Β
1168 2537 1196 2565 1;
1218 2535 1288 2560 deest
1308 2534 1334 2558 B
1348 2535 1372 2558 2.
1455 2534 1484 2564 d)
1505 2532 1657 2565 parabolice
1679 2531 1704 2555 B
1718 2532 1740 2555 1.

99 2586 124 2618 e)
146 2595 211 2611 corr.
233 2595 264 2611 ex
284 2587 418 2611 enarravit
438 2586 513 2610 B-za.
573 2585 593 2615 f)
616 2587 742 2609 contentu
762 2583 787 2608 B
801 2585 822 2608 l.
880 2589 909 2615 g)
930 2591 970 2613 eo,
991 2592 1016 2615 q.
1037 2591 1062 2606 a.
1082 2582 1176 2606 iterum
1197 2590 1255 2611 scr„
1275 2581 1321 2606 sed
1338 2580 1389 2605 del.
1407 2580 1481 2604 ΒΕΘ.
1539 2579 1568 2610 h)
1589 2577 1629 2602 hic
1649 2576 1741 2609 incipit

53 2638 80 2658 ⁴5
99 2633 234 2665 quaternio
254 2632 283 2658 V.
305 2633 360 2657 cod.
383 2632 407 2656 B
423 2634 447 2663 1,
468 2631 512 2664 qui
532 2635 600 2657 totus
621 2630 726 2656 excidit.
801 2631 820 2661 i)
843 2629 911 2654 cath.
934 2629 970 2653 sic
990 2629 1015 2653 Ιι.
1036 2629 1053 2653 Ζ.
1074 2628 1099 2652 Β
1113 2629 1151 2652 2³.
1229 2628 1256 2657 k)
1281 2627 1349 2652 dem.
1369 2635 1417 2651 nos
1437 2626 1462 2650 B
1476 2622 1518 2649 2¹³.
1595 2625 1613 2654 1)
1638 2624 1663 2647 di
1683 2627 1741 2655 pose

99 2686 228 2710 supcrscr.
249 2678 274 2703 B
285 2679 325 2703 2³.

206 2768 234 2802 1)
259 2767 303 2802 Cf.
330 2768 434 2794 Contra
462 2767 540 2802 epist.
565 2766 747 2794 Parmenioni
769 2766 810 2799 ll,
836 2775 858 2791 c.
884 2766 911 2798 4,
934 2767 948 2796 ξ
973 2765 1019 2795 11,
1054 2764 1124 2798 Opp.
1150 2763 1205 2799 IX,
1234 2763 1285 2789 col.
1310 2762 1365 2795 3‘2‚·
1397 2761 1455 2794 III,
1479 2770 1501 2790 c,
1531 2760 1556 2793 2,
1580 2762 1593 2791 ἓ
1620 2759 1664 2784 ll.
1694 2757 1739 2789 12,

99 2818 168 2847 ibid.
191 2819 242 2845 col.
265 2819 315 2846 63.
353 2819 384 2847 S.

174 2873 269 2898 Libelli
289 2874 321 2899 de
341 2874 395 2898 lite.
426 2874 461 2898 II.
1475 2868 1507 2890 76
