2132 3067
219 355 246 373 et.
257 355 304 372 Aet,
315 354 335 375 9,
348 353 365 370 .'›.

245 591 362 611 c[.1.t⁷or.

268 620 342 642 1212.

253 658 303 677 sut.
314 659 333 678 ιῐ,
344 660 364 676 2.

225 859 301 878 Mntth.
313 858 331 881 Τ,
344 859 360 876 1,

235 961 271 978 Ez⁴
286 960 360 981 18,2o.

270 1302 292 1319 os

212 1315 316 1353 Maturo.
327 1331 357 1350 10.

329 1520 357 1537 lb.

242 1622 360 1644 11111,12.

388 151 447 181 54?
758 148 940 177 GREGORII
964 144 1187 174 CATINENSIS
1212 143 1400 170 DEFENSIO
1423 142 1656 170 IMPERIALIS.

389 241 551 271 Christum
576 240 685 279 inique
709 237 869 267 iudicabat
893 241 923 265 et
947 232 1181 273 crucifigebat?
1226 231 1267 262 Et
1290 231 1315 261 si
1340 230 1384 261 illi
1408 231 1547 271 desuper
1562 235 1705 272 potestas
1721 230 1858 262 dabatur
1873 230 2027 263 adversus

388 292 560 327 Cin-istum,
584 290 638 330 qui
656 289 722 318 sine
741 291 871 328 peccato
895 290 963 316 erat
985 295 1022 315 ac
1044 285 1112 314 sine
1136 283 1245 325 aliqua
1262 281 1373 313 mundi
1391 283 1603 323 possessione,
1628 282 1700 323 quis
1717 289 1867 323 peccator
1882 281 2026 324 legisque

387 342 602 382 prevaricator
625 346 734 369 contra
758 336 919 368 stimulum
945 335 1080 366 audeat³
1105 333 1272 364 calcitrare
1302 333 1352 363 vel
1383 334 1531 364 resistere
1556 333 1617 363 Dei
1650 333 1854 371 ordinationi,
1886 334 2027 365 maxime

386 403 456 421 cum
482 391 628 421 dominus
652 389 798 419 Christus
831 389 861 417 in
894 386 1012 417 mundo
1044 392 1147 425 natus,
1179 384 1237 415 sub
1268 383 1337 424 lege
1362 383 1476 416 factus.
1506 389 1630 414 terrene
1655 385 1803 425 potestati
1826 384 1973 416 subditus
1996 390 2028 416 et

385 442 507 481 legatur
530 447 561 471 et
582 441 649 470 sine
674 438 824 480 scrupulo
850 437 1020 468 credatur?
1067 436 1238 466 Enimvero
1269 435 1295 465 si
1325 434 1413 465 velut
1437 433 1513 465 Saul
1537 440 1634 476 caput
1657 435 1689 465 in
1713 434 1822 473 Israel,
1846 436 1892 466 sie
1913 446 1932 466 a
1953 435 2026 467 Deo

385 492 450 523 solo
475 494 623 533 princeps
647 496 694 521 est
718 491 747 520 in
772 489 889 520 eclesia
918 489 1119 526 constitutus,
1150 486 1260 528 quodb
1283 496 1423 527 unquam
1449 486 1628 516 membrum
1658 486 1890 517 condemnasse
1912 485 2029 527 legitur

385 551 480 584 caput
505 541 620 572 suum?
665 541 794 582 I[m]mo
819 541 972 580 scriptum
998 545 1079 569 est¹:
1107 537 1172 574 Qui
1187 549 1288 579 super
1310 549 1342 567 se
1358 537 1502 578 lapidem
1520 539 1670 578 emiserit,
1693 549 1793 579 super
1809 549 1880 568 eum
1896 538 2026 569 decidit.

387 594 471 633 Ergo
489 594 571 623 sicut
586 592 751 634 apostolus
767 592 827 621 ait:
853 591 1012 628 EstolteJ⁴=
1030 589 1217 630 sufferentes
1236 590 1383 627 invicem,
1404 589 1483 628 quia
1499 588 1594 619 ‘multi
1609 600 1709 619 unum
1727 600 1848 630 corpus
1863 599 1976 620 sumus
1989 590 2026 620 in

386 644 522 683 Christo,
554 644 679 683 sinyuli
711 648 815 673 antem
839 643 920 672 alter
944 640 1080 671 alterius
1102 640 1250 671 membra.
1297 639 1395 670 Item:
1426 640 1517 670 Alter
1540 640 1676 670 alterius
1705 650 1805 670 onera
1834 644 1972 681 portate,
1998 644 2027 670 et

383 697 429 725 sic
460 694 679 734 adimplebitis
707 693 803 733 leqem
837 693 968 724 Christi.
1013 690 1198 722 Sustinendi
1228 696 1301 721 sunt
1332 690 1554 732 delinquentes
1578 691 1751 732 principes,
1782 701 1846 721 non
1877 691 2026 721 condem-

383 745 490 783 nandi,
522 745 597 786 quia
620 745 646 774 si
671 744 814 774 membra
838 743 963 783 singula
987 741 1121 773 eclesiae
1145 742 1280 773 invicem
1311 753 1344 772 se
1369 748 1496 782 portare
1520 740 1648 780 debent,
1673 741 1773 772 multo
1795 742 1899 783 magis
1922 741 2026 783 capud

382 807 473 826 suum
498 806 658 837 quvmque
683 795 808 825 fidelem
833 794 965 825 sufferre
990 793 1082 824 dccet
1110 798 1142 823 et
1171 793 1300 823 minime
1331 792 1483 823 iudicare.
1534 793 1686 835 Denique
1709 792 1869 824 Dominus
1891 793 1971 824 dicit
1993 793 2024 824 in

382 846 564 887 euangelio:
594 846 702 877 Nolite
727 846 875 876 iudicare
899 850 926 876 et
949 856 1015 875 non
1040 844 1292 882 1'url1‘cabim1'ni5
1327 844 1427 874 nolite
1451 844 1668 875 condemnare
1690 849 1718 875 et
1741 855 1807 875 non
1831 844 2024 876 condemna—

381 899 506 928 himins.
558 897 637 928 Item
672 897 887 928 ieronimusd:
920 896 1075 931 Quamvis
1106 895 1186 925 mali
1215 896 1280 926 sint
1307 896 1480 936 principes
1508 895 1641 926 eclesiae
1672 894 1747 936 Dei,
1775 900 1879 926 tamen
1909 895 2025 927 eclesia

381 951 451 980 sine
475 949 573 989 culpa
597 949 685 979 est²'.
735 949 894 986 Quoniam
926 947 1052 977 dicente
1083 946 1256 988 propheta:
1288 946 1411 977 Anima
1441 958 1525 988 qnae
1545 947 1731 988 peccaverit
1761 947 1837 987 ipsa
1859 947 2025 986 morietur,

382 1005 409 1031 ct
429 1000 523 1039 filins
556 1011 620 1030 non
648 1000 793 1040 portabit
824 1000 1027 1040 iniquitatem
1057 999 1179 1038 patris,
1211 1003 1305 1040 atque
1335 999 1469 1029 iusticia
1499 999 1577 1028 iusti
1605 1009 1706 1039 super
1733 1009 1803 1028 eum
1830 999 1892 1028 erit
1913 1002 1942 1028 et
1964 998 2022 1028 im-

380 1053 485 1092 pietas
510 1052 604 1091 impii
627 1062 726 1091 super
748 1062 816 1081 eum
842 1051 913 1080 erit.

488 1103 535 1132 11.
576 1101 643 1131 Has
667 1102 765 1141 igitur
781 1101 899 1132 Christi
919 1100 1080 1131 doctrinas
1097 1105 1127 1131 et
1143 1101 1360 1131 institutiones
1376 1105 1559 1130 sanctorum
1579 1099 1756 1130 Pfarfensis
1772 1098 1898 1130 cenobii
1916 1099 2027 1130 unani—

382 1153 440 1182 mis
457 1158 566 1182 coetus
584 1153 623 1183 de
639 1152 797 1193 imperiali
815 1152 943 1192 fastigio
960 1151 1095 1182 fideliter
1111 1150 1150 1182 ab
1171 1152 1260 1182 initio
1285 1152 1417 1182 retinuit
1439 1156 1471 1182 et
1494 1151 1524 1181 in
1549 1161 1642 1181 evum
1668 1149 1827 1189 retinebit,
1850 1149 1972 1182 malens
1993 1156 2026 1181 et

381 1203 596 1243 blasphemias
625 1209 656 1234 et
684 1203 858 1244 obprobria
887 1203 1144 1234 adversariorum
1175 1203 1286 1243 impiie
1316 1202 1448 1233 sufferre
1479 1213 1574 1244 quam
1599 1212 1618 1232 a
1642 1208 1768 1243 patrum
1793 1201 2022 1232 catholicorum

380 1254 566 1284 semitibuss
597 1253 735 1285 deviare.
780 1253 983 1285 Confidimus
1013 1255 1043 1284 in
1075 1253 1181 1285 verbis
1206 1254 1338 1285 Domini
1369 1261 1400 1285 et
1423 1264 1590 1295 speramus
1620 1252 1735 1284 salvari
1765 1254 1797 1284 in
1827 1253 1876 1284 his
1906 1252 2024 1295 quibus

380 1310 465 1335 recta
495 1304 556 1335 fide
586 1305 698 1336 salvati
732 1312 805 1336 sunt
829 1312 935 1346 patres
960 1306 1072 1336 nostri:
1104 1305 1240 1347 ideoque
1269 1305 1445 1336 secundum
1470 1304 1651 1346 apostolum
1677 1304 1922 1347 persecut-iones
1944 1304 2025 1346 pati-

379 1367 458 1395 mur,
481 1356 536 1386 sed
561 1367 623 1387 non
647 1356 908 1398 derelinquimur,
932 1368 992 1387 nec
1016 1357 1164 1387 timemus
1186 1367 1243 1398 pro
1260 1357 1388 1387 iusticia
1411 1361 1442 1387 et
1464 1357 1627 1397 equitatee
1649 1357 1821 1387 constitute
1836 1354 1912 1386 fidei
1929 1354 2024 1386 male-

378 1406 450 1440 dici.
475 1409 623 1449 quoniam
649 1409 800 1439 terminos
823 1414 950 1449 patrum
974 1419 1036 1438 non
1062 1408 1277 1449 presumimus
1301 1408 1493 1448 transgredi.
1539 1408 1599 1438 Via
1627 1408 1711 1438 enim
1735 1407 1871 1448 gradere
1894 1412 2024 1438 conten-

379 1457 484 1488 dimus
508 1466 593 1489 recta
618 1465 649 1489 et
671 1458 818 1490 nolumus
843 1459 1003 1490 declinare
1026 1459 1065 1489 ad
1090 1459 1257 1490 dexteram
1282 1469 1342 1489 nee
1364 1459 1405 1490 ad
1428 1459 1601 1490 sinistram.
1643 1457 1842 1501 Euangeliea
1857 1458 1942 1490 enim
1957 1468 2023 1489 vox

380 1508 488 1540 beatos
505 1511 628 1543 asserit,
652 1511 709 1551 qui
729 1516 864 1550 propter
883 1512 1039 1541 iustitiam
1060 1512 1316 1551 persecutionem
1329 1511 1520 1551 patiuntur,
1544 1510 1647 1551 quiah
1664 1511 1810 1552 ipsorum
1826 1514 1872 1541 est
1885 1520 2023 1551 regnum

379 1561 529 1592 celorum.
574 1561 662 1591 Idem
693 1562 793 1592 eciam
824 1562 972 1592 dominus
1004 1567 1112 1593 noster
1135 1561 1226 1592 Iesus
1250 1561 1398 1593 Christus
1430 1562 1461 1591 in
1486 1572 1545 1592 sua
1574 1561 1635 1593 fide
1659 1560 1872 1592 corroborans
1895 1566 2021 1602 aposto·

380 1610 435 1651 los,
461 1611 536 1642 dicit
560 1612 619 1642 cis:
643 1613 741 1643 Beati
763 1614 855 1643 eritis
879 1625 949 1643 cnm
974 1625 1028 1644 vos
1053 1614 1179 1644 oderint
1196 1613 1342 1643 homines
1366 1619 1393 1644 et
1415 1614 1580 1654 persecuti
1599 1624 1654 1644 vos
1669 1613 1803 1654 fuerint
1825 1617 1854 1644 et
1876 1612 2023 1644 dixerint

380 1674 469 1692 omne
494 1664 611 1693 malum
635 1665 807 1694 adversum
831 1675 885 1694 vos
908 1665 1109 1704 mencientes,
1129 1670 1264 1707 propter
1286 1676 1344 1695 me.
1384 1663 1532 1695 Gaudete
1555 1669 1584 1694 et
1606 1664 1759 1705 coenitare,
1781 1664 1879 1707 quiai
1905 1674 2022 1695 merces

381 1718 482 1743 vesti-«1
507 1715 641 1754 copiosa
665 1720 707 1745 est
733 1717 765 1745 in
791 1715 863 1747 celo.
911 1715 1033 1745 Horum
1064 1717 1163 1756 igitur
1194 1727 1250 1757 spe
1281 1716 1348 1746 sive
1377 1716 1557 1747 constantia
1580 1714 1753 1746 verborum
1784 1714 1922 1757 apostoli
1951 1725 2022 1746 con-

379 1764 494 1794 firmati
518 1765 606 1795 ibant
621 1765 799 1806 gaudentes
822 1778 839 1797 a
860 1773 1036 1808 conspectu
1062 1766 1186 1798 concilii
1213 1768 1266 1808 qni
1291 1767 1381 1808 digni
1405 1766 1505 1797 habiti
1528 1772 1600 1797 sunt
1624 1777 1682 1808 pro
1697 1767 1827 1798 nomine
1850 1767 1929 1798 suok
1953 1776 2025 1797 con-

379 1815 525 1845 tumelias
550 1817 624 1857 pati.
670 1817 874 1858 Quapropter
898 1817 970 1848 licet
994 1823 1024 1847 et
1048 1829 1105 1849 nos
1128 1830 1184 1850 cor
1203 1824 1347 1849 nostrum
1366 1829 1428 1848 non
1446 1817 1692 1859 reprehendat¹‚
1715 1828 1774 1849 nos
1796 1819 1828 1849 iu
1852 1819 1912 1849 hoc
1934 1817 2021 1860 quod

377 1865 416 1896 ab
446 1867 570 1907 imperii
603 1868 672 1898 iura
696 1869 959 1908 perturbantibus
983 1869 1180 1900 detestamur
1203 1875 1235 1900 et
1258 1870 1435 1900 secundum
1459 1875 1600 1901 nostram
1622 1874 1816 1911 patrumque
1838 1874 2021 1900 nostrorum

379 1919 605 1949 conscientiam
631 1920 661 1949 in
685 1919 736 1950 die
760 1920 871 1950 iudicii
896 1921 1053 1961 integram
1078 1921 1254 1952 habeamus
1273 1921 1432 1960 fiduciam,
1456 1922 1613 1952 rationem
1638 1927 1744 1952 tamen
1769 1921 1862 1952 huius
1885 1921 1931 1952 rei
1955 1919 2024 1951 red-

379 1968 519 1999 didimus
552 1970 763 2001 orthodoxam
796 1977 827 2002 et
855 1982 1030 2013 congruam
1061 1973 1245 2014 prescriptis
1277 1972 1506 2004 catholicorum
1537 1979 1662 2014 patrum
1691 1972 1868 2004 sententiis.
1918 1971 1966 2003 Ne
1988 1971 2021 2002 in

379 2020 471 2049 nobis
494 2021 749 2052 adversariorum
781 2029 961 2054 nostrorum
991 2024 1178 2055 scandalum
1211 2023 1464 2065 simplicioribus
1494 2023 1550 2054 fiat
1578 2023 1819 2063 offendiculum,
1848 2029 1880 2055 et
1902 2033 1941 2054 ne
1965 2033 2023 2064 per

380 2070 472 2101 liuius
497 2072 637 2102 scandali
662 2073 762 2103 factas
786 2073 959 2106 seditiones
983 2086 1097 2106 nomen
1117 2075 1248 2106 Domini
1265 2075 1404 2106 habeant
1422 2075 1668 2117 blasphemandi
1685 2076 1898 2107 occasionem.
1937 2073 2019 2106 Cum

377 2123 460 2151 enim
486 2123 662 2154 sediciones
687 2126 915 2165 imperatorum
941 2137 1022 2168 equa
1047 2127 1168 2157 ratione
1192 2127 1306 2158 sedare
1322 2127 1475 2167 valemus,
1499 2138 1564 2158 non
1583 2127 1758 2169 negligere,
1781 2125 1837 2158 sed
1861 2127 1893 2157 in
1918 2126 2019 2156 omni-

380 2172 437 2202 bus
461 2174 587 2203 studere
611 2174 775 2209 debemus,
800 2177 1008 2216 providentes
1032 2177 1116 2208 bona
1141 2189 1202 2209 non
1227 2183 1348 2209 tantum
1367 2189 1473 2209 coram
1493 2180 1572 2218 Deo,
1597 2178 1653 2210 sed
1669 2179 1764 2211 etiam
1790 2187 1896 2208 coram
1921 2177 2020 2208 omni-

380 2223 436 2252 bu>¹
462 2224 653 2256 bominibus.
700 2226 915 2258 Patrocinium
946 2234 1051 2259 autem
1083 2230 1311 2270 imperatorum
1343 2240 1520 2271 numquam
1555 2231 1733 2261 amittere¹¹¹
1761 2228 1932 2266 voluimus,
1960 2238 2019 2259 nec

379 2274 445 2303 vius
471 2275 651 2306 lidi-litatem
675 2277 847 2318 aliquando
871 2279 1058 2320 deserimus,
1088 2281 1193 2321 quiae,
1222 2286 1255 2311 ut
1280 2281 1364 2311 viros
1394 2282 1592 2322 antiquiores
1615 2282 1838 2323 pronuntiasse
1860 2280 2019 2319 novimus,

379 2326 524 2364 quotiens
549 2327 578 2356 in
603 2327 661 2357 boc
686 2327 754 2357 loco
779 2330 954 2360 dominium
981 2331 1145 2372 imperiale
1169 2331 1286 2372 deficit,
1316 2332 1384 2362 eius
1409 2343 1467 2374 pro
1492 2338 1579 2364 certo
1602 2333 1741 2374 dignitas
1764 2333 1881 2364 totiens
1905 2331 2018 2362 minui—

382 2382 452 2404 tur-¹¹
484 2383 513 2406 ct
545 2377 574 2406 in
605 2386 756 2418 qmmtum
790 2380 838 2411 liic
869 2381 1030 2423 fastigium
1062 2382 1225 2424 imperiale
1256 2384 1406 2424 rigescit,
1438 2385 1469 2414 in
1501 2390 1623 2415 tantum
1655 2383 1749 2415 huius
1780 2385 1861 2415 sacri
1892 2382 2019 2414 cenobii

383 2437 472 2463 vigor
496 2435 637 2459 florescit.

491 2529 514 2543 τιῚ
539 2523 580 2546 ml.
602 2532 666 2547 verr.
689 2525 747 2547 and.
848 2527 875 2549 bi
897 2528 1002 2558 quando
1024 2528 1054 2552 G.
1113 2532 1139 2553 (⁸)
1162 2530 1224 2553 Esto
1246 2539 1282 2559 (κς
1304 2530 1395 2554 Estote
1417 2531 1447 2555 G.
1507 2531 1536 2554 di
1556 2539 1622 2555 corr.
1643 2531 1716 2555 Hier.
1736 2539 1757 2555 c.
1814 2530 1842 2561 e)
1861 2530 1964 2562 imperii
1984 2528 2016 2554 G-

380 2565 392 2588 t‘
423 2568 520 2590 iau-miti.-
543 2570 571 2591 (ι’.
663 2576 691 2597 μ’»
712 2571 837 2601 oquittatc
859 2581 924 2596 corr.
947 2582 966 2597 ιχ
1056 2574 1083 2597 ht
1105 2583 1153 2606 ‘11¹ss
1175 2584 1212 2600 ‹⁴.,·
1233 2584 1300 2599 carr.
1321 2576 1352 2600 G,
1448 2577 1468 2607 i)
1491 2580 1505 2608 ἴ]
1528 2585 1547 2600 c,
1637 2576 1665 2606 k)
1690 2577 1725 2600 ila
1746 2576 1811 2600 coni.
1832 2575 1930 2605 Wnt’l27·
1949 2576 1975 2599 in
1995 2583 2016 2599 c.

382 2612 401 2635 ΙΙ
424 2613 561 2642 τνρτοιιτίιιῐ
584 2622 647 2637 corr.
671 2616 841 2645 ruprvbmdat
863 2626 883 2641 r.
960 2622 995 2643 m)
1018 2619 1160 2643 adunit-tero
1181 2629 1199 2643 c.
1278 2629 1305 2644 ni
1327 2622 1406 2650 eoni.,·
1429 2623 1522 2646 minuit
1542 2631 1562 2647 c.

490 2702 515 2725 1)
542 2702 639 2725 Naevii·
665 2703 718 2727 alii.
806 2705 835 2733 2)
861 2705 958 2728 latrum
985 2716 1034 2731 nnn
1061 2708 1220 2733 inm-nimus.

2046 703 2073 722 10

2043 959 2069 978 15

2043 1214 2070 1233 2⁰

2042 1470 2069 1489 25

2042 1725 2070 1744 ³0

2041 1981 2069 2002 ³⁵

2038 2237 2066 2257 40

2036 2533 2064 2554 4⁶

2126 1534 2132 1640 ᾖ
2124 466 2132 1512 -Qssmfflm2-e.soe-ss-—ss
2129 422 2132 450 ..-
