2132 3067
223 637 251 655 οἷ.
265 637 312 656 loli.
328 638 358 658 11,

218 861 247 879 ib.
259 860 356 879 38-43.

216 912 354 932 1011.11.·1-¹.

206 1668 312 1722 nauris'e,
322 1698 354 1718 1³.

204 1737 234 1756 cs.
243 1737 352 1760 loh.10‚3.

227 1789 292 1808 Mich.
303 1789 323 1813 8,
334 1790 355 1808 5.

381 145 441 176 4G4
677 144 877 172 SIGEBERTI
903 142 1088 170 EPISTOLA
1112 141 1316 169 ADVERSUS
1340 141 1571 168 PASCHALEM
1595 141 1736 168 PAPAM.

378 237 562 278 pert-enias:
609 233 772 265 Hactenus
801 231 1008 273 euangelicis,
1037 229 1223 272 apostolicis
1247 237 1278 262 et
1301 230 1499 272 propheticis
1523 230 1716 261 testimoniis
1740 231 1974 271 innitebamur3
2004 235 2036 262 et

383 287 466 328 quod
491 286 595 316 minus
620 283 758 314 habebat
783 283 915 314 materia
939 281 1079 323 augebat
1103 282 1326 324 exemplorum
1344 281 1447 323 copia.
1494 281 1557 312 Hic
1578 292 1654 312 vero
1679 281 1757 323 quid
1780 280 1885 312 dicam
1910 282 2034 323 neseio;

382 349 444 379 quo
469 348 518 367 me
543 342 664 367 vertam
688 346 749 365 non
774 333 880 365 video.
927 334 961 365 Si
985 335 1071 365 enim
1089 334 1256 376 utriusque
1279 333 1360 374 legis
1384 338 1483 364 totam
1501 332 1742 372 bibliothecam,
1765 333 1792 364 si
1810 343 1920 365 omnes
1937 334 2046 365 totius.

382 387 593 419 bibliothecae
618 392 744 417 veteres
767 386 969 427 expositores
993 385 1168 424 revolvam,
1191 384 1396 426 exc1nplum³
1422 383 1516 415 liuius
1540 383 1710 426 apostolici
1734 385 1879 426 precepti
1903 396 1966 416 non
1990 386 2036 416 in·

383 441 520 470 veniam.
567 438 662 469 Solus
686 436 952 468 Hildebrandusb
976 447 1060 478 papa
1085 436 1229 467 ultimam
1255 441 1407 466 manumc
1430 436 1530 467 sacris
1555 436 1734 467 canonibus
1758 437 1912 478 inposuit,
1939 447 2034 479 quem
2054 450 2067 470 ⁵

381 490 518 531 legimus
550 490 734 531 precepisse
763 488 930 520 Mathildid
961 487 1160 518 marchisaee
1193 488 1224 518 in
1254 488 1476 519 remissionem
1508 493 1714 528 peccatorum
1745 498 1886 527 suorum,
1917 493 1953 519 ut
1982 487 2035 519 de-

382 542 511 573 bellaret
544 540 758 585 II[einricum]
793 541 1030 582 imperatorem.
1084 539 1181 578 Quod
1217 539 1298 570 iuste
1333 550 1391 570 nec
1421 550 1460 570 ne
1491 540 1561 581 ipse
1592 539 1642 570 vel
1676 538 1731 570 alii
1764 539 1914 579 fecerint,
1946 538 2036 571 nulla

380 594 568 624 auctoritate
592 593 756 626 discimus,
803 591 874 622 Hoc
897 591 998 622 solum
1024 590 1180 621 discimus
1193 590 1212 631 s,
1241 591 1317 632 quia
1340 602 1403 621 non
1427 596 1535 633 potest
1556 591 1672 634 aliquis
1696 590 1835 633 aliquem
1860 590 2033 622 indiscrete

381 644 505 676 solvere
536 643 586 675 vel
617 643 727 685 ligare.
778 643 830 674 Ad
861 643 920 673 hoc
952 643 1091 673 occurrit
1122 642 1215 673 nobis
1246 654 1287 673 ex
1317 643 1486 684 euangelio
1518 642 1714 684 exemplum.
1764 642 1854 674 Iesus
1885 641 2034 674 Christus

379 702 479 727 totum
512 695 672 726 hominem
701 696 769 726 sine
798 701 933 736 peccato
963 705 1072 735 agens,
1102 694 1351 726 resuscitaturus
1375 695 1544 734 Lazarum,
1568 693 1682 726 videns
1705 694 1786 725 alios
1809 705 1867 736 pro
1890 693 1944 725 illo
1967 693 2034 736 plo·
2054 708 2081 728 n

379 753 496 787 rantes,
520 747 650 778 fremuit
673 747 800 788 spiritu,
825 745 967 777 turbavit
991 750 1091 777 semet
1113 746 1232 788 ipsum,
1256 746 1442 777 lacrimatus
1458 751 1515 778 est.
1560 746 1722 777 Rursume
1738 746 1869 777 fremuit
1883 746 1916 786 in
1932 751 2034 778 semet

378 800 464 840 ipso3
493 799 586 829 iussit
612 797 679 828 tolli
709 797 849 839 lapidem
879 802 1004 829 mortuo
1028 798 1279 839 superpositum,
1309 797 1440 829 elevatis
1464 797 1566 829 oculis
1590 798 1702 838 oravit,
1726 807 1806 828 voce
1829 807 1948 839 magna
1970 797 2033 830 ela-

379 851 493 882 mavit:
519 850 654 890 Lazaro,
678 851 752 881 veni
765 849 878 889 forem.
916 848 988 888 Quo
1007 849 1195 890 prodeunte,
1218 849 1325 891 ligatis
1348 850 1498 881 manibus
1514 861 1552 880 ac
1569 849 1706 892 pedibus
1722 850 1840 881 institis
1857 855 1889 881 et
1903 848 2032 882 sudario

378 903 458 933 faeie
486 902 593 943 ligata,
622 901 704 933 dixit
728 902 818 932 Iesus
848 899 1029 942 discipulis,
1059 907 1093 932 ut
1122 900 1284 933 solverent
1313 912 1399 933 eum.
1444 901 1532 933 Ecce
1554 902 1587 933 in
1610 901 1733 933 Lazaro
1757 906 1973 944 peccatorem,
1998 901 2031 932 in

377 954 451 985 Iesu
473 953 568 984 video
592 953 826 995 predicatorem
839 953 862 984 ¹¹.
909 952 998 992 Quot
1019 951 1154 984 affectus
1179 953 1320 984 ostendit
1337 953 1425 985 Iesus
1449 954 1482 984 in
1500 954 1620 984 Lazaro
1638 953 1834 993 suscitando,
1857 957 1906 984 tot
1927 957 2032 984 osten·
2051 965 2078 986 ιο

377 1005 451 1036 dati
479 1005 661 1046 predicator
686 1006 718 1036 in
743 1010 910 1046 peccatore
934 1004 1131 1036 suscitando.
1178 1006 1212 1036 Si
1237 1011 1389 1047 peccator
1412 1005 1462 1036 vel
1486 1016 1542 1047 pro
1567 1010 1737 1047 peccatore
1761 1005 1946 1047 predicator
1967 1010 2032 1036 tur-

378 1056 503 1088 baverit
527 1068 560 1088 se
585 1057 689 1098 ipsum
715 1056 899 1098 penitendo,
929 1056 954 1087 si
983 1055 1168 1088 lacrimatus
1198 1057 1304 1097 suerit,
1336 1058 1362 1088 si
1386 1056 1589 1089 clamaverit:
1621 1057 1714 1089 ‘Veni
1736 1056 1824 1089 foras
1847 1055 2030 1088 confitendo

377 1110 528 1150 peoeata',
558 1109 583 1139 si
612 1108 720 1139 tulerit
746 1108 885 1150 lapidem
910 1107 949 1139 de
973 1108 1054 1139 duro
1079 1108 1175 1140 corde
1200 1109 1376 1150 peccantis,
1405 1109 1534 1141 tandem
1560 1109 1601 1140 ad
1625 1110 1749 1140 iussum
1773 1108 1837 1140 Dei
1859 1107 1964 1140 solvat
1985 1109 2030 1140 in-

375 1161 466 1191 stitas
495 1161 850 1200 excommunicationis,
879 1159 970 1191 tollat
997 1161 1092 1191 etiam
1117 1171 1136 1190 a
1158 1160 1240 1192 facie
1267 1162 1337 1192 eius
1364 1161 1561 1193 laboriosum
1590 1161 1786 1203 penitentiae
1809 1160 1973 1192 sudarium
1998 1165 2032 1192 et

375 1213 421 1242 sic
445 1211 580 1243 liberum
605 1213 688 1242 sinat
712 1212 812 1243 abire.
858 1211 944 1243 Hinc
968 1212 1147 1253 Gregorius
1175 1213 1258 1244 ait1:
1289 1213 1470 1253 Morteficat
1499 1225 1566 1245 non
1595 1214 1793 1254 morientem,
1822 1213 1880 1255 qui
1908 1213 2028 1244 iustum
2049 1223 2076 1244 ιο

376 1263 546 1305 dampnat.
584 1263 714 1295 Nititur
737 1264 904 1304 vivificare
927 1276 992 1295 non
1018 1265 1189 1304 victurzmn,
1214 1265 1271 1306 qui
1293 1276 1383 1296 reum
1408 1264 1575 1306 supplicio
1599 1264 1720 1295 solvere
1743 1269 1894 1296 conatur.
1929 1263 2030 1295 Vera²

375 1321 419 1346 est
443 1315 602 1346 absolutio
620 1315 832 1357 presidentiS,
856 1327 928 1347 cum
951 1317 1100 1358 sequitur
1123 1316 1297 1347 arbitrium
1321 1317 1446 1347 interni
1469 1317 1603 1348 iudicis.
1648 1315 1729 1347 δίει(
1752 1315 1911 1358 discipuli
1925 1315 2029 1347 Laza-

376 1378 446 1397 rum
472 1367 536 1398 iam
562 1368 716 1398 viventem
740 1366 878 1408 solvant,
908 1379 999 1410 quem
1023 1368 1114 1399 Iesus
1143 1369 1363 1399 suscitaverat
1392 1373 1565 1400 mortuum.
1612 1367 1652 1399 Si
1673 1368 1757 1399 enim
1782 1372 1944 1399 mortuum
1965 1367 2028 1400 eol-

376 1423 493 1459 verent,
515 1419 655 1460 fetorem
684 1420 790 1461 magis
815 1420 1018 1451 ostenderent
1041 1431 1141 1461 quam
1164 1421 1324 1451 virtutem.
1370 1419 1440 1452 Hec
1468 1419 1657 1462 Gregorius.
1706 1419 1799 1450 Hunc
1821 1430 1943 1451 morem
1966 1418 2028 1450 dis-

376 1476 460 1501 crete
495 1469 615 1511 ligandi
647 1475 678 1502 et
708 1470 854 1501 solvendi
890 1471 1046 1503 hactenus
1078 1471 1210 1503 tenebas
1242 1477 1274 1502 et
1303 1470 1398 1503 nobis
1433 1471 1608 1503 tenendum
1643 1470 1837 1512 mandabas,
1871 1481 1890 1502 o
1918 1474 2061 1502 sancta·

375 1522 493 1553 mater¹
522 1522 666 1553 Romana
688 1521 834 1554 ccclesia.
881 1523 975 1554 Unde
1004 1534 1081 1564 crgo
1110 1523 1169 1555 hec
1198 1533 1282 1555 nova
1309 1524 1493 1563 auctoritas,
1523 1535 1581 1566 per
1610 1534 1707 1566 quam
1730 1523 1794 1555 reis
1817 1524 1887 1555 sine
1909 1522 2030 1554 confes-

375 1574 463 1604 sione
487 1579 518 1604 ct
540 1573 717 1616 penitentia
746 1573 877 1605 offertur
909 1576 1137 1616 preteritorum
1167 1580 1376 1617 peccatorum
1407 1576 1571 1617 inpunitas
1601 1581 1633 1607 et
1661 1575 1842 1607 futurorum
1871 1573 2029 1607 libertas?

376 1625 536 1664 Quantam
561 1626 732 1657 fenestram
758 1625 903 1658 maliciae
927 1637 985 1668 per
1009 1627 1069 1658 hoc
1094 1626 1275 1668 patefecisti
1299 1627 1502 1658 hominibus!

479 1676 536 1718 Te,
567 1688 584 1707 o
610 1684 718 1717 mater,
751 1677 865 1710 liberet
889 1678 978 1710 Deus
1006 1678 1047 1710 ab
1077 1679 1164 1709 omni
1194 1677 1287 1709 malo.
1334 1678 1383 1710 Sit
1406 1678 1497 1710 Iesus
1526 1679 1584 1711 tibi
1615 1679 1771 1719 ostium¹¹¹‚
1803 1678 1844 1710 sit
1866 1677 2027 1710 ostiarius.

373 1727 486 1759 Nullus
510 1729 540 1759 in
566 1735 595 1760 te
619 1730 764 1769 introeaty
788 1730 850 1761 nisi
869 1731 918 1761 cui
936 1731 1085 1762 ostiarius
1102 1730 1274 1772 aperuerit.
1313 1729 1370 1769 Te,
1395 1731 1536 1772 inquam,
1560 1736 1716 1774 tuumque
1734 1729 1893 1772 presulem
1914 1728 2030 1762 liberet
2045 1739 2059 1761 a

373 1780 464 1811 Deus
488 1781 583 1812 etiam
608 1780 648 1811 ab
672 1781 731 1820 his,
756 1783 820 1823 qui,
844 1786 879 1812 ut
901 1782 945 1813 ait
966 1781 1132 1813 Micheasn
1155 1781 1324 1824 propheta,
1347 1783 1507 1814 seducunt
1527 1783 1685 1825 populum
1702 1782 1777 1823 Dei,
1801 1783 1859 1825 qui
1880 1782 2027 1814 ‘mordent

373 1832 522 1863 (lentibus
546 1834 616 1864 sais
640 1838 667 1864 et
686 1833 864 1873 predicant
884 1846 1019 1875 pacem,
1043 1839 1070 1866 et
1086 1835 1116 1865 εἰ
1132 1835 1205 1876 quis
1223 1845 1288 1865 non
1306 1834 1431 1866 dederit
1448 1835 1484 1866 in
1502 1846 1556 1866 ore
1572 1846 1680 1866 eorum
1698 1835 1882 1877 quippiam,
1905 1833 2027 1875 sancti-

374 1884 475 1921 ficant
497 1896 596 1926 snper
618 1896 688 1915 eum
713 1885 837 1916 bellum.

1056 1927 1299 1965 EXPLICIT
1310 1936 1334 1964 ⁰.

486 2037 513 2055 a)
534 2032 700 2064 exexmplum
725 2029 765 2056 1¹³.
824 2032 851 2056 ht
873 2032 978 2057 hiltebr.
996 2034 1033 2057 1⁰.
1092 2034 1117 2061 c)
1139 2041 1233 2057 manus
1256 2033 1292 2057 1⁰.
1353 2033 1382 2063 d)
1402 2033 1440 2057 ita
1457 2032 1497 2058 Cr.
1513 2033 1545 2063 2,·
1564 2033 1727 2058 Maethildae
1752 2034 1792 2065 μς
1813 2032 1958 2058 Methildae
1979 2028 2025 2064 Ιῦς
2042 2033 2056 2056 ⁸

378 2076 519 2101 Mathildne
544 2079 580 2102 1⁰.
665 2077 692 2108 e)
713 2078 890 2103 marchionise
915 2075 953 2103 lb.
976 2078 1017 2104 C'r.
1102 2079 1124 2107 f>
1146 2079 1258 2103 dicimus
1279 2079 1303 2103 2.
1325 2078 1367 2103 Or.
1449 2085 1479 2111 gt
1499 2079 1612 2105 Rursum
1633 2094 1668 2097 —
1687 2079 1822 2105 solverent
1841 2087 1901 2104 eum
1920 2087 1970 2104 om.
1986 2079 2024 2111 1⁰,

378 2122 421 2146 nbi
441 2123 548 2155 ἱερέων-ε
569 2128 595 2147 et
615 2128 703 2148 cetera
723 2132 806 2156 usque
826 2125 888 2149 illuc
909 2125 1003 2149 solvite
1023 2129 1049 2149 et
1069 2126 1148 2150 sinite
1168 2126 1250 2150 abire.
1320 2125 1349 2149 hi
1371 2125 1516 2150 dicatorem
1538 2125 1562 2150 2.
1629 2127 1651 2156 i)
1671 2129 1711 2151 tot
1730 2126 1841 2151 affectus
1861 2125 1980 2150 ostendit
1999 2124 2024 2150 1.

379 2169 406 2192 k·
428 2169 497 2193 licen
519 2170 591 2194 illum
614 2170 735 2201 discipuli
755 2171 807 2194 iam
827 2171 879 2194 viv.
899 2171 980 2200 solv.,
1007 2179 1084 2204 quem
1106 2172 1233 2203 magister
1253 2175 1299 2196 etc.
1321 2171 1398 2203 Grey.
1503 2172 1524 2203 l)
1545 2180 1579 2197 m.
1600 2180 1620 2197 s.
1645 2169 1684 2196 1¹³.
1788 2173 1827 2199 m)
1845 2171 1963 2197 hostium
1984 2166 2022 2196 1¹².

378 2220 405 2238 nt
428 2215 550 2246 mycheas
574 2212 610 2239 1¹³.
687 2215 716 2244 o)
737 2215 807 2240 deest
830 2218 867 2240 1⁸.
889 2217 914 2241 2.

486 2305 512 2336 1)
544 2305 573 2328 ln
604 2313 704 2338 cauny.
730 2305 770 2336 Il,
800 2305 870 2331 hom.
896 2306 1011 2337 XXVI,
1036 2309 1049 2338 ξ
1074 2308 1101 2339 5,
1137 2308 1208 2341 Opp.
1233 2307 1276 2333 ed.
1302 2307 1405 2334 Bened.
1430 2311 1448 2336 t,
1475 2307 1498 2340 I,
1522 2307 1573 2334 col.
1594 2307 1684 2335 1555.
1804 2307 1834 2341 2)
1857 2306 1931 2332 Ibid.
1954 2307 1970 2338 fi
1993 2305 2021 2339 G,
2048 2333 2063 2338 ,,

377 2354 395 2381 l.
421 2354 438 2380 l.
464 2355 514 2380 (Ὃῖ.
537 2355 624 2381 155⁴:-
