2132 3067
40 719 66 738 10

37 975 62 995 15

34 1233 61 1252 20

31 1490 58 1509 25

30 1747 57 1767 80

29 2005 57 2024 35

30 2263 58 2282 40

30 2569 59 2589 45

202 156 281 183 XIV.
317 156 369 181 DE
392 156 709 182 REORDINATIONE
734 157 907 184 VITANDA
932 160 978 185 ET
1002 161 1052 186 DE
1076 161 1223 188 SALUTE
1246 163 1511 190 PARVULORUM
1536 164 1614 190 ETC.
1673 161 1732 191 15¹5

86 248 229 276 testatur.
275 244 426 275 Preterea
458 243 570 275 beatus
594 244 796 285 Augustinus
820 246 941 277 nullum
968 249 1134 289 parvulum
1158 250 1396 282 aecclesiastico
1421 262 1509 283 more
1534 252 1730 294 baptizatum

86 296 117 326 in
139 295 220 327 libro
238 295 362 328 XX010.
380 296 419 326 de
436 296 567 326 civitate
586 295 665 325 Dei¹
691 297 829 337 excepit,
855 297 909 328 ubi
932 300 1124 339 generaliter
1147 301 1186 332 de
1210 301 1310 333 salute
1334 303 1540 344 parvulorum
1557 305 1600 334 ita
1618 310 1731 336 tracta-

84 348 146 379 vit:
182 347 301 388 Tanta,
332 347 446 388 inquit,
476 347 706 378 ‘misericordia
732 347 796 378 Dei
826 354 869 379 est
899 350 935 380 in
967 362 1047 381 vasa
1077 353 1333 394 misericordiae,
1362 367 1445 395 qnae
1475 358 1668 397 preparavit
1694 358 1730 387 in

85 399 238 441 yloriam,
269 403 304 428 ut
334 399 430 429 etiam
461 399 603 429 hominis
633 403 702 439 etas
729 400 851 439 prima,
885 401 919 431 id
948 406 991 431 est
1023 403 1181 442 infantia,
1212 416 1294 445 qnae
1325 407 1394 436 sine
1425 406 1490 437 ullo
1524 408 1634 437 renisu
1659 407 1729 438 sub-

86 451 168 481 iacet
198 450 315 489 carni,·
350 455 376 480 et
406 449 561 489 secunda,
593 461 676 492 qaae
705 451 850 490 pueritia
875 459 1101 493 nuncupatur,
1126 455 1182 485 ubi
1204 457 1347 486 nondum
1371 459 1456 487 ratio
1480 460 1620 499 suscepit
1645 459 1731 489 lzanc

83 513 244 543 pugnam,
267 506 295 532 et
307 501 385 542 fere
400 501 457 532 sub
475 501 598 532 nnllis‘¹
621 503 749 532 vitiosis
772 502 1057 534 ‹lelectationihnsb
1083 506 1174 545 iacet,
1199 508 1277 546 qnia
1295 508 1366 537 dioec
1391 509 1452 538 iam
1469 510 1550 548 suri
1575 510 1680 539 volent
1703 515 1731 539 et

85 553 155 584 ideo
178 552 331 594 infantia
354 554 513 583 transisse
536 553 698 591 videatur,
731 553 876 584 nondum
909 555 941 584 in
973 567 1011 585 ea
1035 561 1078 585 est
1103 559 1249 599 precepti
1272 570 1383 598 capax
1409 560 1582 598 infirmitas
1606 562 1729 599 mentis,

85 605 115 635 si
137 608 345 635 sacramenta
368 604 559 634 mediatoris
583 605 752 645 occeperit,
784 605 934 635 etiams-17⁰
959 607 992 636 in
1024 609 1069 637 eis
1094 611 1192 639 annis
1216 611 1313 639 vitoni
1337 610 1450 648 finiat,
1480 612 1644 642 translata
1668 614 1728 642 sci-

83 655 155 687 licet
184 657 215 687 ei
242 660 399 696 potestate
429 655 634 686 tenebrarum
666 656 701 685 ¹in
732 667 866 696 reynum
895 656 1028 697 Christi,
1060 670 1121 689 non
1152 660 1251 690 solum
1279 662 1393 701 poenis
1418 662 1504 692 nond
1526 668 1731 704 preparatur

84 708 219 747 eternis,
253 707 309 737 sed
342 718 381 738 ne
416 707 475 738 illa
510 706 640 748 quidem
679 711 753 748 post
789 713 916 738 mortem
950 711 1153 750 pnrgsatoria
1188 716 1345 742 tormenta
1374 713 1538 752 patiatur,
1596 714 1729 754 Soffficit

83 759 168 790 enim
191 757 260 789 sola
283 758 472 800 spiritualis
496 759 710 799 reyenerutz'o,
741 764 813 798 post
836 765 964 790 mortem
989 772 1028 791 ne
1055 762 1144 802 obsit,
1174 763 1259 803 quod
1283 762 1431 793 carnalis
1454 764 1633 804 'gleneratio
1657 776 1728 796 cum
1749 774 1758 784 ‘
1793 776 1798 787 ³

83 815 182 841 morte
212 811 387 840 contraxit.
439 810 475 840 In
508 808 567 839 hac
597 810 762 840 sentencia
794 811 905 841 beatus
929 811 1130 851 Augustinus
1155 812 1275 843 nullum
1308 814 1339 844 in
1370 814 1506 844 infancia
1530 815 1727 856 baptizatum

83 862 251 903 excepisse
275 861 418 900 videtu1·;
442 860 526 891 unde
550 872 609 891 nec
633 861 726 892 nobis
750 867 852 892 tutum
878 867 926 893 est
948 861 1086 904 aliquem
1112 864 1278 905 parvulum
1307 866 1467 906 excipere,
1492 876 1585 906 quem
1604 867 1727 907 integro

82 912 270 944 mediatoris
294 917 495 943 sacramento
520 913 686 943 iniciatum
708 913 830 955 absque
847 913 952 944 cordis
969 916 1135 946 aversione
1152 927 1355 957 nequaquam
1374 927 1543 957 possumus
1560 917 1728 957 denegare.

187 964 337 995 Preterea
367 965 392 994 si
425 964 496 1006 quis
528 964 624 995 etiam
653 975 694 995 ex
724 964 899 995 maioribus
929 967 969 996 ab
1002 965 1142 997 heretico
1172 966 1308 997 heresim
1340 968 1467 1008 penitus
1499 969 1669 999 nesciendo
1699 974 1730 999 et

81 1015 178 1047 corde
202 1026 264 1046 non
289 1016 362 1046 ficto
387 1015 543 1046 catholico
568 1026 657 1047 more
682 1015 864 1057 baptizatus
889 1018 995 1048 statim
1020 1023 1207 1056 moreretur,
1231 1019 1386 1060 numquid
1405 1030 1466 1048 non
1485 1019 1534 1049 ille
1553 1019 1729 1051 catholicus

81 1073 111 1099 et
133 1066 327 1098 christianae
351 1067 445 1098 saluti
469 1067 605 1098 idoneus
629 1069 742 1098 merito
768 1067 974 1099 crederetur?
1018 1069 1099 1099 Nam
1125 1069 1218 1110 plane
1239 1071 1330 1100 iuxta
1346 1071 1586 1111 Augustinuni²
1608 1071 1728 1102 nullum

81 1119 310 1158 contaminant,
333 1118 452 1150 nedum
475 1119 652 1160 dampnent
674 1118 778 1150 aliena
802 1126 947 1161 peccata,
972 1121 997 1150 si
1022 1121 1149 1162 penitus
1172 1121 1290 1152 fuerint
1312 1122 1490 1163 incognita,
1514 1123 1557 1153 ita
1580 1124 1663 1154 enim
1688 1123 1728 1154 ad

80 1170 287 1202 Vincentium
305 1171 508 1202 Donatistam
536 1171 693 1201 scribens:
717 1170 864 1209 Nullius,
888 1172 1002 1214 inquit,
1026 1173 1146 1204 crimen
1170 1173 1315 1203 maculat
1338 1175 1538 1204 nescientem.
1583 1174 1663 1204 Item
1688 1174 1727 1206 ad

81 1222 259 1253 Emeritum
272 1227 329 1253 ‘2³1
353 1222 456 1263 Illud,
480 1222 593 1263 inquit,
617 1234 682 1253 non
712 1224 859 1254 attendat
889 1224 1070 1265 vigyilrtntz'a
1101 1226 1215 1255 mentis
1247 1229 1320 1255 tuae
1350 1227 1507 1255 neminem
1534 1236 1629 1266 posse
1653 1238 1726 1257 con-

79 1275 241 1305 taminari
262 1273 435 1316 {qnotumf
458 1275 641 1315 iynotz'sqne
658 1275 860 1306 criminibus.
906 1275 984 1306 Item
1010 1275 1041 1305 in
1066 1275 1147 1306 libro
1172 1275 1210 1306 de
1234 1275 1296 1306 fide
1320 1281 1351 1306 et
1375 1276 1545 1317 operibus⁴
1570 1277 1726 1317 virginem

79 1327 175 1357 etiam
200 1325 239 1357 de
263 1325 422 1356 adulterio
445 1330 591 1365 excusat,
621 1326 646 1356 si
670 1325 776 1357 alieno
800 1327 978 1357 nescienter
1000 1327 1157 1368 nupserit,
1181 1332 1211 1357 et
1236 1326 1295 1357 hoe
1318 1327 1452 1366 tamdiu,
1483 1328 1635 1369 quamdiu
1659 1330 1728 1370 ipsa

78 1378 284 1419 ignoraverit.
338 1376 372 1408 Si
404 1388 480 1417 ergo
512 1377 571 1407 hoc
599 1378 659 1408 rite
683 1377 822 1408 creditur
846 1378 884 1409 de
909 1378 1095 1416 maioribus,
1120 1384 1239 1419 quanto
1265 1379 1366 1420 magis
1390 1379 1429 1409 de
1455 1379 1597 1420 parvulis
1621 1381 1727 1410 omnia

78 1428 162 1459 mala
185 1428 418 1470 ignorantibus,
450 1427 602 1460 videlicet
633 1434 667 1459 ut
697 1429 808 1460 alienis
834 1431 975 1471 peccatis
1001 1430 1232 1471 baptizantium
1262 1441 1323 1461 non
1354 1431 1639 1472 condempnentur,
1671 1443 1728 1473 per

78 1491 158 1522 quos
181 1480 291 1511 divina
315 1486 519 1511 sacramenta
542 1491 615 1511 cum
640 1480 726 1511 nulla
750 1481 878 1512 fictione
903 1481 1010 1512 cordis
1034 1482 1219 1522 ignoranter
1243 1489 1466 1524 perceperunt.

184 1531 247 1563 Sed
280 1532 428 1572 obicitur,
461 1531 547 1574 quod
578 1532 710 1563 heretici
742 1544 801 1564 nec
826 1533 982 1574 Spiritum
1007 1538 1154 1564 sanctum
1178 1533 1255 1564 dare
1279 1534 1406 1565 valeant
1437 1545 1496 1564 nec
1520 1539 1725 1575 peccatorum

76 1584 253 1615 remissam.
292 1583 335 1614 Et
357 1594 415 1614 nos
439 1594 567 1625 quoque
591 1583 701 1614 itidem
727 1584 766 1615 de
790 1584 939 1616 hereticis
963 1585 1112 1625 dic-iuius,
1136 1585 1221 1626 quod
1241 1585 1369 1616 beatum
1389 1587 1605 1626 Augustinum
1630 1587 1725 1616 etiam

77 1634 115 1666 de
139 1634 338 1677 quibuslibet
361 1635 501 1666 menbris
526 1635 646 1666 diaboli
663 1635 745 1666 infra
762 1635 955 1667 aecclesiam
974 1636 1216 1678 baptizantibus
1241 1638 1415 1668 asseruisse
1432 1636 1578 1678 legimus.
1623 1637 1726 1667 Nimis

77 1690 126 1717 est
155 1691 261 1717 autem
295 1686 427 1728 longum
458 1692 490 1717 et
521 1686 594 1718 huic
625 1687 805 1729 quaestioni
834 1699 896 1718 non
927 1687 1008 1718 adeo
1038 1688 1266 1727 necessarium,
1295 1693 1328 1719 ut
1360 1688 1496 1730 pleniter
1526 1688 1725 1727 discutiatur,

77 1737 161 1768 unde
186 1736 339 1779 baptizati
363 1739 528 1770 remissam
555 1744 762 1780 peccatorum
786 1740 958 1780 accipiant,
982 1741 1077 1770 etiam
1097 1751 1169 1770 cum
1194 1739 1307 1781 perfidi
1332 1751 1386 1770 eos
1410 1739 1584 1781 baptizant.
1631 1740 1726 1770 Suffi-

77 1790 197 1821 cienter
220 1794 326 1820 tamen
351 1790 395 1821 ita
419 1791 613 1832 respondere
638 1801 808 1832 possumus
831 1791 871 1821 ad
897 1791 1032 1829 obiecta,
1065 1796 1099 1822 ut
1127 1796 1158 1822 et
1181 1791 1306 1832 parvuli
1329 1791 1403 1822 inde
1427 1792 1592 1822 remissam
1616 1802 1725 1832 pecca-

76 1846 181 1872 torum
205 1842 369 1883 accepisse
400 1841 581 1882 credantur,
612 1842 697 1873 unde
728 1847 759 1873 et
790 1842 934 1873 homines
966 1843 1072 1884 magni
1104 1843 1144 1873 ab
1176 1842 1322 1873 hereticis
1352 1854 1415 1873 non
1440 1843 1512 1873 ficto
1536 1843 1632 1873 corde
1656 1843 1724 1873 sive

76 1893 262 1933 ignoranter
286 1893 450 1934 baptizati.
497 1894 531 1924 Si
563 1895 633 1935 quis
665 1898 771 1924 autem
802 1894 938 1935 pleniter
960 1894 999 1925 de
1023 1895 1127 1935 gratia
1151 1894 1291 1935 Spiritus
1315 1895 1414 1925 sancti
1438 1895 1504 1925 sive
1529 1894 1567 1924 de
1590 1895 1725 1924 remissa

76 1951 290 1985 peecatorum,
315 1945 398 1976 unde
421 1945 609 1987 accipiatur,
634 1946 714 1976 scire
738 1945 886 1985 voluerit,
910 1946 941 1975 in
965 1945 1055 1976 libris
1080 1946 1163 1976 beati
1182 1945 1377 1986 Augustini⁵
1402 1950 1512 1976 contra
1536 1945 1723 1975 Donatistas

77 1995 274 2027 sufficienter
304 1996 448 2028 invenire
476 1998 605 2038 poterit,
637 1998 668 2027 in
700 1996 817 2039 quibus
848 2002 880 2027 et
911 1997 970 2028 lioc
998 1998 1075 2028 satis
1106 1997 1272 2028 evidenter
1302 1996 1472 2036 asseritur,
1503 1996 1589 2037 quod
1614 1997 1723 2026 divina

77 2053 275 2078 sacramenta
305 2059 364 2089 per
392 2047 555 2090 quoslibet
585 2048 740 2090 reprobos
769 2049 993 2079 administrata
1022 2049 1276 2090 percipientibus
1305 2047 1468 2078 salutifera
1496 2059 1564 2079 esse
1589 2049 1722 2089 possint,

77 2099 260 2141 quicunque
283 2111 322 2130 ea
343 2110 407 2130 non
430 2100 505 2130 ficto
529 2099 626 2131 corde
650 2100 700 2130 vel
723 2111 838 2131 averso
863 2100 958 2131 corde
983 2100 1197 2141 perceperint.

179 2150 318 2182 Adhuc&
340 2151 475 2182 fortasse
498 2156 530 2181 et
554 2151 613 2182 hoc
640 2151 787 2190 obicitur,
819 2151 906 2193 quod
930 2152 1030 2182 sancti
1056 2156 1162 2192 patres
1187 2150 1336 2192 parvulos
1360 2151 1392 2180 in
1417 2150 1518 2180 heresi
1543 2150 1722 2192 baptizatos

77 2212 134 2243 per
161 2212 275 2234 manus
306 2203 532 2244 inpositionem
564 2204 596 2233 in
625 2202 814 2234 catholicam
844 2203 1061 2244 'recipiendos
1086 2203 1151 2233 fore
1176 2214 1238 2233 non
1261 2203 1414 2242 dicerent,
1446 2202 1471 2232 si
1503 2202 1629 2242 penitus
1653 2201 1722 2231 illos

77 2252 288 2295 inculpabiles
317 2266 387 2286 esse
417 2255 609 2285 iudicarent.
660 2256 715 2286 Sic
746 2266 823 2295 ergo
856 2254 968 2285 beatus
999 2254 1198 2294 Gregorius⁶
1230 2264 1315 2295 papa
1348 2255 1470 2295 primus
1502 2252 1651 2294 parvulos
1683 2253 1722 2283 ab

78 2304 223 2336 Arrianis
246 2305 426 2347 baptizatos
451 2305 651 2336 reconciliari
676 2307 828 2348 precepit,
845 2307 929 2336 sicut
945 2306 1143 2336 Affricanum
1169 2305 1358 2336 eonciliuni⁷
1383 2316 1402 2335 a
1424 2305 1605 2336 Donatistis
1623 2304 1723 2345 bapti-

77 2361 163 2387 zatos
185 2357 389 2388 reconciliari
414 2356 532 2388 debere
556 2358 690 2388 notavit.
729 2358 795 2388 Nec
818 2369 876 2388 nos
901 2358 1012 2398 utique
1036 2357 1084 2387 his
1108 2357 1370 2395 contradicimus,
1395 2357 1491 2386 immo
1512 2355 1723 2386 libentissime

77 2407 331 2450 adquiescimus:
365 2408 516 2439 videlicet
543 2414 578 2440 ut
606 2408 732 2450 parvuli
764 2408 848 2450 apud
880 2409 1035 2440 hereticos
1069 2408 1223 2450 baptizati
1257 2419 1314 2449 per
1347 2418 1460 2438 manus
1494 2408 1720 2448 inpositionem

78 2460 283 2502 recipiantur,
306 2461 333 2490 si
352 2464 457 2491 tamen
483 2461 595 2491 tandiu
618 2461 769 2499 vixerint,
793 2466 828 2491 ut
849 2460 888 2491 ad
907 2459 1198 2491 reconciliationem
1216 2460 1382 2501 pervenire
1398 2459 1530 2500 possint.
1565 2459 1599 2488 Si
1617 2464 1721 2489 autem

188 2566 214 2596 a)
235 2565 355 2590 omnibus
376 2564 445 2597 Any.
521 2565 549 2595 b)
571 2565 776 2589 deletationibus
798 2566 822 2589 9.
899 2566 924 2596 e)
944 2565 1013 2589 lianc
1034 2565 1097 2589 add.
1119 2565 1186 2596 Αιιῃ.
1264 2565 1292 2590 d}
1314 2565 1348 2587 al.
1369 2573 1439 2588 man.
1461 2564 1486 2587 ln
1507 2572 1589 2595 nmrq.
1611 2563 1675 2586 add.
1697 2564 1721 2586 9.

79 2610 103 2642 e)
117 2618 149 2635 ez
163 2612 329 2636 emeretr-ium
344 2619 411 2635 corr.
426 2612 563 2635 emetrium
580 2612 604 2635 9.
662 2611 683 2639 f)
698 2612 847 2643 ignotorum
863 2611 961 2641 ignotis
976 2611 1129 2635 criminibus
1143 2611 1211 2642 Any.
1263 2612 1290 2641 g)
1311 2610 1387 2634 litera
1401 2619 1417 2634 u
1427 2613 1521 2641 postea
1537 2609 1633 2632 inserta
1645 2612 1681 2632 cs!
1696 2610 1720 2631 9.

187 2708 214 2742 1)
239 2708 269 2735 C.
291 2708 336 2742 16,
364 2708 434 2743 Opp.
458 2713 477 2736 t.
502 2709 564 2742 VII,
589 2709 639 2735 col.
659 2709 728 2734 636.
810 2708 839 2742 2)
863 2709 917 2742 Ep.
936 2709 983 2739 93,
1010 2718 1032 2735 c.
1055 2710 1099 2740 15,
1128 2708 1198 2742 Opp.
1222 2712 1241 2734 t.
1260 2708 1298 2737 II,
1324 2708 1374 2734 cul.
1395 2708 1464 2733 ⁵209.
1545 2706 1574 2731 3>
1600 2706 1651 2739 Iz'p.
1672 2705 1718 2735 ST,

79 2759 94 2789 5
117 2758 144 2792 2,
167 2759 218 2785 col.
236 2759 306 2785 209.
409 2760 439 2794 4)
462 2764 476 2791 ξ
502 2761 549 2793 10,
578 2760 648 2794 Opp.
673 2763 692 2786 ί.
718 2760 762 2787 VI.
788 2760 838 2785 col.
860 2759 927 2787 170.
1031 2760 1059 2793 5)
1082 2760 1180 2786 Sermo
1206 2760 1252 2791 71,
1278 2764 1291 2789 ,ξ
1315 2759 1362 2791 37,
1391 2760 1461 2792 Opp.
1485 2761 1503 2783 t.
1528 2758 1554 2788 Γ,
1580 2757 1630 2783 col.
1650 2757 1718 2781 400.

81 2808 110 2843 6)
132 2809 194 2836 Lib.
211 2810 235 2843 1,
260 2820 303 2844 ep.
323 2810 369 2843 17,
394 2812 436 2838 ed.
462 2811 563 2837 Ewald
586 2811 610 2844 I,
631 2820 661 2845 p.
679 2811 734 2843 23;
756 2811 835 2843 Jaffe
857 2819 900 2836 nr.
922 2810 1010 2836 1085.
1100 2810 1128 2844 7)
1151 2811 1246 2844 Supra
1267 2818 1296 2843 p.
1315 2810 1363 2835 515.
1389 2811 1437 2835 tvl.
1466 2809 1533 2835 ll'i.

1440 2863 1488 2885 ρο*

1750 978 1781 1001 (7)

1748 1544 1779 1567 (8)

1743 2157 1775 2181 (9)

1743 2208 1772 2228 «ε.
1783 2211 1818 2229 2¹1.
