2132 3067
47 719 74 739 1⁰

49 976 76 996 15

48 1235 75 1255 20

47 1495 74 1514 25

49 1753 76 1772 80

50 2010 77 2030 85

49 2267 78 2287 40

55 2823 82 2844 50

607 152 731 179 GESTA
754 152 943 179 ROMANAE
966 152 1172 179 ECCLESIAE
1196 153 1232 181 ΙΙ.
1682 151 1744 182 375

92 242 365 274 communicantes
389 242 511 272 caesari
535 241 658 283 absque
681 240 844 271 iuditiario
872 241 983 272 ordine
1007 242 1322 283 excommunicabat,
1354 247 1384 273 et
1408 243 1509 274 tercio
1534 244 1638 285 gradu
1662 255 1745 275 com-

93 294 293 325 municantes
317 294 363 324 eis
387 293 428 324 ab
452 293 786 323 excommunicatione
813 303 897 322 nova
920 294 1039 334 pietate
1064 293 1264 334 excipiebat:
1297 305 1378 336 quos
1409 294 1593 326 huiusmodi
1623 295 1747 326 artibus
1769 306 1833 325 ποτε.

92 351 124 377 et
146 346 213 386 regi
238 344 419 376 subducere
443 351 474 375 et
496 344 557 375 sibi
581 343 709 375 allicere
732 343 915 374 festinabat.
954 344 1075 375 Dicant
1099 356 1182 375 nune
1201 345 1416 377 Hildebrandi
1440 346 1604 389 discipuli,
1629 346 1746 389 quibus

93 397 292 436 commentis,
317 395 435 437 quibus
460 395 620 427 coloribus
646 395 800 426 deaurare
824 397 958 437 possint,
989 397 1075 437 quod
1100 397 1168 438 ipse
1194 397 1435 429 Hildebrandus
1458 399 1489 429 in
1514 398 1627 430 sinodo
1650 410 1744 440 gene-

93 447 151 479 rali
181 447 319 479 heretica
350 447 540 489 predicavit,
569 447 766 488 predicando
797 448 1085 478 excommunicatis
1116 450 1355 481 communicare
1379 451 1551 489 consensit,
1580 450 1746 491 predicata

93 500 234 541 scripsit,
251 499 470 541 predicatione
487 504 518 530 et
534 498 663 540 scriptis
679 498 812 529 alteram
830 497 1061 529 catholicorum
1071 505 1093 539 ³,
1111 499 1242 530 alteram
1258 502 1610 532 excommunicatorum
1626 501 1746 533 aeccle-

93 552 172 582 siam
197 551 328 591 faciens,
357 551 513 581 unitatem
545 549 641 580 scidit
670 556 701 580 et
731 551 851 591 scripta
874 561 930 591 per
954 550 1063 581 orbem
1088 556 1244 582 terrarum
1270 552 1508 593 disseminavit:
1539 553 1746 594 predicando,

93 601 273 642 scribendo,
297 603 420 644 scripta
443 601 682 632 disseminando
708 613 741 632 se
764 602 869 643 ipsum
892 601 1067 632 hereticum
1086 603 1314 644 manifestavit,
1339 610 1368 635 et
1385 615 1439 636 ore
1456 606 1597 646 proprio,
1621 612 1651 636 et
1675 617 1745 637 con-

92 655 230 686 fessione
254 654 402 685 hereseos
426 664 488 683 non
514 658 651 693 extorta,
681 653 793 684 divino
818 658 951 693 urgente
974 653 1099 692 iuditio,
1131 655 1391 696 condempnavit,
1422 656 1497 686 dum
1523 657 1640 698 vulgus
1664 669 1746 688 erro-

93 717 188 737 neum
213 710 356 736 sanctum
381 706 545 736 estimaret
573 710 604 735 et
632 704 787 747 apostolis
810 711 1008 747 exaequaret
1031 706 1180 746 spiritum
1204 708 1282 737 tanti
1307 708 1434 745 erroris,
1458 719 1530 738 cum
1556 710 1652 739 etiam
1674 721 1746 750 pru-

94 758 257 788 dentiores
281 757 350 787 eius
374 756 498 799 laqueis
522 762 716 798 caperentur
739 762 769 787 et
792 756 1021 787 inducerentur
1042 758 1074 787 iu
1097 758 1356 799 temptacionem,
1381 759 1406 788 si
1424 759 1491 789 fieri
1510 765 1628 801 posset,
1652 762 1745 791 etiam

93 808 196 840 electi.
240 808 424 847 Mentimur,
448 809 508 839 nisi
531 809 704 839 tredecim¹
731 808 912 839 cardinales
937 809 1150 850 sapientiores
1168 816 1198 841 et
1215 809 1440 850 religiosiores,
1464 811 1533 852 ipse
1551 811 1748 842 archidiaco-

94 872 154 892 nus
178 866 210 891 et
231 861 301 902 ipse
324 860 537 902 primicerius,
562 865 593 891 et
617 859 706 890 multi
731 859 785 890 alii
805 860 1072 891 Latet-anensium
1098 861 1296 898 clericorum,
1322 873 1457 903 quorum
1484 863 1596 893 iuditio
1621 874 1661 894 ex
1687 864 1748 905 pri-

94 912 214 954 vilegio
238 918 369 944 sanetae
393 911 478 942 sedis
502 916 587 943 totus
605 911 752 942 subiacet
769 911 918 951 mundus,
941 913 1137 954 apostasiam
1161 913 1229 943 eius
1247 913 1480 944 intolerabilem
1500 914 1747 955 perpendentes,

93 964 133 995 ab
158 965 225 995 eius
249 964 476 995 communione
500 969 710 994 recesserunt.
755 963 886 1002 Dicant,
910 975 1050 1004 oramus,
1075 964 1291 994 Hildebrandi
1316 964 1477 1007 discipuli,
1502 977 1565 1007 qua
1583 977 1747 1007 presump-

94 1017 179 1048 tione
203 1016 357 1057 magister
379 1025 490 1046 eorum
515 1015 669 1046 unitatem
693 1015 870 1046 aecclesiae
897 1016 929 1045 in
960 1016 1040 1046 duas
1070 1015 1120 1046 vel
1149 1015 1257 1057 plures
1290 1022 1396 1057 partes
1428 1017 1561 1048 divisit?
1606 1018 1639 1049 Si
1664 1020 1746 1048 enim

96 1078 239 1099 cesarem
269 1067 387 1098 iniuste
410 1072 441 1098 et
471 1067 593 1109 absque
624 1067 786 1097 iuditiario
817 1067 928 1098 ordine
955 1067 1155 1108 dampnavit,
1185 1079 1218 1098 se
1250 1069 1354 1109 ipsum
1386 1069 1493 1110 potius
1523 1070 1562 1100 ab
1593 1069 1747 1100 aeeclesia

95 1119 267 1161 separavit.
313 1119 348 1150 Si
371 1129 447 1150 vero
471 1119 554 1150 iuste
581 1119 927 1149 excommunicationis
958 1119 1102 1160 gladium
1135 1120 1166 1149 in
1196 1130 1357 1150 caesarem
1389 1119 1437 1150 vel
1462 1121 1632 1162 episcopos
1664 1132 1748 1152 com-

95 1171 295 1203 municantes
331 1171 452 1201 caesari
487 1171 621 1208 exeruit,
662 1181 761 1212 quare
795 1172 1073 1202 communicantes
1113 1171 1192 1212 ipsis
1225 1171 1387 1214 episeopis
1422 1173 1520 1203 tercio
1554 1172 1657 1214 gradu
1692 1184 1749 1214 per

93 1224 286 1265 scripturam
311 1222 505 1264 excipiendo
529 1221 688 1253 absolvit?
727 1221 917 1264 Numquidb
941 1223 1036 1254 etiam
1062 1223 1156 1253 unius
1181 1223 1243 1253 diei
1267 1223 1371 1254 infans
1395 1223 1435 1254 ab
1460 1225 1748 1255 excommunicatis

95 1274 283 1306 conceditur
304 1273 412 1316 aliqua
436 1275 625 1304 necessitate
650 1273 817 1314 baptizari,
849 1273 898 1304 vel
929 1274 970 1305 ab
1001 1275 1290 1305 excommunicatis
1322 1275 1504 1317 baptizatus
1535 1283 1565 1306 et
1597 1277 1749 1306 continuo

94 1332 248 1367 mortuus,
272 1325 413 1357 creditur
435 1324 575 1356 salvari?
613 1325 774 1367 Equidem
801 1332 909 1357 sacerc
935 1325 1186 1357 Calcedonensis
1211 1333 1334 1357 canon²
1359 1327 1504 1368 predicat
1527 1327 1613 1369 apud
1636 1327 1748 1358 hereti-

95 1389 149 1409 cos
173 1389 235 1409 non
259 1388 354 1419 posse
370 1377 410 1408 ad
428 1377 563 1408 salutem
584 1377 751 1419 baptizari.
775 1385 805 1409 et
829 1377 984 1419 dampnat
1003 1389 1067 1417 eos,
1094 1379 1146 1420 qui
1164 1378 1315 1419 parvulos
1333 1386 1425 1410 extra
1441 1379 1629 1410 aecclesiam
1650 1380 1747 1421 bapti>

93 1429 213 1461 zandos
243 1428 426 1462 obtulerint.
473 1429 559 1468 Quid
592 1431 722 1471 proprie
753 1430 792 1460 de
819 1429 962 1471 parvulis
992 1436 1072 1471 aput
1102 1431 1400 1461 excommunicatos
1433 1430 1603 1472 baptizatis
1637 1432 1749 1462 beatus

95 1481 318 1523 Augustinus³
349 1482 470 1512 scribat
501 1481 674 1512 Bonefacio
703 1482 866 1524 episcopo,
903 1482 933 1512 in
968 1482 1050 1513 serie
1085 1481 1228 1513 eiusdem
1263 1481 1418 1523 epistolae
1452 1482 1544 1513 facile
1581 1488 1613 1514 et
1645 1482 1748 1514 lucide

94 1537 199 1575 potest
221 1533 388 1574 repperiri.
434 1533 629 1574 Repperitur
652 1538 683 1564 et
706 1533 766 1564 hoc
788 1534 894 1575 ipsum
920 1534 950 1563 in
976 1532 1112 1575 epistola
1136 1533 1221 1565 beati
1249 1534 1432 1575 Gregorii⁴⁷
1464 1545 1559 1576 quam
1594 1545 1651 1576 pro
1675 1546 1747 1576 par-

93 1585 176 1616 vulis
199 1584 366 1624 sollicitus,
390 1585 554 1626 episcopis
578 1585 827 1626 Longobardiae
851 1585 947 1615 misit.
1001 1586 1183 1626 {epperitur
1207 1586 1301 1616 etiam
1328 1585 1548 1627 multipliciter
1571 1587 1602 1617 in
1627 1588 1749 1628 campis

95 1647 206 1668 sacrae
235 1636 414 1678 scripturae
442 1636 513 1667 latis
536 1641 567 1668 et
583 1637 752 1678 spaciosis.
799 1636 969 1667 Gloriosus
993 1642 1099 1668 autem
1125 1637 1366 1669 Hildebrandus
1391 1643 1422 1669 et
1444 1638 1657 1680 pedissequus
1681 1640 1749 1670 eius

95 1689 278 1729 Turbanus,
308 1699 392 1719 nova
421 1694 581 1730 potestate
611 1687 771 1719 solventes
803 1688 932 1720 decreta
963 1688 1213 1720 Calcedonensis
1237 1689 1374 1729 concilii,
1406 1701 1468 1719 non
1499 1690 1601 1720 solum
1633 1691 1750 1728 verbis,

96 1740 152 1771 sed
176 1745 208 1771 et
229 1740 357 1781 seriptis
381 1739 517 1781 publicis
540 1746 771 1771 consenserunt
795 1746 887 1772 extra
910 1740 1098 1771 aecclesiam
1118 1742 1357 1772 communicare
1381 1747 1412 1772 ct
1437 1741 1628 1783 baptizarid:
1654 1752 1747 1783 quam

95 1792 185 1823 caeci
209 1797 326 1831 essent,
350 1802 446 1833 quam
471 1792 611 1831 heretici,
636 1793 763 1833 scriptis
787 1793 928 1834 propriis
953 1792 1157 1834 deprehensi.
1204 1793 1266 1823 Pro
1290 1793 1389 1829 nefas,
1415 1793 1458 1823 liii
1483 1799 1749 1834 presumpserunt

95 1843 135 1875 de
158 1842 316 1874 aecclesia
345 1843 499 1883 iudicare,
531 1844 586 1885 qui
611 1855 767 1886 nusquam
793 1845 998 1886 reperiuntur
1021 1855 1084 1875 non
1108 1855 1243 1885 errasse,
1273 1845 1390 1887 quibus
1415 1846 1510 1875 etiam
1536 1846 1607 1886 ipsa
1631 1845 1748 1876 veritas·

97 1901 264 1937 reputatur
286 1895 318 1925 in
343 1894 558 1934 mendacium,
591 1907 686 1937 quam
720 1895 786 1926 solo
816 1896 945 1927 fallendi
977 1896 1084 1927 studio
1107 1896 1214 1927 verbis
1238 1902 1267 1926 et
1292 1897 1422 1938 seriptis
1447 1897 1523 1935 suis,
1555 1908 1594 1926 nc
1624 1907 1749 1927 venena

96 1947 213 1979 erroris
243 1957 352 1978 eorum
377 1947 628 1988 perciperentur,
660 1949 752 1989 quasi
781 1947 843 1978 mel
873 1948 1091 1979 veneticorum
1117 1958 1206 1977 more
1234 1947 1486 1979 admiscuerunt.
1543 1948 1746 1979 Mendatium

97 2000 180 2030 enim
211 2003 265 2039 est,
295 2003 330 2029 ut
364 1998 477 2029 beatus
508 1999 711 2040 Augustinus
741 2000 816 2039 ait⁵‚
857 2001 961 2030 omnis
999 2000 1190 2030 mauriaci«)
1217 1998 1352 2039 prolata
1386 2000 1564 2030 intentione
1594 1999 1746 2035 fallendi.

99 2049 242 2092 Uterque
265 2056 384 2088 autem,
409 2049 652 2082 Hildebrandus
676 2051 797 2082 scilicet
823 2057 853 2081 et
869 2051 1051 2089 Turbanus,
1076 2051 1107 2080 in
1127 2050 1262 2080 heresim
1281 2049 1401 2080 Libcrii
1427 2049 1550 2089 recidit,
1575 2051 1640 2092 qui,
1664 2058 1749 2092 post-

97 2113 192 2144 quam
216 2101 345 2144 publice
369 2103 621 2133 communicavit
654 2103 953 2142 excommunicatis,
982 2102 1062 2133 duas
1091 2102 1267 2132 aecclesias
1298 2102 1427 2140 faciens,
1459 2103 1611 2132 unitatem
1644 2103 1747 2133 scidit.

98 2153 160 2184 Sed
185 2165 247 2185 non
272 2154 374 2186 tacuit
399 2155 512 2185 beatus
535 2154 698 2196 presbiter
723 2154 894 2192 Eusebius,
923 2165 986 2196 quo
1011 2154 1152 2194 legitime
1180 2153 1371 2183 defendente
1396 2154 1550 2184 unitatem
1575 2165 1677 2195 usque
1706 2154 1747 2185 ad

97 2210 241 2244 mortem,
265 2210 298 2236 et
321 2206 386 2237 vita
409 2212 440 2236 et
463 2211 563 2236 morte
588 2206 656 2236 eius
681 2205 876 2237 clarificante
900 2205 1076 2236 doctrinam
1103 2204 1303 2236 catholicam.
1328 2204 1477 2235 Liberius
1497 2205 1677 2237 declaratus
1701 2212 1748 2237 est

97 2256 256 2288 hereticus
266 2262 286 2288 Β.
332 2256 497 2288 Liberium
523 2268 605 2288 unus
628 2257 791 2288 Eusebius
815 2258 1075 2288 communionem
1092 2257 1160 2287 eius
1177 2255 1365 2297 deserendo,
1389 2262 1419 2287 et
1436 2257 1526 2288 iuxta
1543 2257 1746 2298 euangelium

97 2314 260 2350 tamquam
283 2308 444 2340 ethnicum
470 2315 500 2340 et
524 2308 733 2350 publicanum
758 2309 940 2343 devitando.
965 2308 1089 2350 ligavit,
1114 2319 1175 2339 uno
1199 2309 1314 2350 spiritu
1339 2319 1411 2338 cum
1433 2307 1526 2339 beato
1544 2310 1745 2350 Augustino⁷

99 2360 200 2401 magis
229 2371 327 2402 opere
351 2371 446 2402 quam
472 2360 570 2391 verbo
595 2360 717 2391 dicens:
751 2360 872 2402 Cepisti
901 2361 1017 2391 habere
1039 2361 1182 2401 fratrem
1212 2365 1376 2401 tamquam
1404 2360 1631 2401 publicanum,
1658 2361 1746 2403 ligas

99 2410 190 2443 illum
221 2413 256 2443 iu
286 2417 386 2452 terra,
419 2413 476 2444 sed
509 2417 544 2443 ut
573 2413 656 2443 iuste
678 2412 820 2454 facias-⁹
852 2412 934 2452 vide,
966 2423 1042 2442 mim
1074 2413 1201 2443 iniusta
1234 2411 1369 2442 vincula
1402 2413 1534 2443 iusticia
1559 2413 1746 2454 disrumpit.

209 2492 236 2525 a)
257 2493 414 2518 catholicam
436 2493 463 2518 S.
568 2494 597 2518 bi
619 2502 753 2526 nunquam
774 2493 802 2518 S.
907 2494 930 2525 c)
960 2493 1090 2518 eeclesiae
1112 2493 1178 2516 male
1199 2493 1263 2517 add.
1284 2493 1358 2517 It'ein.
1466 2494 1494 2519 d>
1515 2494 1651 2525 baptizare
1673 2495 1697 2517 2.
1720 2494 1744 2518 N.

101 2539 125 2570 e)
143 2539 237 2572 alliges
257 2539 290 2564 A.

208 2614 236 2648 1)
259 2614 304 2647 Cf.
328 2614 352 2646 I,
380 2615 405 2646 1,
429 2623 518 2648 snpra
539 2624 568 2648 p.
587 2614 656 2647 369,
690 2614 738 2639 nbi
765 2624 849 2648 vsqve
880 2615 918 2639 nd
941 2615 1051 2639 Petrum
1078 2613 1293 2639 oblationarium
1317 2614 1447 2640 tredecim
1471 2615 1632 2640 cardinales
1656 2624 1745 2639 vaniv-

101 2668 209 2694 raulur,
307 2665 337 2700 Q)
362 2666 392 2692 C.
419 2666 465 2698 14,
490 2665 589 2691 Mam-i
612 2666 656 2699 Vl,
680 2666 732 2692 col.
761 2666 856 2697 1²22&-
882 2666 924 2691 στί.
949 2665 1100 2691 Hinsclzius
1120 2674 1150 2699 p.
1169 2665 1238 2691 286.
1343 2666 1372 2698 3)
1396 2666 1487 2699 Epist.
1513 2665 1561 2697 98,
1589 2666 1680 2699 Opera
1705 2666 1745 2694 ΙΙ,

102 2715 152 2742 col.
177 2716 235 2742 266
259 2717 296 2744 Β.
411 2718 441 2750 4)
465 2717 533 2750 Ῑιέῃ,
559 2718 583 2750 I,
611 2717 658 2750 17,
682 2718 723 2743 ed.
751 2717 851 2743 Ezcald
874 2718 897 2749 I,
920 2726 949 2751 p.
967 2717 1024 2749 ‘23‚·
1054 2716 1140 2749 Jasfc'
1167 2717 1255 2743 1085.
1377 2717 1406 2751 5)
1438 2717 1540 2743 Contra
1572 2717 1744 2742 mendacimn

103 2775 125 2793 c.
149 2766 176 2800 4,
200 2770 215 2799 ς
238 2768 265 2800 4,
293 2767 387 2802 Opera
414 2768 460 2800 VI,
485 2769 536 2795 col.
562 2768 621 2794 464
648 2770 683 2795 (ι’.
772 2767 802 2803 G)
828 2768 871 2801 Cf.
897 2769 920 2801 J,
949 2769 973 2800 1,
997 2777 1084 2802 supra
1103 2777 1133 2801 p.
1152 2768 1222 2794 369,
1312 2768 1339 2801 ἶ)
1363 2768 1461 2794 Sermo
1486 2768 1533 2800 82,
1558 2770 1571 2798 ξ
1598 2768 1624 2801 7,
1653 2767 1744 2801 Uperzr

108 2817 136 2850 V,
159 2819 211 2846 col.
235 2818 295 2845 442
320 2819 355 2846 G.
