2132 3067
77 718 103 737 10

76 975 102 994 15

73 1234 99 1252 20

71 1491 98 1511 25

69 1749 97 1769 ³0

71 2008 98 2027 ³5

71 2266 98 2284 40

71 2558 99 2577 ⁴5

550 155 605 182 DE
626 154 797 182 UNITATE
821 155 1028 183 ECCLESIAE
1054 156 1348 184 CONSERVANDA.
1720 155 1779 187 231

127 244 342 284 observantes,
365 245 402 276 in
425 245 629 276 monasteriis
652 245 784 276 discant
807 244 1017 286 aliquatenus
1040 246 1088 276 vel
1111 246 1308 278 honestatem
1330 258 1453 278 ‘morum
1481 253 1538 278 aut
1561 249 1693 279 initium
1710 260 1781 280 con-

128 297 322 327 versationis
341 301 466 335 tenere;
490 301 651 327 caeterum
662 307 758 338 posse
773 307 837 337 eos,
861 298 918 338 qui
935 297 979 327 ad
1000 297 1229 338 perfectionem
1252 300 1508 330 conversationis
1523 300 1701 340 festinant,
1719 311 1783 341 per

125 347 294 378 doctrinas
317 352 507 379 sanctorum
526 353 663 389 patrum
686 353 715 378 et
736 359 797 389 per
820 349 972 378 instituta
995 359 1106 379 eorum
1131 350 1175 379 ad
1191 350 1415 381 celsitudinem
1428 351 1645 392 pe⁷fectionis
1661 353 1782 392 venire,

124 409 197 429 cum
212 409 314 429 sermo
332 399 468 430 divinus
483 404 512 430 et
527 400 708 430 auctoritas
722 401 840 431 veteris
857 411 895 430 ac
908 400 986 430 novi
998 402 1179 431 testamenti
1190 402 1373 432 rectissima
1386 403 1428 432 sit
1442 414 1555 433 norma
1572 405 1655 434 vitae
1668 404 1781 434 huma-

124 461 205 489 nae,·
220 451 366 492 ideoque,
381 451 456 490 aiv,
472 450 570 482 ‘nihil
586 450 674 482 debet
686 451 786 482 abbas
798 456 891 482 eastra
904 456 1119 492 praeceptum
1133 451 1281 492 Domini,
1298 453 1385 494 quod
1398 453 1510 492 absit³,
1528 459 1584 484 aut
1597 455 1709 486 docere
1723 461 1780 486 aut
1802 466 1896 492 ⁸p.144.

124 503 319 533 constituere
342 502 390 533 vel
413 502 540 541 iubere,
562 502 619 533 sed
642 503 744 533 iussio
767 503 838 533 eius
861 502 909 533 vel
932 503 1085 534 doctrina
1099 503 1300 544 fermentum
1324 504 1459 535 divinae
1485 507 1631 536 iustitiae
1654 507 1690 537 in
1714 507 1780 537 dis-

123 553 305 595 cipulorum
333 554 492 585 mentibus
515 558 766 596 consperyatur.
817 554 945 595 Oportet
969 558 1091 594 autem,
1123 555 1256 596 inquit²‚
1288 555 1431 586 abbatem
1463 567 1529 587 esse
1558 558 1683 588 doctum
1712 557 1779 600 leye
1859 590 1882 608 cf

124 605 251 644 divina,
274 610 310 635 ut
330 606 374 636 sit
396 605 484 636 unde
503 605 657 646 proferat
680 616 765 636 nova
787 610 816 636 et
839 610 954 637 vetera.
994 605 1085 637 Sicut
1112 607 1197 636 enim
1221 606 1301 636 dicit
1321 606 1481 637 Dominus
1505 619 1562 649 per
1581 608 1777 640 Hieremiam
1801 604 1952 644 timuisse.

125 655 334 698 prophetam:
358 656 484 688 Stultus
506 662 551 687 est
574 657 680 688 omnis
694 656 787 688 homo
805 669 825 687 a
841 658 990 697 scientia,
1013 663 1041 687 et
1058 669 1158 699 opera
1175 669 1283 688 eorum
1301 669 1391 688 vana
1407 664 1484 689 sunt
1500 665 1529 689 et
1554 662 1640 692 risui
1661 662 1777 703 sligsna.
1799 671 1952 696 ler<1o‚14.15‚

125 707 224 749 Ergo,
246 707 321 739 licet
344 707 474 749 Moyses
497 708 547 747 sit,
571 707 644 739 licet
661 708 774 739 Petrus
796 709 873 739 autb
890 708 1009 739 Paulus
1033 710 1084 749 sit,
1109 709 1140 739 iu
1157 708 1291 739 nihilum
1310 709 1520 750 deputabitur
1536 718 1651 742 cuncta
1668 724 1776 744 eorum

123 759 247 802 absque
270 759 341 797 Deo
365 760 536 801 sapientia,
560 770 579 790 a
602 770 665 802 quo
689 764 737 790 est
760 760 863 790 omnis
887 760 1017 798 modus,
1042 761 1145 791 omnis
1169 771 1257 802 speS‚
1283 762 1386 792 omnis
1409 762 1503 800 ordo,
1527 764 1630 794 omnis
1654 765 1777 805 species

123 816 156 843 et
178 811 283 842 omnis
306 812 436 842 iustitia.
483 811 547 842 Sed
571 811 816 842 convalescente
840 812 953 854 iniqua
975 812 1217 845 cousuetudine.
1248 812 1298 842 hic
1321 824 1409 843 error
1432 819 1582 856 tanquam
1614 814 1667 846 lex
1691 815 1777 857 apud

123 874 178 894 eos
202 868 251 894 est
273 863 469 901 custoditus3
499 862 539 893 de
563 862 712 904 qualibus
737 863 851 894 scribit
873 862 1069 894 Cassianus³
1096 864 1135 894 ad
1162 863 1328 895 Castorem
1354 865 1542 906 episcopum
1569 867 1598 896 in
1622 865 1712 897 libris
1735 867 1776 898 de

122 914 241 956 regulis
263 914 492 945 monachorum
517 920 549 945 et
571 914 836 947 institutionibus.
874 915 984 956 Multi,
1007 916 1120 957 inquit,
1143 927 1204 957 per
1226 916 1373 947 diversas
1392 918 1540 958 reqiones
1557 930 1620 958 pro
1639 919 1776 950 arbitrio

121 977 191 1007 suo,
222 967 374 998 habentes
403 966 542 1008 quidem,
577 971 612 997 ut
643 967 812 1008 apostolus
843 968 906 1006 ait,
944 968 1042 998 zelum
1080 968 1155 1007 Dei,
1196 968 1252 998 sed
1286 979 1351 998 non
1383 969 1559 999 secundum
1595 971 1774 1009 scientiam,
1796 981 1936 1005 R0111.1o‚2.

121 1018 266 1050 diversos
288 1018 400 1050 ‘modos
424 1029 462 1048 ac
485 1018 620 1060 reyulas
642 1019 767 1050 sibimet
782 1020 1033 1060 constituerunt,
1056 1024 1083 1050 et
1106 1023 1148 1049 tot
1166 1019 1402 1060 propemodum
1428 1021 1559 1061 regyulae
1582 1027 1659 1052 sunt
1682 1033 1775 1052 usur-

119 1075 230 1111 patae,
254 1074 330 1111 quot
352 1071 449 1101 etiam
472 1071 674 1101 ‘monasteria
698 1069 858 1112 cellaeque
881 1076 1083 1102 constructae
1106 1075 1202 1109 sunt,·
1232 1071 1367 1112 ideoque
1397 1077 1521 1102 constat
1552 1073 1612 1103 has
1641 1074 1775 1103 diversi-

120 1126 203 1153 tates
221 1133 285 1162 per
301 1122 498 1163 provincias
521 1127 704 1163 usurpatas
727 1133 803 1162 esse,
827 1124 905 1164 quia
929 1123 1066 1154 necdum
1087 1124 1251 1153 seniorum
1278 1124 1537 1155 institutionibus
1561 1126 1694 1165 eruditi,
1723 1137 1775 1155 ne-

119 1174 256 1204 scientes
278 1173 408 1215 quidem
425 1174 571 1204 ordinem
588 1174 798 1214 disciplinae,
821 1176 1031 1205 monasteriis
1044 1174 1372 1216 praeessefestinant
1389 1180 1416 1206 et
1433 1175 1565 1206 abbates
1585 1181 1660 1208 ante
1677 1189 1772 1218 quam

120 1224 281 1266 discipuli
311 1225 398 1266 quod
426 1225 554 1256 libitum
583 1225 689 1265 fuerit
723 1225 887 1256 observari
919 1226 1113 1266 decernunt,
1144 1227 1365 1267 promptiores
1400 1238 1533 1258 suorum
1570 1229 1772 1259 inventorum

120 1277 249 1318 eoeiyere
270 1276 464 1317 custodiam,
489 1288 583 1318 quam
608 1277 833 1308 eoeaminatam
851 1278 1016 1308 maiorum
1031 1289 1162 1308 servare
1180 1278 1373 1309 doctrinam.
1420 1278 1549 1320 Super-⁴
1573 1280 1634 1310 hac
1658 1292 1701 1319 re,
1728 1281 1773 1310 in-

120 1328 199 1370 quit,
222 1328 290 1359 viri
311 1332 340 1359 et
362 1330 428 1358 vita
453 1328 576 1359 nobiles
598 1334 627 1359 et
648 1340 792 1359 sermone
815 1329 1017 1369 scientiaque
1038 1328 1211 1370 praeclari
1232 1329 1334 1360 multa
1359 1331 1423 1360 iam
1451 1331 1613 1371 opuscula
1634 1332 1774 1363 desuda-

119 1383 209 1419 runt,
232 1383 381 1410 sanctum
399 1379 567 1411 Basilium
589 1385 618 1411 et
634 1380 871 1422 Hieronymum
894 1380 966 1410 dico
991 1379 1136 1422 aliosque
1159 1381 1345 1419 nonnullos,
1371 1393 1509 1422 quorum
1526 1388 1638 1414 tenore
1663 1385 1772 1414 scisci-

119 1431 264 1462 tantibus
275 1430 451 1471 fratribus
473 1443 572 1473 super
588 1431 729 1462 diversis
748 1433 910 1463 institutis
927 1432 974 1463 vel
991 1432 1237 1473 quaestionibus
1253 1444 1319 1463 non
1337 1433 1439 1464 solum
1453 1433 1639 1474 facundia,
1664 1447 1774 1466 verum

119 1483 218 1514 etiam
241 1482 433 1513 divinarum
457 1485 702 1523 scripturarum
725 1484 919 1515 testimoniis
941 1485 1072 1524 copioso
1095 1495 1238 1515 sermone
1257 1485 1439 1525 respondet.
1486 1485 1580 1516 Unde
1604 1492 1635 1516 et
1658 1485 1774 1527 legitur

118 1535 151 1564 in
174 1533 395 1565 ecclesiastiea
418 1533 573 1565 historia⁵
597 1533 636 1565 de
659 1534 801 1575 priorum
820 1541 946 1576 pati-um
965 1536 1176 1577 temporibus.
1201 1535 1362 1577 quomodo
1379 1537 1565 1568 restiterunt
1582 1536 1666 1578 lupis
1683 1539 1772 1579 gregi

119 1585 282 1617 dominico
305 1585 545 1624 insidiantibus,
570 1587 625 1628 qui
649 1597 734 1616 nunc
758 1586 831 1627 plus
854 1586 1019 1618 abundant
1035 1588 1106 1618 istis
1123 1588 1306 1618 novissimis
1323 1587 1449 1619 diebus.
1490 1589 1597 1630 Igitur
1614 1589 1774 1630 hereticis,

118 1636 232 1680 iuquit,
260 1649 323 1679 per
350 1649 473 1669 omnem
503 1637 607 1668 locum
637 1639 841 1669 zizaniorum
871 1640 964 1670 modo
995 1651 1086 1681 pura
1116 1639 1206 1669 verbi
1230 1639 1294 1670 Dei
1323 1642 1449 1672 semina
1479 1641 1723 1672 maculantibus
1746 1646 1773 1672 et

119 1701 216 1720 areas
239 1689 439 1731 apostolicae
462 1690 631 1721 doctrinae
655 1689 846 1721 adulterina
878 1691 1072 1722 admistione
1100 1691 1332 1732 polluentibus,
1362 1703 1401 1723 ea:
1431 1693 1520 1723 omni
1543 1698 1642 1733 parte
1666 1704 1771 1723 sacer-

118 1741 207 1772 dotes
231 1741 380 1781 Domini,
410 1740 495 1772 velut
518 1741 695 1782 vissilantes
726 1742 906 1783 agricolae,
937 1748 1086 1774 eaecutere
1116 1748 1144 1773 et
1167 1754 1356 1784 ecepuryare
1387 1755 1496 1774 eorum
1530 1743 1617 1774 mala
1641 1745 1764 1775 semina

118 1793 308 1825 nitebantur
329 1797 357 1824 et
379 1797 539 1834 tanquam
562 1791 693 1824 solliciti
719 1799 871 1835 pastores
902 1795 1102 1825 insidiantes
1130 1795 1224 1836 lupos
1251 1795 1406 1836 yreyibus
1434 1795 1552 1826 Christi
1575 1794 1772 1827 clamoribus

118 1845 214 1876 simul
236 1845 568 1886 insectationibusque
590 1845 760 1886 repellere,
792 1847 1020 1877 commonendo
1041 1846 1189 1887 fratres,
1220 1846 1442 1887 ‘insti-uendi),
1472 1848 1642 1878 scribendo
1674 1849 1888 1882 etianz·p1⁴⁵.

117 1897 212 1939 longe
229 1898 361 1940 positis,
384 1897 483 1937 ipsos,
507 1897 612 1927 sicubi
635 1908 745 1928 coram
769 1897 1069 1938 deprehendissent,
1093 1899 1128 1928 in
1146 1899 1308 1928 communi
1328 1899 1541 1940 perurgendo
1558 1904 1586 1928 et
1604 1899 1768 1930 verborum

116 1948 294 1980 luctamine
324 1959 363 1979 ac
394 1948 657 1989 disputationum
689 1949 865 1980 certamine
893 1949 1147 1990 prosternendo,
1180 1949 1241 1979 alii
1270 1950 1366 1980 etiam
1392 1951 1534 1990 posteris
1564 1949 1773 1990 consulendo,

117 2001 324 2043 quaestiones
345 2011 454 2031 eorum
478 2004 507 2030 et
527 2011 702 2040 perversas
726 2001 915 2032 obiectiones
938 2001 1034 2032 editis
1059 2002 1300 2032 commentariis
1317 2001 1532 2041 confutando.
1574 2001 1658 2032 Hinc
1675 2003 1770 2033 etiam

118 2056 248 2082 sanctus
272 2050 338 2082 Leo
362 2056 488 2093 papa⁶z
517 2051 594 2082 Non
617 2056 672 2091 est,
702 2052 818 2094 inquit,
847 2053 980 2083 omnino
995 2052 1185 2092 ferendum,
1209 2052 1286 2083 sedd
1306 2051 1462 2093 profanis
1486 2053 1652 2083 erroribus
1675 2055 1769 2085 etiam

116 2103 326 2146 quorundam
349 2102 553 2134 sacerdotum
579 2103 681 2134 corda
705 2105 922 2142 consentiunt,
946 2104 1004 2142 vel,
1027 2108 1062 2133 ut
1086 2104 1196 2134 mitius
1220 2103 1370 2143 dict-erim,
1394 2115 1459 2135 non
1484 2106 1649 2136 resistunt.
1698 2104 1771 2141 Qua

117 2155 320 2187 conscientia
343 2155 493 2186 honorem
519 2154 583 2186 sibi
604 2155 783 2186 sacerdotii
804 2157 1000 2195 praestitum
1032 2155 1218 2195 vendicant,
1250 2156 1307 2197 qui
1330 2167 1394 2197 pro
1424 2156 1599 2186 animabus
1621 2156 1685 2187 sibi
1707 2169 1772 2188 cre-

120 2206 199 2238 ditis
222 2217 286 2238 non
310 2206 486 2238 laborant?
525 2206 657 2237 Bestiae
672 2207 818 2246 irruunt,
842 2211 869 2237 et
894 2207 1000 2237 ouium
1023 2211 1115 2248 septo,
1140 2218 1202 2238 non
1227 2207 1396 2238 claudunt.
1435 2207 1537 2238 Fures
1553 2208 1770 2248 insidiantur,

117 2262 145 2289 et-
167 2257 324 2289 excubias
345 2269 411 2289 non
430 2258 666 2300 praetendunt.
716 2257 824 2289 M'orbi
846 2259 1060 2299 crebrescunt,
1085 2264 1112 2290 et
1136 2259 1279 2289 remedia
1304 2258 1395 2289 nulla
1417 2261 1640 2300 prospiciunt.
1692 2260 1770 2292 Cum

119 2313 225 2340 autem
247 2308 333 2340 illud
355 2309 494 2348 addunt,
519 2315 553 2340 ut
575 2309 638 2348 his,
662 2311 720 2351 qui
742 2309 915 2341 sollicitius
932 2315 1046 2351 ayunt,
1071 2311 1252 2341 consentire
1276 2311 1448 2341 detrectent
1471 2316 1499 2341 et
1522 2311 1769 2352 impietatibuse

119 2360 194 2392 olim
216 2365 279 2392 toto
302 2361 376 2392 orbe
399 2361 591 2392 damnatisf
614 2361 911 2402 subscriptionibus
935 2363 1005 2392 suis
1029 2362 1309 2393 anathematizare
1326 2362 1543 2402 dissimulent,
1572 2364 1652 2405 quid
1676 2364 1714 2395 de
1737 2375 1770 2395 se

118 2411 260 2454 intelliyi
282 2412 405 2450 volunt,
436 2413 506 2443 nisi
528 2413 613 2454 quod
636 2418 724 2443 non-‘3
748 2413 786 2444 de
809 2424 944 2444 numero
965 2414 1130 2454 fratrum,
1161 2414 1218 2444 secl
1241 2414 1279 2444 de
1303 2418 1401 2455 parte
1424 2415 1490 2444 sint
1514 2414 1679 2445 hostium?
1728 2415 1771 2446 Et

118 2463 233 2494 iterum
256 2463 366 2495 idem=
391 2465 446 2506 qui
469 2474 578 2505 supra,
602 2463 726 2494 scilicet
741 2463 807 2495 Leo
830 2475 933 2506 papa:
958 2465 1034 2496 Non
1055 2466 1098 2496 sit
1118 2466 1296 2506 perversis,
1318 2465 1434 2507 inquit,
1458 2465 1595 2497 liberum
1614 2466 1771 2498 simulare

228 2551 256 2581 a)
280 2549 319 2574 ita
339 2549 455 2579 Bened.;
481 2550 551 2582 quod
572 2551 605 2573 sit
627 2551 649 2575 1.
739 2551 767 2581 b)
797 2554 825 2575 ut
849 2552 872 2575 l.
961 2553 986 2582 c)
1016 2552 1132 2575 anterior
1153 2551 1224 2575 Cass.
1315 2552 1343 2576 d}
1369 2552 1390 2576 si
1411 2550 1474 2579 Leo.
1566 2554 1589 2582 e)
1620 2552 1771 2583 impietates

120 2594 181 2621 Leo.
256 2595 278 2626 f)
301 2595 443 2620 damnatas
462 2594 525 2620 Leo.
601 2596 631 2628 g)
652 2596 691 2620 ita
710 2595 779 2625 Leo,·
800 2597 872 2621 deest
894 2598 917 2621 1.

227 2669 256 2704 1)
278 2670 385 2697 Bened.
408 2671 480 2704 Rey.
504 2680 526 2698 c.
553 2673 579 2705 2,
604 2671 702 2705 Miyne
726 2671 833 2698 Patrol.
857 2672 966 2704 LXVI,
991 2672 1041 2698 col.
1060 2672 1130 2699 263.
1203 2672 1233 2706 2)
1256 2673 1358 2698 Locum
1382 2682 1435 2698 non
1458 2672 1562 2698 inveni.
1637 2671 1667 2706 3)
1692 2673 1769 2699 Cass.

119 2720 154 2747 de
174 2721 267 2747 Instit.
298 2722 409 2748 coenob.
438 2722 486 2749 lib.
510 2722 552 2749 II.
583 2732 607 2752 c.
633 2723 660 2750 2.
686 2722 714 2755 3,
745 2723 787 2751 ed.
812 2723 974 2758 Petscheniq
998 2732 1029 2757 p.
1056 2723 1104 2750 18.
1130 2723 1179 2749 20.
1289 2724 1318 2755 4)
1348 2725 1422 2750 Ibid.
1447 2724 1539 2750 Instit.
1561 2723 1657 2757 praef.
1685 2733 1715 2757 p.
1742 2725 1768 2749 fr.

121 2770 152 2807 5)
175 2773 290 2799 Eusebia·
311 2772 387 2800 Hist.
411 2774 476 2802 eccl.
493 2774 547 2807 IV,
571 2783 594 2801 c.
616 2774 665 2807 24,
689 2783 742 2800 sec.
768 2783 837 2801 vers.
861 2774 967 2808 Rufini.
1043 2775 1072 2808 6)
1096 2775 1150 2809 Ep,
1172 2775 1207 2801 15
1232 2776 1270 2802 ad
1296 2775 1464 2807 Turribium,
1492 2774 1564 2809 Opp.
1581 2775 1604 2806 l,
1629 2775 1680 2801 col.
1701 2775 1768 2801 tos.

73 2830 101 2850 5ο
123 2822 192 2852 709.
281 2824 310 2858 7)
332 2824 366 2851 L.
383 2825 401 2852 l.
425 2825 477 2852 col.
504 2825 573 2858 707,
597 2835 622 2853 c.
648 2826 696 2859 16,
719 2825 758 2859 cf.
781 2835 870 2859 supra
888 2835 919 2859 p.
937 2826 1009 2860 253,
1032 2835 1059 2853 n.
1084 2827 1112 2854 4.

194 2878 291 2903 Libani
313 2879 345 2903 de
368 2880 422 2904 lito.
452 2881 487 2904 11.
1502 2881 1535 2903 3ss
