2132 3067
50 436 62 455 υ.

33 693 58 712 10

31 949 56 969 15

29 1206 55 1225 20

29 1464 55 1483 25

28 1721 55 1740 30

29 1979 56 1998 ³5

30 2236 57 2256 40

31 2560 58 2580 45

4 2777 59 2810 {50

575 127 728 155 CONTRA
752 127 928 154 DECRETA
953 128 1124 155 TURBANI
1150 129 1230 154 VIII.
1663 124 1725 155 409

184 217 223 248 I.³
270 217 331 255 Ea,
363 228 446 258 quae
475 222 551 247 sunt
574 229 593 247 a
617 218 741 248 sanctis
766 217 918 258 patribus
943 218 980 247 de
1003 218 1201 259 symoniacis
1224 223 1358 257 statuta,
1390 229 1448 248 nos
1472 228 1595 259 quoque
1618 219 1726 248 sancti

82 264 231 310 Spiritus
260 268 384 299 iudicio
415 274 442 299 et
473 268 654 308 apostolica
689 269 883 298 auctoritate
905 268 1091 308 firmamus,
1146 268 1311 310 Quicquid
1343 270 1446 310 ijsitur
1478 268 1522 300 rel
1554 270 1586 300 in
1618 270 1724 300 sacris

81 319 262 357 ordinibus,
286 319 333 350 vel
359 320 391 349 in
416 319 662 350 aecclesiasticis
685 319 791 357 rebus,
814 319 883 350 veih
906 319 985 350 data
1012 320 1057 350 uel
1078 322 1242 360 promissa
1264 321 1420 361 pecunia,
1445 321 1645 362 adquisitum
1669 325 1724 359 est,

82 383 138 403 nos
160 372 292 402 irritum
317 381 382 401 esse
405 376 432 401 et
456 370 564 401 ‘nullas
588 382 740 412 umquam
765 371 849 401 vires
873 372 1017 411 optinere
1041 383 1214 402 censemus.
1260 371 1358 402 Error
1380 371 1549 412 generalis.

183 422 226 453 II.
273 421 312 452 Si
336 423 393 463 qui
409 426 513 452 tamen
539 434 559 452 a
582 422 778 463 symoniacis
799 423 1006 452 consecraric
1029 424 1123 462 passi
1139 429 1225 462 sunt,
1248 424 1278 454 si
1301 424 1429 463 quidem
1451 423 1589 464 probare
1609 429 1721 464 potue-

81 476 146 506 rint
168 485 211 514 se,
235 485 306 504 cum
329 473 576 512 ordinarentur,
600 485 651 503 eos
675 474 812 504 nescisse
836 475 1048 513 symoniacos,
1073 479 1100 504 et
1117 475 1146 503 si
1165 479 1228 504 tam
1252 486 1312 516 pro
1335 474 1503 505 catholicis
1521 475 1725 506 habebantur

79 527 113 557 in
130 525 297 563 aecclesia,
321 525 435 556 taliam
453 525 679 555 ordinationes
696 525 949 555 misericorditer
965 525 1171 563 sustinemus,
1195 527 1224 556 si
1246 531 1351 556 tamen
1376 525 1558 557 laudabilis
1581 538 1632 557 eos
1656 528 1722 558 vita

78 577 287 610 commendat.
335 576 433 607 Error
456 575 624 617 generalis

182 627 241 659 III.
290 626 356 664 Qui
385 638 456 659 vero
487 629 625 659 scienter
655 640 675 658 a
707 629 906 670 symoniacis
937 628 1144 658 consecrarid
1175 629 1270 668 passi
1300 633 1413 668 sume,
1450 630 1721 660 consecrationem

78 681 207 712 omnino
230 680 361 710 irritam
385 690 451 710 esse
475 679 687 711 decernimus.
734 678 834 709 Error
857 678 1026 720 generalis.

181 731 257 762 IIII.
305 730 506 772 Quicumque
529 742 608 762 sane
632 731 814 772 cupiditate
833 735 1022 771 parentum,
1046 742 1117 761 cum
1135 731 1243 761 adhuc
1257 731 1395 772 parvuli
1412 737 1524 770 essent,
1549 733 1723 763 aecclesias

79 783 123 814 cel
140 781 389 814 aecclesiarumr
408 788 522 823 partes
544 794 604 824 per
617 784 780 824 pecunias
805 782 918 824 adepti
940 787 1026 822 sunt,
1048 787 1220 823 postquam
1238 788 1310 813 eosg
1328 784 1460 813 omnino
1477 783 1668 823 dimiserint,
1693 785 1723 814 si

77 835 233 866 canonice
258 835 291 864 in
315 835 362 864 eis
385 835 490 864 vivere
514 833 685 873 voluerint,
714 846 774 875 pro
804 835 1033 865 misericordia
1059 834 1173 864 ibidem
1197 844 1248 864 eos
1271 835 1483 865 ministrat-eh
1508 836 1721 874 concedimus,

78 897 175 929 neque
194 897 259 926 pro
284 885 340 917 hoc
355 886 451 926 facto
476 897 496 916 a
521 886 626 916 sacris
650 885 822 916 ordinibus
839 897 1045 925 removemus,
1068 886 1097 916 si
1121 885 1207 916 alias
1232 885 1329 926 digni
1352 887 1578 916 inveniuntur.
1624 886 1723 917 Error

77 936 245 979 generalis.

183 988 221 1020 V.
266 988 323 1020 Illi
341 1000 426 1027 vero,
451 989 510 1030 qui
528 999 592 1030 per
614 1000 646 1019 se
670 989 769 1030 ipso-5,
793 1000 864 1019 cum
887 989 953 1019 iam
978 990 1115 1020 maioris
1139 993 1242 1019 essent
1266 990 1393 1028 aetatis,
1417 989 1568 1030 nefanda
1591 989 1720 1029 cupidi-

77 1040 158 1072 tatei
184 1052 240 1072 eas
263 1045 417 1081 emerunt,
449 1041 479 1070 si
510 1041 543 1071 in
576 1040 653 1071 aliis
685 1039 850 1071 aecclesiis
881 1041 1038 1071 canonice
1069 1041 1174 1070 vivere
1205 1040 1378 1080 voluerint,
1409 1041 1546 1071 servatis
1574 1042 1722 1083 propriis

76 1092 246 1124 ordinibus
266 1103 330 1133 pro
347 1092 516 1123 maximak
533 1091 761 1123 misericordia
784 1091 831 1122 ibi
853 1102 904 1122 eos
920 1092 1108 1123 ministrare
1130 1093 1358 1133 permittimus.
1396 1091 1490 1127 Quod
1513 1093 1544 1123 si
1567 1093 1612 1122 ad
1636 1092 1721 1123 alias

67 1143 213 1185 fortasse
242 1143 423 1185 transferri
452 1154 519 1174 non
546 1144 692 1184 poterint
715 1148 743 1174 et
765 1144 801 1174 in
825 1144 943 1174 eisdem
971 1145 1128 1175 canonice
1155 1145 1261 1174 vivere
1291 1145 1510 1184 promiserint,
1541 1145 1721 1175 minoribus

76 1195 248 1227 ordinibus
271 1195 460 1236 contempti¹
488 1194 533 1225 ad
555 1205 665 1225 sacros
690 1194 822 1226 ordines
845 1206 911 1226 non
937 1196 1104 1235 accedant,
1128 1195 1221 1226 salva
1245 1200 1351 1226 tamen
1378 1196 1409 1226 in
1436 1195 1584 1226 omnibus
1608 1196 1721 1227 sedism

78 1248 272 1278 auctoritate
281 1252 304 1277 ¹¹.
350 1246 450 1277 Error·
472 1245 640 1288 generalis.

181 1298 237 1329 VI.
282 1298 322 1330 Si
338 1300 415 1340 qui⁰
434 1304 508 1329 ante
524 1299 713 1339 emptionem
730 1298 884 1330 catholice
901 1299 1050 1330 ordinati
1065 1303 1151 1339 sunt,
1174 1310 1245 1330 cum
1270 1310 1318 1339 ea,
1342 1310 1424 1340 quae
1449 1303 1602 1337 emerant,
1628 1299 1721 1329 dimi—

75 1350 176 1382 serint
199 1355 226 1382 et
249 1351 348 1381 vitam
371 1351 567 1381 canonicam
591 1351 726 1392 egerint,
756 1351 789 1381 in
813 1351 882 1381 suis
904 1351 1068 1392 yradibus
1088 1351 1332 1392 permittantur,
1364 1349 1539 1390 nisiforte
1563 1350 1722 1381 eiusmodi

77 1402 233 1433 aecclesia
263 1402 314 1440 sit,
345 1406 379 1432 ut
401 1402 447 1433 ibi
467 1403 613 1442 primum
636 1401 741 1433 locum
764 1401 897 1432 debeant
920 1403 1075 1444 optinere.
1122 1402 1267 1433 Primum
1290 1403 1375 1433 enim
1399 1407 1426 1432 et
1449 1400 1650 1442 si719ulareni
1674 1401 1722 1432 vel

75 1455 302 1495 prepositurae
336 1453 384 1484 vel
414 1453 517 1494 officii
545 1453 650 1484 locum
682 1454 717 1484 in
749 1454 861 1495 emptis
891 1453 1055 1485 aecclesiis
1089 1465 1140 1485 eos
1172 1454 1288 1484 habere
1318 1465 1381 1485 non
1410 1455 1570 1495 patimur.
1622 1453 1722 1484 Error

76 1504 224 1547 specialis
234 1510 257 1536 Ρ.

180 1556 254 1588 VII.
299 1555 543 1595 Ordinationes,
568 1568 627 1598 que
643 1568 664 1587 a
681 1555 834 1587 Guiberto
851 1557 1061 1588 heresiarcha
1074 1557 1169 1598 facte
1184 1562 1270 1597 sunt,
1289 1561 1461 1598 postquam
1486 1557 1524 1587 ab
1549 1555 1721 1598 apostolice

75 1608 222 1640 memorie
239 1607 400 1650 Gregorio
419 1619 517 1649 papa
540 1613 568 1639 et
591 1619 612 1639 a
628 1608 782 1639 Romana
806 1609 963 1640 aecclesia
978 1613 1024 1640 est
1040 1609 1253 1650 dampnatus,
1276 1619 1398 1650 queque
1421 1609 1517 1639 etiam
1542 1620 1562 1638 a
1582 1608 1721 1650 pseudo-

75 1660 248 1702 episcopis,
265 1670 328 1701 per
349 1671 421 1691 eum
439 1664 553 1701 postea
570 1660 742 1700 ordinatis,
760 1664 994 1702 perpetrataeq
1018 1665 1105 1700 sunt,
1128 1661 1245 1691 irritas
1261 1671 1325 1691 esse
1341 1660 1548 1699 iudicamus,·
1572 1659 1722 1690 similiter

76 1716 181 1743 autem
204 1715 233 1742 et
255 1722 293 1742 ea
303 1717 324 1750 ¹⁸,
349 1722 432 1753 quae
456 1723 477 1741 a
501 1712 636 1742 caeteris
659 1711 887 1751 heresiarchis,
918 1712 1116 1744 nominatisS
1142 1712 1444 1751 eaecommzmicatis,
1466 1711 1561 1752 facte
1584 1715 1670 1750 sunt,
1694 1716 1721 1741 et

77 1763 114 1794 ab
131 1763 188 1804 eis,
213 1765 268 1804 qui
284 1763 518 1794 catholicorum
542 1767 569 1794 et
593 1763 701 1793 adhuc
718 1764 895 1794 viventium
910 1764 1135 1805 episcoporum
1159 1763 1248 1794 sedes
1267 1764 1469 1800 invaserunt,
1494 1764 1560 1793 nisi
1580 1762 1720 1803 probare

77 1815 241 1846 valuerint
264 1826 306 1855 se,
329 1826 400 1845 cum
425 1815 673 1855 ordinarentur,
697 1826 748 1846 eos
772 1816 910 1846 nescisse
934 1816 1141 1856 dampnatos.
1187 1814 1287 1846 Error
1309 1813 1477 1855 generalis.

182 1865 270 1897 VIII.
318 1864 384 1902 Qui
406 1877 479 1897 vero
503 1867 541 1897 ab
566 1867 737 1908 episcopis,
768 1867 932 1909 quondam
963 1867 1091 1908 quidem
1122 1866 1277 1905 catholice
1306 1867 1482 1905 ordinatis,
1511 1864 1567 1896 sed
1597 1865 1631 1895 in
1664 1864 1721 1895 hoc

76 1918 222 1949 scismate
239 1929 259 1948 a
275 1917 430 1948 Romana
446 1917 603 1949 aecclesia
618 1919 790 1955 separatis,
807 1919 1009 1950 consecrant
1027 1923 1113 1958 sunt,
1136 1929 1188 1949 eos
1205 1919 1372 1956 nimirum,
1397 1928 1467 1947 cum
1485 1917 1530 1946 ad
1547 1915 1722 1946 aecclesiae

76 1970 231 2000 unitatem
246 1969 415 2009 redierint,
438 1970 576 2001 servatis
592 1971 742 2011 propriis
760 1970 943 2009 ordinibus,
966 1970 1218 2001 misericorditer
1233 1970 1360 2010 suscipi
1385 1969 1538 2007 iubemus,
1562 1968 1591 1997 si
1613 1972 1720 1997 tamen

78 2021 164 2052 aita¹²¹
187 2022 351 2052 canonica
381 2031 433 2052 eos
462 2021 672 2052 commendat.
721 2020 806 2057 Quz'v
835 2033 908 2052 vero
934 2021 1074 2063 posthac
1098 2032 1118 2051 a
1137 2021 1323 2062 praedictis
1352 2020 1557 2059 scismaticis,
1587 2023 1721 2049 sanctae

77 2072 243 2103 Romanae
273 2071 446 2104 aecclesiae
477 2072 693 2112 adversariis,
724 2083 756 2103 se
779 2073 934 2104 ordinari
954 2072 1150 2114 permiserit,
1179 2072 1368 2103 nullatenus
1393 2071 1453 2102 hac
1476 2071 1573 2102 venia
1598 2070 1722 2112 diynus

77 2124 244 2156 habeatur.
291 2123 451 2160 Quamvis
473 2128 577 2154 autem
602 2124 850 2155 misericordiae
873 2125 1006 2164 intuitu,
1031 2125 1199 2165 nimiaque
1209 2130 1228 2143 w
1253 2124 1440 2154 necessitate
1464 2127 1604 2164 coyente,
1635 2122 1721 2152 hanc

78 2176 111 2206 in
141 2176 247 2207 sacris
278 2175 451 2206 ordinibus
480 2175 758 2216 dispensationem
788 2176 1060 2216 constituerimus,
1090 2175 1215 2206 nullum
1240 2180 1345 2206 tamen
1365 2175 1592 2216 preiudicium
1616 2174 1721 2204 sacris

76 2226 258 2258 canonibus
272 2227 353 2267 fieri
374 2227 542 2265 volumus;
573 2227 629 2258 sed
654 2227 825 2268 optineant
843 2228 1019 2268 proprium
1042 2227 1149 2258 robur.
1195 2227 1236 2258 Et
1259 2232 1403 2258 cessante
1426 2227 1613 2258 necessitate
1638 2224 1722 2256 illud

77 2289 199 2320 quoque
227 2283 334 2319 cesset,
364 2279 451 2320 quod
470 2278 604 2319 factum
633 2283 677 2309 est
702 2289 766 2320 pro
795 2280 991 2310 necessitate.
1042 2279 1103 2310 Ubi
1126 2279 1210 2310 enim
1234 2279 1407 2310 multorum
1430 2283 1557 2320 strages
1580 2277 1721 2316 iacentx,

77 2329 328 2362 subtrahendum
353 2334 398 2361 est
421 2329 550 2372 aliquid
573 2331 748 2369 severitati,
772 2335 806 2360 ut
830 2330 977 2361 addatur
1000 2330 1143 2372 amplius
1166 2332 1311 2361 caritati.

181 2381 210 2413 2.
255 2380 346 2413 Haec
369 2380 499 2412 decreta
515 2381 660 2413 Turbani
683 2392 755 2412 cum
778 2381 810 2412 in
833 2386 992 2412 conventu
1008 2381 1172 2413 Romanae
1195 2381 1369 2413 aecclesiae
1392 2380 1542 2412 incendio
1566 2380 1718 2421 dampna-

78 2437 197 2473 rentur,
226 2433 371 2475 episcopi
402 2432 642 2464 subscribentes
673 2443 746 2464 cum
777 2432 995 2464 cardinalibus
1019 2432 1187 2464 dixerunt:
1217 2433 1289 2475 qu
1313 2433 1504 2464 Adetbertus
1526 2435 1719 2474 egn'scopusy

188 2558 216 2591 a)
230 2567 352 2584 numeros
367 2568 415 2583 om.
432 2560 455 2584 l.
471 2559 494 2583 2.
553 2559 579 2590 b>
597 2559 666 2583 deest
681 2558 706 2583 2.
765 2560 788 2589 c)
806 2566 859 2583 non
874 2560 1019 2584 simoniace
1035 2560 1147 2584 ordinati
1162 2564 1223 2584 sunt
1237 2559 1274 2585 M.
1333 2560 1361 2591 d)
1376 2561 1456 2584 immo
1472 2561 1589 2584 execrari
1603 2559 1666 2584 add.
1682 2558 1719 2582 M.

79 2603 104 2636 e)
125 2613 215 2630 eorum
237 2605 300 2630 add.
324 2605 361 2630 M.
473 2606 494 2635 f)
515 2604 553 2629 ita
575 2603 630 2633 M.‚·
656 2612 687 2628 ex
708 2607 797 2636 partes
820 2605 843 2635 l,
864 2613 930 2629 corr.
952 2606 1121 2638 episcopatus
1143 2606 1167 2632 2.
1279 2609 1309 2637 gl)
1335 2614 1379 2630 eas
1402 2605 1439 2630 M.
1552 2606 1580 2633 h)
1604 2614 1660 2630 esse
1682 2604 1718 2629 M.

77 2649 98 2681 i)
118 2658 141 2675 c.
162 2651 233 2676 ducti
254 2659 276 2676 e.
297 2650 335 2676 M.
392 2651 422 2682 k)
442 2658 539 2683 magna
559 2649 597 2675 M.
654 2650 672 2681 l)
695 2649 733 2674 ita
756 2652 778 2674 1.
800 2650 830 2678 2,·
851 2652 970 2675 contenti
991 2651 1028 2676 M.
1093 2652 1130 2683 m)
1152 2652 1317 2684 apostolicae
1338 2661 1359 2677 s.
1380 2651 1417 2677 M.
1486 2653 1512 2681 n)
1535 2652 1674 2676 actoritate
1698 2652 1719 2674 1.

79 2695 107 2727 ο)
126 2699 216 2721 tamen
237 2697 302 2721 add.
323 2696 362 2721 M.
457 2699 486 2729 p]
505 2696 638 2729 generalis
659 2696 685 2721 2.
774 2697 799 2728 q)
823 2697 956 2728 perfectae
977 2698 1006 2728 ἒς
1029 2706 1130 2730 queque
1155 2712 1184 2715 —
1206 2702 1267 2722 sunt
1287 2707 1335 2722 om.
1356 2697 1393 2722 M.
1490 2700 1512 2725 r)
1535 2697 1572 2721 ita
1593 2697 1624 2726 2,·
1645 2705 1675 2721 ea
1694 2699 1719 2725 1;

79 2749 124 2767 eas
143 2741 182 2767 M.
257 2742 282 2774 s)
302 2743 340 2767 ita
364 2745 385 2767 l.
407 2743 437 2772 2‚-
456 2743 613 2768 nominatim
634 2741 672 2767 M.
753 2742 774 2772 t)
796 2744 932 2767 consecuti
956 2745 978 2768 l.
1054 2748 1082 2770 ut
1103 2753 1127 2769 v.
1149 2748 1175 2768 et
1194 2745 1307 2769 scientia
1327 2752 1371 2769 eos
1393 2752 1415 2768 c.
1437 2743 1474 2768 M.
1551 2748 1578 2772 v)
1599 2744 1621 2767 A
1642 2743 1719 2767 modo

78 2795 139 2812 vero
160 2789 316 2821 quicumque
336 2797 352 2813 a
371 2797 410 2821 pr.
430 2788 469 2814 M.
545 2790 577 2821 w)
599 2796 748 2821 magnaque
768 2787 807 2814 ill.
883 2790 908 2818 x)
932 2790 1002 2814 iacet
1022 2790 1046 2814 2.
1068 2789 1105 2815 M.
1181 2790 1210 2822 y)
1231 2790 1301 2815 deest
1321 2790 1345 2814 2,

153 2839 250 2864 Libelli
271 2839 303 2864 de
324 2840 377 2864 lite.
408 2840 443 2864 11.
1455 2840 1488 2864 52

1747 229 1811 248 1005.

1742 2394 1796 2412 1098
