2080 3047
205 756 266 777 1111.
278 755 341 773 rem.

204 1219 265 1241 1112,
275 1219 340 1238 Mart.

366 143 426 174 GT?
811 140 1044 167 lllLDEssERTi
1070 138 1239 166 EPISCOPI
1265 138 1557 165 CENOMANENSIS

366 246 501 275 arsszwre
534 244 593 262 non
623 235 825 272 presumant.
880 229 1088 269 Quecumquc
1119 228 1299 258 nescimus³
1329 237 1392 268 quo
1425 227 1532 257 animo
1563 226 1655 267 fiant,
1691 227 1938 268 interpretemur
1967 227 1998 257 in

366 285 485 315 nulius.
543 281 739 313 Universalis
769 281 938 322 episcopus
970 279 1111 310 omnium
1143 278 1238 309 habet
1264 277 1351 319 leges
1381 283 1411 308 et
1442 278 1511 308 iura
1540 278 1756 309 rescindereb.
1809 277 1859 308 Ad
1891 279 1997 319 ipsos¹

365 337 455 365 venio
480 335 532 375 qui
556 334 693 364 audeant
715 333 858 373 aspirare
883 330 1047 361 iudicium.
1100 330 1141 360 Et
1163 335 1197 360 tu
1222 329 1326 368 homo,
1350 335 1383 360 tu
1408 330 1497 367 cinis,
1523 329 1698 360 secundum
1725 329 1830 361 Deum
1857 329 1999 368 formica,

364 387 483 417 leonem
509 385 699 415 sollicitarec
717 394 779 413 non
797 382 935 413 metuis?
973 382 1083 421 Differ,
1108 381 1200 412 differ
1223 381 1254 411 in
1278 381 1427 422 teinpusd
1450 380 1655 422 obprobriae.
1694 380 1860 412 Sententia
1876 380 2000 412 Chamf

365 439 578 478 ‹lampnantur
606 436 659 477 qui
689 435 833 476 patribus
863 434 995 464 iniurias
1028 434 1217 473 irrogarunt.
1264 432 1425 463 Confitere
1449 432 1667 472 commissum,
1700 433 1906 473 penitentiam
1930 443 2000 473 age,

364 494 494 519 concute
527 492 647 528 pectus,
678 486 813 517 offensas
844 485 952 516 luctu&
975 491 1006 515 et
1029 484 1167 515 lacrimis
1196 484 1276 523 lava,
1308 490 1339 514 et
1368 485 1540 514 recantatis
1563 482 1777 525 obprobriise,
1800 484 1892 514 iuxta
1915 482 2002 525 quod

364 540 487 571 (licitur.
514 538 708 579 palinodiam
733 542 833 568 canta.
872 536 920 567 Tu
944 537 1012 577 ipse
1035 547 1143 576 argue,
1168 541 1200 566 tu
1226 536 1294 576 ipse
1318 535 1532 566 sententiamh
1557 534 1670 566 iudicis
1686 535 1861 576 anticipare
1876 534 2000 566 festina.

468 590 529 621 Sed
546 601 630 627 ecce,
648 589 723 631 quid
742 589 825 619 feci?
849 588 933 619 Dum
949 587 1114 628 epistolam
1133 587 1249 627 ordior,
1267 586 1449 617 historiami
1470 587 1568 618 texui.
1594 586 1687 618 Libet
1703 587 1810 628 igitur,
1826 585 1905 618 libet
1921 586 2001 617 hook

363 643 429 673 loco
455 643 498 672 rci
523 652 678 672 summam
704 640 814 681 paucis
839 645 869 670 ct
894 639 1045 670 brevibus
1069 638 1237 680 capitulisl
1264 644 1427 676 annotare,
1451 643 1485 668 ut
1508 637 1594 680 quod
1615 637 1750 680 legentis
1767 648 1922 669 excursus
1945 649 2001 669 seu

363 694 514 724 festinans
539 704 594 723 seu
619 692 779 723 fastiditus
804 691 988 732 pertransiit
1011 697 1162 731 tanquam
1185 690 1243 720 sub
1262 690 1369 720 verbis
1386 689 1512 721 duobus
1529 694 1665 720 artatum
1683 688 1769 720 facili
1785 688 1891 720 valeat
1905 690 2000 721 etiam

364 756 451 775 mens
475 750 629 785 occupata
640 750 658 763 ¹¹¹
682 743 815 773 lectione
837 742 1014 783 complecti.
1054 742 1177 783 Captus
1199 747 1246 773 est
1269 741 1335 772 dux
1359 742 1544 772 exercitusn
1568 741 1743 782 christiani,
1766 740 1841 772 dum
1859 746 2000 772 armatus

363 796 506 827 hostibus
523 796 724 825 occurrisset.
752 793 906 835 Quisquis
923 805 956 824 es
973 793 1096 825 emulus
1111 794 1266 833 veritatis,
1283 794 1441 824 fortunam
1458 803 1567 834 argue,
1584 803 1646 823 non
1664 792 1843 824 tribunum!
1869 791 2000 834 Legem,

362 853 475 889 quam⁰
500 847 613 878 tulerat
629 845 787 887 alligatus,
811 845 949 877 absolvit
964 844 1200 876 insimulandal’
1224 845 1408 884 necessitas,
1432 855 1495 875 non
1513 843 1675 884 voluntas;
1699 844 1780 876 liber
1795 844 1897 875 factus
1914 843 2000 886 quod

362 907 434 930 ante
452 898 646 929 resciderat‘l
662 897 839 928 resarcivit.
867 897 970 928 Fortis
987 896 1106 928 athleta
1121 901 1192 938 post
1205 895 1347 936 vulnera,
1365 900 1439 938 post
1455 907 1586 927 cruores
1599 896 1703 937 surgit
1714 895 1870 936 acerbior,
1886 901 1918 928 et
1929 906 2001 927 cau-

362 952 424 981 tius
448 949 651 992 postmodum
676 949 758 979 ictus
783 949 931 990 excipere
949 954 981 980 et
996 948 1129 979 fortiusr
1150 947 1283 978 reddere
1300 949 1480 979 consuescit
1490 953 1510 979 ⁵.
1550 947 1767 979 Preformatas
1783 947 1870 989 leges
1885 953 1917 979 et
1931 947 2002 979 iura

361 1005 407 1033 et‘
427 1002 544 1043 scripta
560 1001 745 1032 renuntians
764 1001 912 1031 omnibus
927 1000 966 1031 ad
984 1005 1105 1031 secreta
1122 1000 1281 1040 migravit.
1314 999 1382 1030 IIec
1401 1004 1470 1030 estu
1487 999 1614 1030 iusticia
1629 999 1854 1041 perfectorum.
1882 999 2001 1041 Repor-

362 1058 465 1084 taturv
497 1054 528 1083 in
559 1052 742 1083 cathedram
754 1059 768 1071 ⁸·
796 1051 931 1083 vocibus
962 1050 1174 1083 subditorum.
1220 1050 1300 1089 Viri,
1332 1062 1439 1093 queso,
1470 1051 1749 1082 mansuetudinem
1780 1050 2000 1091 advertamus;

363 1104 570 1135 humilitatis¹
595 1110 626 1135 et
650 1103 830 1135 obedientie
855 1102 940 1145 quod
970 1102 1127 1134 docebatv
1151 1103 1273 1144 primus
1304 1103 1335 1133 in
1368 1114 1401 1134 se
1432 1101 1633 1144 proponebat
1655 1101 1849 1144 exemplum.
1902 1101 2002 1144 Egre-

361 1157 431 1197 gius
457 1155 638 1198 predicator
660 1155 830 1197 gestabat⁷>
854 1156 884 1185 in
909 1154 1056 1186 manibus
1079 1155 1226 1196 gratiam,
1253 1165 1348 1196 quam
1366 1155 1455 1185 vocis
1473 1154 1579 1185 officio
1604 1154 1676 1185 filiis
1700 1153 1856 1195 erogabat
1877 1154 2002 1186 univer-

361 1207 435 1239 salis
459 1207 645 1245 aecclesiae,
678 1206 727 1238 vel
759 1206 993 1247 commeandi⁸,
1018 1205 1067 1237 vel
1091 1206 1322 1245 commorandi,
1354 1217 1409 1238 seu
1434 1205 1660 1237 rescindendib
1684 1205 1769 1248 quod
1793 1206 1923 1246 fecerat,
1946 1216 2002 1237 seu

361 1259 569 1290 confirmandi
593 1258 754 1301 publicam
780 1264 907 1289 monetc
931 1258 1135 1300 certamqued
1159 1259 1361 1296 sententiam,
1392 1258 1467 1300 equi
1492 1257 1631 1300 bonique
1655 1256 1847 1288 consuluit‘.
1893 1257 2001 1289 Satius

362 1312 460 1352 igitur
483 1312 541 1342 erit
565 1311 632 1349 tibi,
655 1310 764 1351 lingua
787 1310 906 1350 dolosa,
930 1310 998 1349 iugi
1022 1309 1146 1341 silentio
1171 1316 1360 1352 contorpere
1370 1309 1390 1349 s,
1415 1316 1532 1352 quam&
1554 1310 1615 1340 viri
1639 1309 1742 1340 sancti
1761 1309 2001 1348 conscientiam,

361 1374 456 1404 quam
481 1363 596 1401 nescis,
620 1372 783 1393 accusare.
828 1362 878 1392 Tu
907 1366 1025 1400 autem,
1056 1372 1111 1392 cor
1140 1372 1257 1400 meum,
1287 1366 1319 1392 et
1346 1361 1448 1403 gloria
1477 1372 1558 1400 mea,
1587 1360 1701 1392 delicie
1730 1371 1854 1402 regum,
1884 1361 2000 1402 princi-

361 1414 458 1455 pumh
489 1414 606 1455 gratia,
643 1413 741 1445 decus
770 1414 802 1443 in
833 1412 932 1452 clero,
970 1424 1059 1443 amor
1089 1415 1120 1444 in
1152 1413 1295 1455 populis,
1326 1412 1490 1455 exemplar
1520 1413 1661 1452 honesti,
1692 1411 1856 1454 speculum
1888 1412 1999 1454 gratie,

361 1465 434 1497 fidei
474 1466 574 1496 forma
611 1471 642 1496 et
678 1471 858 1496 nostrorum
887 1464 1038 1506 Orpbeus
1070 1465 1267 1506 seculorum,
1306 1475 1442 1507 persona
1478 1464 1612 1506 fidibus,
1651 1470 1682 1495 et
1713 1463 1859 1495 modulos
1889 1463 1996 1499 vocisi

361 1516 469 1547 dulces
492 1516 639 1558 adiunge.
690 1518 758 1558 Age
783 1516 868 1559 quod
891 1517 972 1558 agis,
1005 1517 1137 1558 predica
1160 1518 1262 1548 virum
1286 1521 1432 1548 sanctum
1442 1523 1466 1556 ¹¹,
1490 1520 1702 1556 constantem,
1730 1516 1914 1555 discretum,
1944 1515 1999 1558 qui

361 1568 406 1598 sic
431 1568 522 1609 fugit,
552 1573 586 1599 ut
609 1568 759 1608 vinceret,
790 1570 835 1599 sic
858 1569 944 1607 vicit,
974 1573 1008 1599 ut
1030 1570 1133 1600 victos
1157 1568 1348 1600 absolveret.
1399 1569 1450 1600 Ita
1479 1579 1537 1610 pro
1561 1567 1698 1600 subditis
1721 1578 1754 1599 se
1777 1567 2000 1610 proturbavit'¹

362 1620 392 1649 in
424 1619 561 1655 vincula,
592 1625 626 1651 ut
657 1631 748 1661 reges
779 1626 910 1651 secumu
941 1620 1080 1651 traheret
1111 1620 1289 1652 vinculatos
1320 1620 1361 1652 ad
1392 1620 1542 1662 palmam.
1586 1620 1687 1651 Posce
1719 1625 1889 1658 secretum,
1919 1629 1999 1661 coge

364 1671 537 1704 l'ierides¹,
567 1670 796 1702 resultantibus
820 1673 946 1713 organis
971 1683 1029 1714 per
1052 1673 1156 1703 varios
1180 1673 1266 1703 vocis
1289 1672 1479 1704 anfractusm
1501 1671 1542 1703 ad
1564 1671 1673 1702 titulos
1702 1671 1770 1702 eius
1799 1670 1905 1702 dulcia
1927 1681 1999 1702 can-

362 1723 445 1753 tica¹¹
474 1722 603 1754 laudum
634 1723 827 1757 moderare0,
877 1724 964 1755 Inter
986 1724 1107 1755 fistulas
1129 1730 1372 1766 concrepanteS,
1403 1734 1516 1755 raucas
1547 1722 1665 1755 tibiasl’
1695 1722 1799 1762 liceat,
1829 1733 1938 1765 queso,
1968 1726 2000 1753 et

471 1860 498 1882 at
520 1858 590 1881 nesci
613 1857 637 1880 2.
741 1857 768 1881 b·
790 1858 925 1883 recindere
946 1858 976 1887 2;
997 1858 1123 1882 rescindit
1142 1857 1233 1882 d'Aclz.
1255 1858 1295 1882 ed.
1317 1858 1363 1882 alt.
1468 1858 1492 1888 c)
1515 1857 1633 1881 sollitare
1655 1857 1680 1881 2.
1785 1856 1813 1888 d)
1834 1857 1953 1881 intentus
1975 1856 1999 1880 1.

362 1908 388 1927 ct
409 1902 500 1933 oprob.
523 1904 552 1932 2;
573 1911 634 1934 opp.
656 1902 688 1926 Β.
764 1903 783 1931 f)
807 1904 873 1927 caim
897 1903 920 1927 2.
941 1902 1032 1928 d'Ach.
1054 1903 1094 1928 ed.
1115 1904 1176 1933 alt.,·
1197 1905 1257 1928 enin
1278 1904 1310 1928 B.
1391 1904 1417 1936 g)
1440 1903 1505 1928 laer.
1527 1906 1553 1928 et
1572 1903 1644 1927 luctu
1668 1903 1689 1927 l.
1770 1901 1797 1933 h)
1820 1901 1953 1927 sententin
1973 1901 1998 1926 2.

362 1948 382 1973 i)
404 1947 545 1979 hystoriam
570 1950 592 1973 1.
667 1950 695 1978 k)
715 1949 775 1973 hnic
795 1950 854 1974 loco
879 1951 899 1974 l.
977 1950 994 1980 l)
1018 1950 1103 1974 verbis
1127 1950 1157 1974 Β.
1234 1952 1270 1979 m)
1291 1954 1448 1982 occupatam
1470 1950 1494 1973 2.
1572 1949 1601 1979 n)
1622 1957 1724 1974 excerc.
1745 1949 1770 1973 2.
1852 1947 1880 1979 ο)
1900 1955 1954 1980 qun
1976 1949 1998 1972 1.

362 1998 388 2024 p)
412 1994 497 2017 insim.
521 2003 576 2018 nec.
599 2003 650 2019 non
672 1996 723 2019 vol.
745 1996 797 2020 des
821 1995 853 2020 Β.
942 1998 969 2027 q)
990 1996 1121 2020 reciderat
1140 1996 1182 2021 vel
1200 1996 1327 2020 rcsiderat
1348 1996 1373 2020 2.
1463 2000 1487 2020 r)
1508 1995 1582 2020 fortis
1605 1996 1628 2020 l.
1649 1995 1674 2020 2.
1769 1994 1795 2026 s)
1815 1994 1954 2019 consuevit
1973 1993 1998 2017 2.

363 2042 384 2065 t>
405 2040 554 2071 conscripta
576 2042 599 2065 ’2.
620 2040 710 2065 ιΓΑσΙι.
732 2042 773 2066 ed.
795 2042 839 2066 alt.
914 2044 941 2070 u)
963 2042 1033 2066 decor
1054 2042 1086 2067 B.
1155 2042 1184 2067 v]
1205 2046 1352 2074 reportetur
1375 2043 1396 2066 1.
1418 2042 1442 2066 2.
1519 2043 1551 2074 w)
1574 2041 1745 2066 chathedram
1766 2041 1792 2066 2.
1866 2041 1894 2071 x)
1914 2039 1997 2064 humi-

363 2085 422 2108 litas
444 2088 467 2109 ⁸1.
552 2092 578 2118 y)
603 2087 713 2111 docebat
734 2088 758 2112 2.
853 2088 878 2118 z)
898 2089 1019 2120 gestcbat
1039 2090 1063 2112 2,
1148 2091 1174 2118 a)
1195 2088 1410 2113 communicandi
1429 2086 1520 2113 d'Ach.
1541 2087 1581 2113 ed.
1603 2088 1647 2112 alt.
1734 2087 1761 2119 h)
1783 2086 1952 2118 rescingendi
1973 2085 1997 2110 2.

364 2136 390 2156 e)
412 2137 499 2156 manci
523 2134 544 2155 l.
566 2133 590 2157 2.
611 2132 703 2159 d‘.·1‹·)1.
724 2134 764 2157 ed.
786 2134 830 2157 all.
927 2135 954 2164 d)
977 2138 1100 2166 certaque
1121 2135 1254 2159 sententia
1273 2134 1365 2159 d'Aelz.
1386 2135 1427 2159 ed.
1448 2135 1495 2159 alt.
1590 2134 1618 2165 e)
1637 2134 1763 2158 consiluit
1782 2133 1810 2163 2;
1830 2132 1945 2158 consulit
1963 2131 1997 2156 B.

363 2177 451 2201 d‘Aclz.
474 2178 513 2203 cd.
534 2179 577 2202 ale.
664 2180 684 2205 s)
705 2187 763 2203 cum
785 2183 888 2212 torpore
912 2181 939 2210 l;
961 2188 1018 2204 cum
1040 2188 1148 2212 corpore
1170 2181 1195 2205 2.
1282 2183 1310 2212 g)
1331 2188 1489 2213 quamquam
1511 2181 1616 2205 nescias
1634 2180 1682 2204 viri
1703 2179 1788 2205 saneti
1809 2178 1998 2204 conscientiam

363 2231 488 2248 accusare
512 2226 533 2249 l.
555 2225 579 2249 2.
693 2225 718 2255 h)
740 2226 897 2258 principium
919 2227 943 2250 2.
1056 2227 1076 2253 i‘)
1103 2226 1192 2251 dulces
1213 2227 1286 2251 vocis
1306 2226 1338 2252 Β,
1359 2226 1451 2251 d'Aclz.
1471 2227 1512 2251 ed.
1533 2226 1579 2251 alt.
1691 2225 1720 2255 k)
1745 2225 1907 2258 perturbavit
1929 2225 1951 2250 i.
1973 2224 1997 2248 2.

365 2269 384 2295 11
406 2274 429 2293 ot
451 2270 514 2294 add.
539 2272 559 2294 l.
581 2271 605 2294 2,
692 2278 728 2295 mi
750 2272 824 2298 nmfr,
845 2273 869 2296 2.
955 2271 985 2303 n)
1006 2272 1076 2296 laud.
1098 2275 1167 2298 cant.
1193 2274 1219 2303 1;
1240 2274 1345 2297 cantica
1366 2281 1397 2297 ac
1417 2273 1523 2297 laudum
1545 2272 1570 2298 2.
1652 2271 1680 2303 ο)
1701 2271 1837 2297 modulare
1862 2272 1884 2296 1.
1906 2269 1998 2296 d‘Ach.

365 2316 404 2339 ed.
425 2316 471 2339 uls.
548 2316 576 2348 p)
598 2318 682 2348 tybias
707 2320 728 2342 1.

473 2437 499 2469 1)
522 2437 590 2463 Scit.
616 2438 756 2471 episcopos
779 2438 893 2465 Galliae
916 2439 1115 2473 meridionalis,
1143 2440 1190 2473 qui
1213 2449 1240 2466 α.
1260 2440 1348 2472 1112,
1373 2449 1462 2467 mense
1483 2439 1640 2474 Septembri
1662 2438 1783 2465 Viennae
1805 2439 1997 2470 convenerunt,

366 2490 391 2512 n!
425 2488 603 2513 inrrstiturae
634 2490 782 2523 privi'lefio
817 2491 996 2517 condemnato
1027 2491 1189 2518 Heinricum
1224 2492 1253 2518 V.
1284 2491 1569 2526 excommzuiicarent5
1607 2490 1646 2524 of.
1675 2490 1772 2517 Sermo
1799 2489 1844 2523 II,
1876 2489 1910 2515 11
1940 2487 1996 2521 (ed.

367 2539 548 2572 Iteauyendre
573 2540 623 2567 col.
643 2539 730 2571 711).-
757 2541 910 2575 Insurgunt
933 2541 1007 2568 onim
1033 2542 1162 2577 quotidie
1186 2546 1373 2577 tempestates
1397 2543 1426 2568 in
1449 2542 1573 2569 ecclesia
1588 2541 1654 2575 Dei,
1679 2541 1727 2577 qui
1750 2540 1858 2568 vellent
1880 2539 1996 2576 quidam

2020 444 2033 463 5

2022 700 2048 719 10

2022 959 2048 979 1⁶

2021 1215 2049 1235 20

2019 1474 2046 1494 2⁶

2019 1732 2046 1752 ³0

2018 2044 2046 2064 ³5

2018 2273 2045 2294 ⁴0

365 2588 426 2614 eins
458 2589 593 2616 unitatem
626 2590 780 2624 dissipare.
816 2596 843 2617 ot
877 2593 1035 2619 discordias
1067 2594 1234 2620 seminando
1266 2594 1401 2620 unionem
1432 2594 1512 2628 pacis
1547 2593 1724 2629 extinguere.
1779 2590 2042 2627 Aggrediunturcs
2077 2592 2080 2601 ⁴

366 2644 496 2674 pastores
527 2641 680 2670 «ηπ-Ινςίιιο,
712 2646 739 2667 ut
772 2648 857 2677 caput
888 2644 1038 2675 ferientes,
1072 2646 1199 2672 membra
1227 2649 1336 2672 terrore
1366 2648 1609 2672 commoveantur.
1659 2645 1720 2671 Nec
1743 2643 1835 2670 solum
1859 2642 1935 2670 enim
1959 2641 1995 2669 ab

366 2692 508 2717 oxtrnnois
532 2692 638 2726 patitur
662 2693 793 2725 novin-sin,
826 2695 875 2720 sed
905 2695 988 2721 etiam
1021 2705 1036 2722 a
1067 2697 1231 2723 domesticis
1261 2699 1289 2723 et
1318 2696 1455 2723 fratribus
1479 2696 1554 2726 euim
1589 2699 1617 2723 et
1639 2695 1741 2731 peiora
1764 2697 1831 2722 eunt
1852 2692 1932 2721 bellu
1953 2692 1994 2720 in-

366 2742 478 2771 testina,
503 2752 518 2767 :i
543 2743 645 2777 quibus
670 2753 724 2769 nnn
750 2749 873 2774 vax-ntur.
899 2756 982 2780 quam
1007 2747 1158 2777 forinseca,
1183 2757 1257 2783 quae
1281 2747 1495 2783 praevidentur.
