2132 3067
66 1227 79 1247 5

184 685 693 753 BRUNONIS
748 682 1205 748 EPISCOPI
1257 683 1647 749 SIGNINI

342 815 751 875 LIBELLUS
804 815 917 872 DE
971 814 1499 873 SYMONIACIS.

839 954 1000 986 EDIDIT

594 1052 725 1098 ERN
733 1051 848 1098 EST
856 1051 932 1097 US
969 1048 1248 1098 SACKUR.

204 1206 342 1253 Bruno,
365 1214 460 1244 cuius
482 1212 603 1244 libellos
627 1224 716 1243 nunc
739 1212 878 1251 edemus,
901 1211 1121 1242 Lombardiae
1141 1211 1336 1251 provinciae
1360 1211 1393 1240 in
1418 1210 1498 1240 villa
1516 1221 1598 1252 quae
1616 1210 1745 1241 Soleria

98 1265 267 1296 dicebatur
293 1269 392 1305 patre
414 1264 562 1304 Aucto-ea,
596 1269 699 1294 matre
724 1261 854 1304 Squilla
886 1267 983 1293 natus
1012 1263 1048 1293 in
1080 1263 1277 1293 monasterio
1306 1260 1340 1292 S.
1358 1261 1511 1302 Perpetui
1541 1264 1576 1292 in
1610 1261 1746 1292 dioecesi

97 1317 229 1349 Astensi
251 1317 312 1346 sito
337 1327 356 1346 a
376 1316 573 1357 parentibus
598 1316 667 1346 Deo
691 1314 817 1345 oblutus
841 1319 916 1347 est¹,
966 1313 1082 1344 Postea
1106 1313 1292 1344 Bononiam
1316 1314 1483 1354 miyravit,
1507 1317 1541 1343 ut
1563 1318 1648 1344 artes
1672 1313 1745 1343 libe-

96 1369 184 1400 rales
214 1368 359 1398 disceret.
420 1367 512 1398 Unde
546 1378 693 1398 reversus
725 1365 829 1397 Senas
860 1367 972 1406 petiit,
1006 1365 1063 1395 ubi
1095 1366 1182 1396 inter
1216 1365 1393 1395 canonicos
1427 1364 1579 1395 ecclesiae
1609 1366 1746 1396 maioris

98 1424 286 1461 assumptus
316 1423 369 1450 est.
421 1419 460 1450 A.
486 1418 581 1457 1079,
613 1429 719 1449 mense
749 1417 946 1456 Februario,
978 1417 1163 1448 Romanam
1193 1418 1319 1447 curiam
1354 1416 1453 1455 adiit,
1485 1416 1688 1457 hospitioque
1719 1421 1746 1446 et

53 1473 211 1514 1ofavore
235 1471 324 1502 Petri
346 1470 442 1512 anei
465 1471 650 1501 cardinalis
673 1470 821 1510 episcopi
844 1468 1044 1499 Albanensis
1057 1467 1239 1508 fruebatur
1250 1472 1270 1498 ².
1316 1467 1436 1498 Eodem
1459 1472 1600 1507 tempore
1624 1466 1744 1508 Greyo-

53 1742 78 1761 1⁵

52 1999 79 2018 20

53 2296 80 2316 25

55 2806 81 2826 85

96 1525 168 1554 rius
200 1523 266 1553 VII.
292 1533 388 1564 papa
420 1522 579 1563 synodum
613 1521 862 1551 Lateranensem
896 1519 1076 1560 celebravit,
1109 1519 1166 1550 ubi
1198 1520 1283 1550 inter
1318 1518 1387 1549 alia
1419 1519 1513 1548 eliam.
1544 1518 1746 1559 Berenqarii

98 1575 326 1606 archidiaconi
355 1573 605 1615 Andeyavensis
636 1584 739 1603 causa
770 1573 1029 1603 ewaminaretur.
1081 1569 1191 1606 Quid?
1223 1570 1309 1612 quod
1338 1570 1510 1600 Romanus
1538 1570 1693 1611 pontifex·
1725 1582 1744 1600 a

97 1627 257 1658 canonico
289 1625 428 1656 Senensi
453 1625 651 1665 postulavit,
686 1628 721 1654 ut
752 1623 791 1654 cle
820 1627 1024 1653 sacramento
1056 1624 1204 1664 corporis
1234 1627 1261 1653 et
1292 1623 1472 1663 sanyuinis
1504 1622 1641 1652 Domini
1674 1632 1745 1651 cum

97 1678 281 1709 doctissimo
312 1675 366 1708 illo
396 1677 466 1706 viro
495 1675 702 1717 disputaret?
754 1674 867 1716 Neque
890 1674 943 1705 ille
965 1685 1115 1705 successu
1145 1674 1273 1712 ca7·uit;
1307 1673 1536 1713 Ber-enyarius
1560 1673 1746 1703 adversarii

99 1729 302 1771 argumentis
324 1729 491 1759 convictus
513 1727 746 1766 iureiurando,
776 1726 861 1767 quod
886 1727 919 1756 in
944 1724 1078 1757 concilio
1105 1726 1283 1766 praestitit,
1314 1725 1465 1755 doctrina
1494 1735 1556 1754 sua
1580 1724 1746 1754 haeretica

97 1780 306 1812 renunciavit
316 1784 338 1810 ³.

204 1832 325 1862 Eodem
348 1835 488 1871 tempore
511 1831 686 1870 episcopus
703 1829 869 1870 Siqninus
885 1833 1032 1859 mortuus
1055 1833 1118 1866 est;
1143 1839 1245 1870 neque
1263 1827 1454 1868 Gregorius,
1479 1838 1549 1856 cum
1574 1827 1742 1867 inqenium

98 1884 342 1924 doctrinamque
357 1882 531 1912 Brunonis
548 1883 758 1922 coynovisset,
781 1881 855 1911 huic
879 1880 950 1911 sedi
973 1891 1043 1910 eum
1069 1879 1243 1910 antistitem
1261 1879 1426 1909 destinare
1444 1877 1614 1908 dubitavit.
1654 1877 1746 1908 Petro

98 1936 203 1977 igitur
226 1934 418 1971 Albanensi,
442 1944 533 1974 quem
556 1945 625 1963 cum
653 1933 810 1963 canonico
834 1936 942 1962 nostro
968 1931 1122 1972 Siquiam
1147 1932 1243 1969 misit,
1268 1935 1302 1959 ut
1328 1928 1417 1960 illum
1441 1929 1625 1970 eliyendum
1651 1940 1743 1959 cura-

97 1992 155 2027 ret,
177 1987 362 2026 imperavit.
414 1985 503 2017 Clero
528 1984 703 2025 Siyn‘iense
727 1983 803 2014 lzuic
828 1987 993 2013 annuente
1016 1982 1133 2013 Bruno
1157 1982 1230 2012 licet
1254 1983 1377 2012 invitus
1401 1981 1504 2011 sedem
1529 1981 1746 2021 episcopalem

99 2038 255 2068 ascendit.
313 2037 352 2067 Ut
373 2037 529 2077 favorem
554 2036 708 2077 Gregorii
739 2035 806 2066 VII.
831 2035 895 2065 sibi
919 2034 1113 2073 adsciverat,
1141 2034 1189 2063 ita
1214 2044 1283 2063 cum
1315 2032 1447 2062 Urbano
1472 2032 1516 2071 II,
1544 2032 1638 2062 cuius
1661 2032 1746 2062 inter

99 2090 246 2121 electores
259 2089 411 2129 fueraffi,
437 2088 613 2118 amicitiam
636 2087 758 2117 iunoeit.
794 2085 994 2126 Saepissime
1018 2096 1088 2115 cum
1113 2084 1170 2115 hoc
1189 2084 1343 2125 pontifice
1360 2085 1389 2114 ei
1405 2084 1627 2114 commercium
1645 2088 1745 2120 erat⁵,

99 2152 189 2182 quem
219 2141 317 2171 etiam
348 2141 383 2170 in
412 2139 547 2170 Italiam
578 2137 822 2169 meridionalem
854 2142 881 2167 et
911 2138 945 2168 in
979 2135 1125 2167 Galliam
1151 2135 1409 2177 proficiscentem
1438 2135 1586 2165 comitari
1616 2134 1745 2165 solebat.

207 2237 234 2271 1)
264 2237 327 2263 Vita
357 2237 387 2263 S.
411 2235 555 2262 Brunonis
584 2238 598 2266 ἓ
626 2236 653 2267 3,
686 2235 756 2261 Λεία
787 2234 841 2260 SS.
866 2234 920 2261 Iul.
945 2234 998 2267 IV,
1025 2243 1056 2267 p.
1082 2233 1160 2266 479;
1194 2232 1272 2259 Petri
1303 2232 1404 2258 (lla-on.
1432 2231 1539 2258 Cassia.
1563 2230 1616 2263 IV,
1649 2240 1672 2256 c.
1697 2230 1746 2262 31,

99 2288 154 2317 SS.
178 2288 240 2320 Vll,
259 2297 291 2322 p.
311 2288 380 2314 774.
405 2296 463 2313 eum
487 2295 521 2312 ex
543 2285 649 2311 illustri
672 2285 839 2311 Astensium
864 2284 966 2310 civium
991 2284 1130 2318 prosapia
1154 2304 1160 2310 .
1187 2304 1192 2309 .
1219 2304 1223 2308 .
1249 2283 1382 2308 Astensis
1412 2281 1554 2316 episcopii
1584 2282 1745 2307 canonicum

99 2340 185 2374 dicit,·
213 2340 262 2366 sed
291 2348 351 2365 cum
382 2339 444 2365 Vita
474 2339 508 2364 de
531 2338 735 2371 posterioribus
765 2337 846 2362 rebus
869 2336 928 2369 fide
957 2336 1071 2370 diynior
1100 2339 1146 2367 est,
1179 2336 1259 2361 etiam
1289 2335 1323 2360 de
1351 2335 1489 2359 iuventute
1512 2342 1572 2359 eam
1595 2333 1745 2367 sequimur.

101 2391 130 2426 2)
166 2391 195 2418 V.
224 2392 314 2417 Brun.
344 2392 358 2422 ξ
383 2390 416 2422 6,·
450 2398 539 2416 annus
572 2388 661 2414 1979.
691 2388 755 2413 inde
784 2387 922 2421 sequitur,
960 2388 1033 2421 quod
1067 2391 1122 2413 tum
1156 2395 1246 2412 mense
1276 2385 1434 2411 Februario
1464 2385 1585 2418 synodus
1616 2384 1746 2410 Romana

99 2443 196 2469 habita
218 2443 253 2468 sit
275 2441 377 2476 (Jaffe',
399 2441 476 2467 Bibl.
494 2441 534 2472 II,
557 2449 586 2474 p.
604 2440 698 2472 35²2)‚·
722 2439 822 2465 deinde
844 2439 872 2466 V.
891 2439 981 2465 Brun.
1006 2441 1020 2469 ξ
1043 2439 1092 2464 30.
1117 2439 1216 2463 Bruno
1239 2447 1266 2465 α,
1285 2437 1334 2463 41.
1359 2436 1535 2470 episcopatus
1556 2436 1601 2461 sui
1623 2438 1746 2461 mortuus

100 2493 229 2526 refertur,
261 2494 310 2527 qui
330 2501 390 2518 cum
414 2501 441 2518 a.
461 2492 551 2518 11‘23.
575 2491 670 2522 obiret,
702 2499 760 2515 eum
785 2499 811 2516 a.
832 2490 921 2516 low.
945 2491 1034 2516 sedem
1059 2489 1241 2523 episcopalem
1265 2488 1424 2514 ascendisse
1452 2496 1521 2521 opus
1548 2490 1595 2512 est.
1642 2486 1748 2516 Quodsi

102 2544 202 2572 Chron.
227 2545 336 2572 cassin.
359 2543 411 2577 IV,
435 2553 458 2569 c.
476 2543 525 2569 31.
549 2544 709 2568 Brunonem
737 2541 849 2567 Urbano
873 2541 914 2567 II.
938 2544 1072 2575 reynatzte
1095 2541 1214 2566 Romam
1244 2540 1350 2566 venisse
1380 2543 1403 2565 et
1433 2539 1589 2573 episcopum
1617 2538 1744 2571 Sigynien—

100 2605 154 2623 sem
184 2597 297 2622 electum
327 2604 384 2621 esse
414 2595 524 2628 legitur,
557 2603 570 2620 e
600 2593 743 2619 Brunonis
770 2593 879 2618 Libello
909 2602 932 2618 c.
958 2593 985 2619 3.
1015 2596 1155 2618 auctorem
1182 2592 1240 2617 iarn
1269 2600 1327 2617 cnm
1359 2590 1495 2624 Gregorio
1526 2589 1589 2617 VII.
1613 2589 1746 2622 familia-

100 2647 184 2673 ritate
206 2647 379 2672 coniunctum
397 2646 490 2678 fuisse
513 2646 609 2672 elucet.
697 2644 725 2678 3)
756 2643 786 2670 V.
810 2644 900 2670 Brun.
924 2644 943 2670 l.
968 2644 986 2670 l.
1008 2652 1037 2676 p.
1055 2643 1125 2669 479.
1213 2643 1243 2676 4)
1265 2642 1344 2674 Jaffe'
1366 2641 1394 2674 V7
1413 2651 1444 2676 p.
1463 2641 1534 2668 503.
1622 2640 1651 2674 ὃ)
1675 2640 1744 2666 Sah-

101 2698 213 2732 scripsit
244 2698 376 2732 epistolae
406 2698 444 2723 ad
473 2697 637 2723 Velitrenses
667 2697 752 2721 datae
780 2705 807 2721 a.
828 2695 916 2727 1089,
946 2695 1001 2721 Iul.
1020 2695 1048 2727 8,
1078 2694 1108 2721 J.
1127 2694 1226 2727 5403;
1260 2694 1293 2720 A.
1315 2693 1403 2719 1092.
1428 2693 1500 2726 Any.
1523 2701 1584 2718 cum
1610 2700 1689 2726 papa
1716 2691 1744 2715 in

101 2749 282 2776 salernitano
299 2748 412 2782 palatio
435 2749 554 2780 sedebat,
578 2757 605 2774 v.
622 2747 899 2781 Pflnylc-Harttunq,
926 2746 995 2771 Acta
1008 2749 1087 2779 pont.
1104 2746 1223 2772 Roman.
1241 2746 1282 2777 ll,
1308 2754 1350 2771 nr.
1371 2744 1439 2776 184,
1458 2753 1489 2777 1).
1511 2743 1585 2777 149;
1608 2752 1635 2769 a.
1657 2741 1744 2770 1093,

103 2800 165 2828 Ian.
185 2800 232 2826 14.
256 2801 355 2826 iterum
378 2799 494 2827 Salerni
516 2808 576 2826 cum
595 2808 676 2833 papa
693 2798 764 2832 suit,
787 2798 865 2831 Jaffe'
890 2797 989 2831 5749,·
1011 2797 1083 2823 Acta
1100 2800 1180 2831 pont.
1206 2796 1325 2823 Roman.
1350 2796 1390 2827 II,
1414 2804 1458 2821 nr.
1478 2794 1546 2827 185,
1569 2803 1597 2828 p.
1618 2794 1685 2819 150.
