2132 3067
95 727 122 746 10

94 984 124 1004 15

94 1242 123 1262 80

93 1501 121 1519 25

87 1759 119 1778 80

88 2017 120 2036 35

90 2274 121 2294 40

92 2574 122 2593 45

569 160 620 186 DE
643 158 814 186 UNITATE
837 159 1046 187 ECCLESIAE
1069 161 1365 189 CONSERVANDA.
1732 160 1794 192 249

145 248 277 287 labitur,
307 253 335 279 et
359 250 388 280 si
410 249 488 279 haec
513 248 583 279 sola
607 249 659 287 sit,
686 259 826 289 prorsus
849 254 913 279 tota
938 249 1119 281 subruitur.
1171 250 1272 281 Nobis
1304 257 1410 282 autem
1443 252 1512 282 ausi
1537 259 1611 284 sunt
1634 264 1793 284 canonum

143 300 249 330 facere
272 300 478 340 mentionem,
501 306 614 330 contra
636 310 716 342 quos
740 311 868 342 semper
890 301 1132 342 ambitionibus,
1157 313 1284 343 semper
1307 302 1427 334 illicitis
1450 304 1592 335 effecisse
1609 305 1795 336 excessibus

145 358 373 390 monstrantur,
396 352 505 390 immo,
530 352 556 382 si
581 362 678 382 causa
702 351 812 382 cadem
837 351 932 382 latius
951 353 1142 394 inquiratur,
1166 360 1272 385 tantae
1295 354 1358 385 illic
1382 356 1576 396 tragoediae,
1602 358 1680 387 tanti
1704 368 1794 398 repe-

144 404 271 434 riuntur
300 413 435 443 errores,
465 409 509 442 ut,
541 403 567 434 si
592 403 653 444 ipsi
677 404 740 434 sint
763 403 887 434 iudices
912 405 965 445 qui
990 404 1102 435 eadem
1127 412 1360 446 perpetrarunt,
1392 418 1464 437 cum
1490 408 1656 439 evidenter
1678 408 1796 440 fuerint

145 455 312 493 confutati,
336 467 354 486 a
378 455 425 485 sui
451 455 656 486 damnatione
680 465 742 485 non
766 461 955 497 temperent.

250 507 300 539 27.
346 507 450 548 Igitur
472 517 534 537 non
560 506 634 537 licet
657 506 754 537 alicui
779 506 954 537 christiano
980 508 1125 538 occidere
1150 519 1355 550 quemquam,
1380 511 1478 540 immo
1497 522 1555 541 nec
1580 511 1695 549 odisse,
1721 522 1797 553 quo-

144 559 230 588 niam
244 559 366 589 iustitia
380 558 621 602 pharisaeorum
640 565 688 589 est
704 569 766 589 non
785 559 944 596 occidere,
962 570 1025 589 non
1044 560 1197 601 peierare.
1217 561 1285 590 sed:
1309 562 1410 592 Amen
1427 564 1500 593 dico
1518 563 1615 603 vobis,
1631 563 1796 594 aitDomi-

143 620 213 649 nus,
237 611 327 652 quia,
353 611 418 641 nisi
442 610 662 641 abundaverit
685 612 814 641 iustitia
841 615 945 641 vestra
966 611 1043 651 plus
1068 623 1164 652 quam
1189 612 1372 644 scribarum
1394 619 1422 643 et
1438 615 1705 654 pharisaeorum,
1729 625 1794 645 non

145 662 313 692 intrabitis
336 662 372 692 in
395 673 533 703 requiem
558 661 729 692 caetorum.
783 662 822 692 Et
845 661 886 692 ad
910 662 978 693 Noe
1002 668 1098 704 atque
1122 662 1161 693 ad
1186 663 1267 694 filios
1291 665 1375 694 eius:
1409 664 1475 700 Qui
1498 665 1657 706 effuderit,
1681 667 1796 708 inquit,

144 715 340 755 sanquinem
366 713 517 753 hominis,
542 725 601 754 pro
625 714 787 754 sanquine
811 715 879 744 eius
904 713 1089 755 effundetur
1111 717 1254 756 sanguis
1280 715 1378 746 illius.
1418 717 1537 746 Anima
1555 718 1675 759 quippe
1692 718 1796 748 omnis

144 765 248 796 carnis
265 770 313 796 est
337 766 368 795 in
392 765 559 806 sanguine.
597 764 741 806 Ideoque
758 766 853 795 etiam
873 766 1019 807 quisquis
1037 777 1094 807 per
1110 766 1297 797 scandalum
1316 768 1383 798 sive
1402 770 1612 809 perversitate
1630 769 1796 800 doctrinae

143 816 293 848 effuderit
315 815 392 847 illud
418 816 524 855 vitale,
549 827 612 858 quo
637 817 731 847 homo
756 823 937 858 vegetatur,
962 818 1042 848 vivit
1066 824 1097 848 et
1120 826 1327 859 sustentatur,
1351 820 1382 850 in
1407 820 1458 850 die
1482 820 1591 850 iudicii
1616 821 1797 852 effundetur

143 868 184 899 ab
208 880 263 908 eo;
294 868 354 899 hoc
377 874 433 908 est,
465 867 550 910 quod
576 867 637 898 sibi
661 868 832 899 videbatur
857 870 973 900 babere
997 869 1104 907 vitale,
1134 876 1269 911 cogetur
1293 872 1447 902 amittere.
1502 871 1589 913 Ergo
1614 884 1671 913 per
1693 877 1795 903 totum

142 920 208 951 fere
231 919 291 950 hoc
315 927 444 961 tempus
469 920 642 951 memoriae
674 926 803 951 nostrae
834 920 1008 952 effunditur
1037 922 1168 963 sanguis
1200 922 1365 952 hominum
1398 934 1454 964 per
1476 924 1562 954 viros
1593 925 1795 965 sanguinum,

143 971 230 1014 quod
254 972 290 1002 fit
312 972 485 1013 praecipue
508 983 549 1002 ex
573 972 728 1002 instinctu
752 973 979 1013 episcoporum
997 973 1152 1004 adversae
1169 974 1280 1015 partis,
1304 975 1417 1005 utiam
1436 976 1683 1006 manifestentur
1699 987 1796 1017 opera

143 1025 267 1064 carnis,
283 1035 366 1066 quae
383 1029 460 1054 sunt
476 1024 682 1062 inimicitiae,
699 1026 929 1064 contentiones,
947 1025 1191 1063 aemulationes,
1209 1028 1292 1066 irae,
1309 1028 1416 1065 rimae,
1433 1027 1666 1067 dissensiones,
1683 1032 1796 1066 sectae,

143 1076 278 1115 hereses,
308 1076 466 1115 invidiae,
497 1075 677 1106 homicidia
708 1080 735 1106 et
766 1076 816 1106 his
847 1077 982 1116 similia,
1014 1089 1096 1119 quae
1121 1078 1283 1119 praedico
1315 1079 1414 1119 volsis,
1443 1079 1487 1110 ait
1511 1078 1685 1121 apostolus,
1715 1080 1797 1110 sicut

141 1128 313 1169 praeduci,
337 1128 493 1169 quoniam
517 1129 574 1168 qui
597 1127 681 1158 talia
705 1133 810 1169 ayunt
833 1140 970 1170 requam
988 1129 1052 1159 Dei
1076 1141 1139 1160 non
1164 1136 1412 1171 consequentur.
1451 1130 1587 1172 Propter
1607 1130 1685 1161 haec
1709 1141 1795 1161 com-

143 1179 313 1221 primenda
343 1178 542 1210 sacerdotale
573 1178 738 1217 iudicium,
771 1179 857 1221 quod
889 1186 1038 1211 cruentas
1069 1181 1187 1222 refugit
1217 1180 1364 1221 ultiones,
1395 1182 1515 1212 severis
1546 1182 1793 1213 christianorum

143 1231 328 1273 principum
352 1230 637 1262 constitutionibus
660 1231 806 1261 adiuvari
829 1231 958 1270 debet¹‚
989 1233 1073 1262 sicut
1096 1231 1182 1263 Leo²
1207 1243 1292 1274 papa
1315 1233 1419 1271 docet,
1450 1234 1526 1274 quia
1554 1235 1702 1265 timentes
1727 1244 1794 1265 cor-

143 1282 254 1324 porale
277 1282 431 1313 iudicium
459 1293 688 1324 nonnunquam
711 1283 751 1314 ad
777 1283 920 1325 spiritale
944 1290 1114 1314 recurrunt
1136 1283 1328 1314 remedium.
1379 1285 1441 1315 Sed
1473 1293 1507 1316 ut
1536 1286 1656 1327 passim
1687 1286 1795 1316 omnia

143 1334 229 1366 licito
253 1334 341 1375 fiant,
364 1335 428 1375 ipsi
451 1334 606 1365 adversae
630 1335 730 1376 partis
753 1336 900 1377 episcopi
916 1337 1039 1376 regiam
1058 1341 1261 1377 potestatem,
1284 1337 1382 1367 immo
1400 1336 1540 1368 divinam
1559 1337 1793 1368 ordinationem

143 1392 287 1417 evertere
311 1392 434 1428 parant,
459 1396 531 1416 cum
555 1386 595 1416 de
619 1385 667 1417 his
691 1398 830 1429 quoque,
856 1387 911 1428 qui
935 1392 1008 1428 post
1033 1388 1227 1429 baptismum
1248 1394 1303 1418 aut
1319 1393 1477 1419 tormenta
1494 1388 1561 1420 sola
1578 1395 1795 1420 exercuerunt

141 1444 197 1469 aut
219 1439 315 1469 etiam
340 1437 509 1479 capitalem
535 1438 724 1469 sententiam
751 1438 963 1481 protulerunt,
987 1440 1032 1470 sic
1055 1439 1168 1470 scribit
1191 1445 1323 1471 sanctus
1340 1451 1425 1482 papa
1441 1440 1681 1479 Innocentius³‚
1707 1441 1792 1483 quod

142 1489 182 1521 de
210 1490 290 1532 ipsis
320 1489 400 1520 nihil
430 1489 596 1520 definitum
628 1490 669 1520 sit
698 1502 717 1521 a
748 1491 935 1522 maioribus.
986 1491 1203 1522 Meminerant
1228 1493 1323 1531 enim,
1347 1492 1460 1534 inquit,
1485 1505 1504 1523 a
1530 1493 1599 1524 Deo
1618 1498 1794 1533 potestates

142 1542 204 1572 has
217 1542 330 1582 fuisse
353 1552 522 1573 concessas
545 1547 573 1572 et
595 1547 732 1582 propter
755 1543 933 1573 vindictam
957 1544 1129 1574 noxiorum
1153 1543 1303 1584 yladium
1324 1543 1439 1584 fuisse
1458 1545 1653 1585 permissum
1678 1549 1706 1575 et
1730 1544 1794 1575 Dei

140 1594 339 1625 ‘ministrum
368 1605 433 1624 esse
457 1593 569 1624 datum
593 1594 627 1624 in
645 1594 836 1625 huiusmodi
856 1595 1026 1625 vindicem.
1076 1594 1243 1630 Quomodo
1267 1606 1342 1636 erqo
1365 1595 1637 1636 reprehenderent
1650 1596 1792 1636 factum,
1813 1605 1822 1615 ⁸

141 1645 227 1686 quod
250 1650 382 1676 auctore
398 1645 468 1676 Deo
491 1645 639 1676 viderent
661 1657 726 1676 esse
749 1645 957 1677 concessum?
996 1646 1046 1677 De
1069 1647 1120 1677 his
1143 1658 1228 1688 erqo,
1253 1647 1365 1688 inquit,
1390 1652 1424 1677 ut
1448 1647 1606 1678 hactenus
1627 1653 1792 1679 servatum

140 1701 195 1737 est,
226 1698 274 1728 sic
305 1697 468 1735 habemus,
496 1709 536 1728 ue
567 1702 626 1728 aut
657 1697 872 1738 disciplinam
894 1703 1032 1729 evertere
1055 1703 1112 1728 aut
1136 1703 1250 1729 contra
1275 1700 1499 1729 auctoritatem
1523 1699 1659 1730 Domini
1682 1701 1792 1730 venire

141 1749 322 1788 videamur,
346 1750 425 1790 quia
449 1749 532 1790 ipsis
555 1749 592 1780 in
615 1750 776 1780 rationem
800 1750 1004 1781 reddendam
1027 1755 1120 1791 qesta
1143 1761 1206 1780 sua
1229 1751 1341 1781 omnia
1365 1751 1594 1782 servabuntur.

245 1801 296 1832 28.
341 1801 386 1830 At
408 1806 604 1831 memoratus
628 1799 680 1831 ille
705 1800 855 1842 Hartvig,
887 1806 921 1831 ut
951 1807 1113 1833 everteret
1135 1802 1255 1843 regiam
1285 1807 1488 1843 potestatem,
1518 1803 1617 1833 immo
1647 1802 1791 1833 divinam

139 1852 386 1890 ordinationem,
416 1850 567 1883 militavit
590 1863 664 1883 cum
689 1853 755 1884 suis
779 1853 983 1884 consortibus
1006 1854 1168 1895 episcopis
1199 1865 1257 1895 per
1285 1853 1402 1885 multas
1433 1853 1659 1896 expeditiones
1681 1859 1792 1885 contra

140 1903 339 1935 Henrichum
370 1914 490 1944 regern,
522 1914 656 1946 quarum
689 1903 776 1936 nulla
803 1905 909 1945 magis
939 1904 980 1935 ad
1011 1905 1120 1936 vivum
1151 1916 1210 1936 nos
1240 1906 1356 1946 tetigit,
1386 1916 1481 1947 quam
1506 1905 1569 1945 illa,
1599 1906 1727 1948 quando
1750 1906 1792 1937 ad

139 1954 242 1986 locum
268 1954 492 1986 Herosfeldiae
516 1955 625 1997 posuit
648 1960 786 1987 castra⁴.
832 1956 1022 1998 Specialiter
1045 1957 1130 1987 enim
1155 1958 1224 1999 ipse
1248 1968 1326 1998 prae
1350 1958 1484 1989 caeteris
1509 1957 1694 1989 Saxonibus
1718 1957 1791 1988 odio

139 2006 279 2038 habebat
294 2007 432 2038 eundem
449 2007 553 2038 locum
571 2007 803 2048 Herosfeldizoe,
828 2008 965 2050 ideoque
981 2009 1144 2039 civitatem
1169 2014 1200 2039 et
1223 2015 1334 2040 sancta
1350 2014 1479 2040 nostra⁵
1500 2009 1676 2052 quaerebat
1692 2010 1791 2040 omni-

141 2058 199 2090 bus
222 2058 326 2090 modis
349 2058 529 2098 destruere3
553 2070 627 2090 nam
650 2059 753 2091 abbas
777 2059 921 2090 eiusdem
945 2059 1017 2098 loci,
1041 2059 1147 2090 dictus
1171 2071 1300 2102 quoque
1321 2067 1353 2092 et
1368 2061 1438 2102 ipse
1456 2061 1641 2102 HartviguS,
1666 2072 1791 2093 succes-

140 2115 224 2141 serat
246 2109 291 2141 illi
315 2110 467 2142 damnato
491 2116 521 2142 et
544 2111 692 2152 deposito
717 2111 748 2142 in
772 2111 992 2153 episcopatum
1016 2111 1329 2153 Magadaburgensis
1353 2112 1518 2151 ecclesiae⁷
1542 2113 1736 2154 imperatore
1761 2120 1792 2144 et

139 2163 276 2194 caeteris
300 2163 501 2204 principibus
518 2163 611 2204 regni
628 2162 803 2204 plurimum
819 2162 1040 2194 annitentibus
1056 2174 1153 2205 super
1169 2163 1328 2196 electione
1344 2165 1412 2195 eius
1429 2169 1461 2195 et
1477 2164 1690 2206 ordinatione,
1714 2175 1792 2207 quo-

139 2215 226 2245 niam
249 2220 378 2256 praeter
399 2214 443 2254 id,
467 2214 555 2256 quod
578 2214 724 2256 adprime
745 2215 922 2245 instructus
947 2221 979 2245 et
1001 2215 1145 2246 eruditus
1162 2221 1211 2247 est
1227 2222 1291 2247 tam
1309 2215 1484 2247 moralibus
1500 2216 1679 2258 disciplinis
1695 2228 1790 2259 quam

139 2265 238 2296 sacris
260 2266 440 2308 scripturis,
468 2267 501 2296 in
523 2265 584 2296 hoc
607 2276 736 2308 quoque
760 2267 830 2308 ipse
855 2265 1019 2308 placuerat
1041 2267 1097 2307 eis,
1127 2267 1202 2308 quia
1225 2267 1268 2307 id,
1293 2268 1379 2310 quod
1403 2268 1578 2310 imperator
1601 2279 1663 2299 non
1687 2270 1792 2310 potuit

139 2317 267 2349 efficere
289 2318 366 2349 totis
388 2317 511 2349 viribus
534 2319 635 2359 regni,
663 2317 724 2348 hoc
747 2319 816 2360 ipse
840 2318 974 2360 perfecit
997 2329 1038 2349 ex
1061 2318 1220 2349 industria
1243 2320 1398 2361 sapientis
1427 2321 1579 2361 ingenii⁶‚
1610 2319 1735 2352 scilicet
1757 2326 1793 2352 ut

250 2415 278 2449 1)
300 2415 355 2441 His
366 2415 458 2442 verbis
469 2415 585 2442 nimiam
598 2415 799 2450 indulqentiam
811 2419 836 2442 et
848 2417 986 2442 lenitatem
1000 2417 1179 2450 imperatoris
1189 2426 1258 2451 erqo
1271 2426 1315 2443 eos
1328 2417 1480 2452 episcopos,
1496 2419 1544 2452 qui
1554 2419 1658 2452 synodo
1671 2419 1791 2453 Moqun-

139 2465 202 2493 tina
216 2467 344 2493 damnati
359 2471 448 2500 erant,
470 2467 655 2502 reprehendit.
727 2467 757 2502 2)
781 2467 826 2500 Cf.
843 2468 930 2494 verba
946 2468 1064 2493 Leonis.-
1085 2467 1192 2494 Omnes
1212 2477 1258 2494 res
1273 2471 1353 2495 tutae
1371 2477 1434 2495 esse
1450 2478 1508 2496 non
1524 2474 1648 2504 possunt
1663 2474 1712 2498 etc.
1730 2472 1749 2497 l.
1766 2471 1791 2503 I,

141 2526 166 2544 c.
183 2517 210 2550 3,
232 2527 262 2551 p.
282 2519 350 2544 186.
441 2518 472 2554 3)
496 2519 587 2553 Epist.
606 2519 633 2544 6.
651 2519 688 2544 ad
704 2519 844 2553 Ezsuper.
869 2529 891 2545 c.
910 2520 937 2552 3,
962 2520 978 2553 ξ
997 2520 1024 2552 8,
1048 2520 1268 2552 Schoenemunn,
1288 2529 1319 2554 p.
1337 2520 1407 2547 543.
1502 2522 1532 2555 4)
1554 2522 1653 2548 Merme
1667 2523 1792 2557 Auyusto

142 2577 170 2596 α.
190 2569 284 2596 1086.·
307 2569 429 2601 Quando
444 2573 636 2605 perrexerunt
655 2569 684 2596 in
705 2570 875 2597 orientalem
892 2570 1043 2597 Franciam
1060 2571 1096 2597 ad
1112 2571 1287 2605 patrandum
1303 2571 1375 2598 illud
1391 2571 1470 2598 circa
1485 2572 1653 2608 Wirziburg
1669 2582 1791 2609 magnae

142 2619 296 2647 occisionis
312 2621 406 2647 scelus
421 2622 461 2656 (c.
480 2622 542 2656 31).
631 2622 661 2656 5)
692 2622 720 2649 V.
735 2622 830 2656 praef.
845 2631 876 2657 p.
896 2622 964 2649 177.
1053 2622 1082 2657 6)
1105 2622 1171 2648 Post
1187 2623 1321 2657 synodum
1338 2624 1595 2658 Illoquntiacensem
1613 2628 1636 2650 et
1647 2628 1712 2659 post
1729 2635 1791 2652 con-

142 2674 248 2698 ventum
270 2672 302 2698 in
323 2673 383 2699 loeo
400 2673 572 2707 Gerscunyen
595 2677 688 2700 actum
710 2673 764 2709 (cs.
781 2683 804 2700 c.
825 2674 873 2708 19)
896 2682 1000 2707 moqna
1016 2674 1192 2700 commutatio
1208 2674 1381 2701 voluntatum
1404 2676 1481 2708 apud
1496 2676 1623 2702 Saxones
1641 2676 1725 2709 faeta
1743 2680 1790 2708 est,

141 2731 213 2758 quae
227 2733 282 2750 uon
296 2724 385 2750 solum
398 2733 449 2758 per
464 2724 592 2751 abbatem
607 2725 798 2758 Hersfeldiae,
821 2726 870 2751 ced
885 2725 968 2752 etiam
981 2734 1033 2759 per
1048 2725 1169 2752 Udonem
1185 2726 1475 2753 Hizdinisheimensem
1495 2728 1662 2761 episcopum,
1686 2728 1719 2753 de
1739 2737 1791 2762 quo

142 2782 230 2808 cupra
245 2784 268 2802 c.
289 2775 335 2808 18,
356 2785 388 2810 p.
405 2775 475 2809 235,
492 2776 591 2809 effecta
606 2780 660 2810 est;
685 2776 722 2810 cs.
739 2777 811 2804 Arm.
828 2776 963 2811 Maydeb.
980 2777 1036 2804 SS.
1054 2776 1137 2810 XVI,
1156 2786 1187 2811 p.
1208 2777 1282 2803 177.-
1305 2777 1429 2804 Videres
1444 2781 1512 2804 tunc
1529 2778 1667 2812 temporis
1687 2777 1789 2804 faciem

92 2830 123 2849 ⁵0
144 2824 287 2852 Saxoniae
310 2825 542 2854 irrevocabiliter
564 2827 731 2861 alteratam;
758 2828 895 2854 Ber-rioldi
911 2828 974 2856 clar.
992 2828 1062 2860 (SS.
1081 2828 1111 2861 V,
1130 2837 1160 2862 p.
1179 2828 1272 2862 444);
1295 2829 1402 2856 Ekkeh.
1422 2830 1486 2857 Chr.
1502 2829 1573 2864 (SS.
1595 2829 1640 2862 Vl,
1660 2838 1691 2863 p.
1706 2829 1790 2862 205).

217 2879 314 2905 Liboni
335 2881 368 2906 do
387 2881 442 2906 lite.
475 2881 511 2906 11.
1525 2885 1558 2907 32

1816 560 1845 579 ef.
1860 560 1939 579 Manu.

1816 590 1836 613 5,
1848 590 1873 608 ιε
1893 591 1927 608 20.

1818 680 1868 698 (jen
1887 680 1907 701 9,
1918 680 1938 697 6.

1817 769 1844 787 cf.
1855 769 1922 788 Dent.

1834 800 1866 817 12.
1878 799 1913 819 ¹23.

1818 974 1860 993 Gal
1881 975 1901 994 Ξ).

1820 1005 1912 1023 iit-21.
