2132 3067
114 710 141 729 10

113 968 140 987 1⁵

112 1229 139 1248 20

111 1487 139 1506 25

111 1744 138 1764 80

109 2043 136 2063 ³5

108 2301 137 2319 40

590 143 640 169 DE
662 143 835 170 UNITATE
858 143 1068 170 ECCLESIAE
1092 143 1386 170 CONSERVANDA.
1753 140 1815 171 ‘235

164 232 234 270 dus,
258 237 325 263 tum
350 231 480 274 quidem
505 232 614 263 intulit
631 233 842 263 XVerinherus
861 232 1139 273 Merseburgensis
1163 231 1319 264 ccclesiae
1343 233 1525 274 episcopus,
1550 232 1604 263 ubi
1628 233 1660 263 in
1686 233 1815 264 canoni-

165 283 223 314 bus
247 284 404 325 scriptum
429 289 513 315 esset
535 283 658 326 aliquid
682 284 841 315 eiusmodi
863 283 903 315 de
927 283 1160 314 mulieribus‘?¹
1202 284 1243 314 Et
1258 283 1444 315 XVezelinus
1461 283 1727 326 archiepiscopus
1745 295 1816 326 por-

162 336 270 376 rigens
294 336 340 366 cis
362 334 496 366 librum:
520 335 634 375 ‘Ecce',
659 336 771 378 inquit,
796 335 868 377 ‘ipsi
891 334 988 376 legite
1007 346 1208 376 consequens
1224 335 1318 366 huius
1335 336 1379 366 rei
1398 337 1628 376 testimonium,
1653 335 1814 378 quomodo

162 386 237 417 huic
260 397 389 429 quoque
413 387 508 417 sexui
531 393 678 428 oporteat
700 388 820 418 iustum
844 386 998 417 iudicium
1020 387 1099 425 fieri,
1123 392 1155 417 et
1170 387 1332 429 quomodo
1350 399 1389 418 ne
1406 387 1520 418 mulier
1543 387 1673 429 quidem
1699 387 1815 418 debeat

163 439 298 470 obiectis
320 438 527 480 respondere,
551 438 654 469 donee
675 439 879 480 permittatur
902 438 932 469 ei
956 449 1022 468 rem
1044 437 1235 469 familiarem
1252 438 1351 470 libere
1368 439 1489 469 <liutius
1507 439 1694 470 01·dinare'2.
1730 438 1812 469 Tum

163 501 272 521 omnes
295 490 449 521 adversae
474 491 574 532 partis
598 490 742 532 episcopi
766 491 810 520 ita
833 495 907 520 sunt
930 490 1054 520 confusi
1079 496 1110 520 et
1132 491 1176 520 ita
1200 490 1330 531 devicti,
1353 496 1466 521 utnon
1485 490 1648 531 haberent,
1673 490 1750 532 quid
1773 489 1812 520 ad

162 541 240 572 haec
263 541 459 584 respondere
482 548 623 584 possent,
649 547 797 572 manente
820 541 905 582 apud
931 540 1097 572 ecclesiam
1115 541 1177 572 Dei
1198 542 1341 576 victoria,
1366 543 1519 583 quoniam
1543 542 1741 573 obstructum
1766 548 1814 573 est

162 604 197 624 os
220 592 422 635 loquentium
446 594 567 636 iniqua.
613 593 677 624 Sed
702 594 776 624 hinc
800 593 996 624 resonabant
1011 592 1123 623 laudes
1141 592 1223 633 Deo,
1248 593 1333 624 illinc
1349 599 1455 624 autern
1476 600 1545 624 erat
1567 604 1713 624 murmur
1736 593 1813 624 mul-

162 651 212 676 tus
234 646 266 676 in
291 645 387 676 turba
409 644 449 676 de
473 656 620 676 sermone
643 645 707 676 illo.
753 644 892 684 Quidam
915 645 999 675 enim
1023 643 1185 683 dicebant,
1209 645 1300 686 quia:
1324 645 1434 675 Bonus
1452 651 1510 684 est,
1533 645 1585 676 alii
1602 651 1711 676 auten]
1731 645 1812 676 dice-

162 696 252 728 bant:
274 696 357 735 Non,
381 696 439 728 sed
464 697 589 728 seducit
612 697 732 728 turbas.
786 696 880 727 Unde
904 696 988 727 facta
1011 695 1212 727 dissensione
1236 697 1318 727 inter
1341 697 1429 738 ipsos
1453 697 1548 728 etiam
1573 698 1737 738 princi-pes
1760 696 1814 727 ad-

161 758 273 779 versae
297 749 407 790 partis,
431 750 557 780 occisus
581 754 630 779 est
652 747 696 778 ibi
713 747 949 779 Thiederichus
973 758 1092 786 comes,
1117 748 1238 779 habens
1263 749 1294 778 in
1319 749 1470 789 coniugio
1495 759 1636 779 sororem
1656 748 1812 790 Egberthi

161 800 389 839 marchionis&
414 811 510 842 quem
534 811 607 831 cum
631 799 712 831 alter
735 799 980 839 Thiederichus,
1005 811 1080 830 suus
1104 800 1228 831 scilicet
1252 807 1419 841 cognatus,
1445 801 1606 841 coepisset
1629 800 1812 839 defendere,

161 853 285 883 occisus
308 858 355 883 est
379 858 410 883 et
432 852 510 893 ipse.
563 852 606 882 Et
634 862 729 890 certe,
759 851 820 881 nisi
844 851 920 893 fuga
943 852 1116 893 eripuisset
1140 852 1287 883 Udonem
1313 851 1632 883 Hildinisheimensis
1657 852 1812 882 eeclesiae

159 905 348 945 episcopum
372 909 403 934 et
424 903 555 934 fratrem
580 904 648 934 eius
673 903 903 934 Chuonradum
929 904 1090 942 comitem,
1121 904 1184 945 ipsi
1214 904 1335 945 pariter
1363 903 1594 935 occubuissent
1617 914 1674 944 per
1697 914 1811 933 manus

159 956 361 996 operantium
385 955 598 997 iniquitatem,
628 955 682 997 qui
709 955 805 986 ambo
830 954 930 986 multa
953 961 1026 996 post
1050 955 1128 986 haec
1152 956 1236 996 passi
1261 960 1336 986 sunt
1358 957 1495 987 adversa
1519 967 1576 997 per
1599 953 1813 996 provinciales

159 1008 282 1048 patriae
306 1017 393 1048 suae,
424 1007 546 1037 scilicet
570 1007 742 1045 saxoniae,
775 1007 852 1049 quia
880 1005 1051 1038 noluerunt
1073 1008 1190 1038 reverti
1215 1007 1255 1038 ad
1280 1013 1387 1049 partes
1416 1008 1566 1039 factionis
1598 1011 1708 1037 suae⁴.
1760 1005 1811 1036 Ad

159 1064 342 1091 extremum
364 1069 443 1090 vero
467 1060 590 1089 occisus
613 1064 662 1090 est
685 1058 899 1090 Chuonradus
924 1069 1032 1089 comes
1054 1060 1086 1089 in
1111 1059 1241 1100 publico
1266 1058 1398 1100 praelio,
1428 1059 1504 1090 dum
1536 1064 1646 1100 ageret
1669 1058 1714 1089 ibi
1738 1063 1813 1089 stre-

159 1111 305 1142 nuissimi
329 1110 439 1141 militis
464 1110 606 1140 officium
631 1121 689 1152 pro
713 1111 907 1152 imperatore
924 1110 1100 1141 Henricho.
1139 1111 1182 1141 At
1206 1111 1304 1142 frater
1321 1112 1388 1141 eius
1406 1111 1478 1142 Udo
1503 1111 1676 1152 episcopus
1700 1115 1813 1151 captus

159 1168 190 1194 et
213 1162 395 1194 vinculatus
413 1161 454 1193 ab
474 1161 625 1203 Egberdo
650 1162 834 1193 marchione
859 1163 1012 1193 sustinuit
1035 1161 1153 1193 multos
1176 1168 1207 1193 et
1231 1162 1399 1194 diuturnos
1424 1163 1584 1193 cruciatus
1608 1161 1681 1192 ”sub
1706 1167 1813 1203 tyran·
1834 1170 1844 1178 ²
1881 1181 1885 1189 Α

159 1215 232 1245 nica
254 1213 341 1245 illius
364 1213 567 1252 crudelitate,
598 1213 701 1244 donec
723 1214 922 1255 promisisset
951 1213 1177 1244 Hildinisheim
1204 1215 1365 1245 civitatem
1391 1215 1598 1256 episcopatus
1628 1214 1686 1251 sui,
1717 1224 1812 1255 quam

160 1277 216 1307 per
240 1265 358 1297 multos
381 1266 450 1296 dies
472 1265 557 1296 idem
584 1265 725 1296 marchio
750 1271 1007 1307 oppugnaverat,
1031 1277 1064 1296 se
1081 1265 1272 1296 traditurum
1291 1277 1376 1306 esseg
1401 1266 1487 1308 quod
1512 1271 1618 1296 tamen
1643 1275 1706 1296 non
1729 1265 1813 1305 fecit,

159 1317 231 1349 licet
254 1317 306 1348 ille
329 1323 486 1359 tyrannus
510 1318 564 1348 uni
589 1317 629 1348 de
653 1317 736 1348 datis
760 1316 930 1348 obsidibus
953 1324 1050 1359 caput
1073 1318 1233 1359 amputari
1258 1318 1469 1360 praeceperit.

267 1369 314 1401 19.
361 1369 544 1408 Celebrato,
575 1370 658 1400 sicut
688 1369 807 1400 dictum
840 1374 897 1407 est,
929 1375 1087 1399 conventu
1117 1370 1345 1411 episcoporum
1370 1375 1467 1411 atque
1491 1369 1685 1410 principum,
1717 1368 1813 1398 citius

157 1421 308 1452 abierunt
335 1421 485 1452 catholici
509 1433 528 1452 a
551 1420 689 1451 concilio
719 1420 977 1462 malignantium,
1008 1431 1046 1451 ne
1076 1420 1157 1452 forte
1188 1421 1369 1452 inciderent
1400 1422 1432 1451 in
1463 1431 1578 1451 manus
1608 1421 1811 1450 inimicorum

158 1484 306 1513 suorum;
338 1473 455 1515 quibus
485 1474 569 1503 enim
600 1479 779 1514 parcerent,
812 1473 866 1514 qui
889 1473 928 1503 de
953 1483 1083 1502 suorum
1109 1473 1205 1505 caede
1230 1472 1359 1515 quidem
1390 1473 1550 1503 sociorum
1577 1483 1647 1503 sese
1671 1483 1734 1502 non
1759 1471 1812 1502 ab·

157 1524 368 1556 stinuissent‘?
421 1524 484 1556 Sed
510 1523 559 1555 his
583 1524 626 1554 ita
649 1525 758 1564 gestis,
788 1523 906 1554 deinde
935 1523 1057 1555 indicta
1087 1531 1134 1556 est
1165 1525 1308 1566 synodus
1332 1524 1418 1566 apud
1444 1523 1646 1565 Moguntiam
1672 1523 1813 1554 secunda

157 1575 381 1608 hebdomadas
410 1581 485 1618 post
515 1575 636 1617 pascha
666 1575 839 1607 secundum
873 1577 1134 1607 constitutionem
1159 1576 1244 1607 sedis
1267 1576 1474 1618 apostolicae,
1506 1576 1561 1606 ubi
1593 1581 1813 1606 convenerunt

157 1639 230 1659 cum
254 1629 449 1670 imperatore
473 1627 570 1668 legati
598 1629 702 1669 ipsius
732 1633 957 1658 sacrosanctae
987 1627 1073 1658 sedis
1103 1627 1310 1670 apostolicae,
1342 1628 1456 1659 Petrus
1489 1626 1611 1659 scilicet
1640 1628 1811 1669 episcopus

158 1680 346 1711 Portuensis
371 1679 524 1711 ecclesiae
548 1686 578 1711 et
602 1680 666 1710 duo
691 1679 870 1710 cardinales
886 1679 1051 1711 Romanae
1068 1679 1233 1711 ecclesiae.
1273 1679 1395 1711 Aderat
1410 1680 1506 1711 etiam
1525 1680 1667 1710 omnium
1689 1680 1812 1720 episco-

158 1742 271 1773 porum
295 1742 469 1763 consensus
494 1732 561 1762 sive
585 1731 625 1763 de
642 1731 757 1762 Italia⁶
782 1732 849 1762 sive
873 1731 912 1762 de
930 1731 1046 1772 Gallia,
1071 1732 1102 1762 in
1127 1742 1262 1774 quorum
1287 1731 1417 1762 alternis
1442 1730 1596 1762 cordibus
1620 1731 1700 1762 vivit
1722 1731 1812 1772 spiri-

157 1783 230 1814 talis
253 1794 344 1815 amor
367 1789 397 1815 et
419 1784 533 1825 gratia,
565 1783 604 1814 de
629 1782 780 1825 qualibus
806 1783 920 1815 scribit
942 1790 1075 1815 sanctus
1099 1783 1282 1825 Cyprianus
1311 1785 1524 1825 episcopus⁷:
1561 1783 1732 1822 Um'tatem,
1764 1784 1809 1813 in-

266 1880 295 1917 1)
319 1881 400 1908 Haec
422 1882 548 1916 quaestio
573 1890 590 1907 a
611 1881 755 1907 Walramo
775 1885 838 1914 post
863 1885 984 1907 eventum
1004 1881 1073 1914 ficta
1098 1882 1209 1908 videtur
1231 1890 1297 1909 esse.
1343 1881 1441 1914 Maqz's
1463 1881 1643 1915 probandum
1667 1884 1713 1913 est,
1738 1881 1811 1914 quod

157 1933 229 1959 Anu.
253 1933 388 1968 Maqdeb.
416 1934 530 1959 habent.-
561 1932 727 1967 Capitolum
757 1932 813 1959 hoc
844 1941 898 1959 nec
928 1932 1132 1959 universaliter
1162 1940 1260 1958 verum
1292 1932 1361 1963 (SS.
1387 1932 1470 1964 XVI,
1495 1941 1525 1966 p.
1554 1931 1637 1965 176).
1690 1931 1810 1965 [Fusius

157 1985 191 2011 de
218 1985 272 2011 hac
300 1993 330 2010 re
357 1985 413 2019 eqit
435 1984 479 2011 M.
495 1984 619 2011 Sdralek
640 1984 659 2010 l.
676 1984 695 2010 l.
715 1993 746 2018 p.
765 1984 782 2010 4
805 1984 892 2019 sqq-J.
1014 1983 1043 2017 2)
1069 1983 1112 2016 Cf.
1138 1983 1314 2010 Pseudoisid.
1339 1983 1447 2016 Pmes„
1471 1983 1514 2009 ed.
1539 1983 1693 2009 Hinechz'us
1713 1993 1742 2017 p.
1762 1983 1809 2009 18.

157 2036 237 2069 [Lib.
262 2045 324 2062 can.
349 2045 373 2062 c.
399 2035 464 2070 13].
564 2036 593 2070 3)
617 2036 800 2069 Gertrudem5
823 2035 861 2068 cf.
885 2036 988 2064 Amzaz.
1012 2035 1083 2063 Sum.
1109 2045 1136 2062 α.
1164 2035 1251 2067 1056,
1278 2035 1333 2061 SS.
1357 2035 1402 2067 1‘1’,
1422 2044 1453 2069 p.
1473 2035 1542 2060 691.
1653 2035 1682 2069 4)
1706 2037 1810 2061 Auctor

157 2090 249 2113 noster
271 2087 346 2113 solus
368 2096 401 2113 ea:
425 2087 548 2113 omnibus
571 2087 756 2121 scriptoribus
783 2086 896 2113 illorum
926 2091 1075 2121 temporum
1105 2095 1150 2113 res
1179 2087 1207 2112 in
1237 2087 1286 2113 illo
1315 2089 1450 2112 conventu
1471 2089 1564 2120 gestas
1587 2087 1624 2112 ad
1646 2086 1808 2112 sententiam

155 2138 335 2174 imperatoris
357 2142 467 2170 narrat,
492 2139 604 2172 eiusque
628 2138 719 2164 verbis
742 2138 866 2164 maxima
883 2138 956 2172 fides
979 2138 1107 2165 habenda
1131 2142 1169 2164 est
1188 2142 1352 2173 propterea,
1376 2138 1450 2171 quod
1472 2138 1533 2172 ipse
1555 2139 1703 2163 conventui
1723 2138 1807 2164 inter-

151 2190 246 2223 fuisse
274 2190 394 2222 videtur,
427 2194 451 2216 et
480 2191 553 2223 quod
581 2189 640 2216 eius
668 2191 750 2215 unius
779 2189 866 2216 verba
894 2199 947 2215 71071
972 2193 1102 2224 pugnant
1132 2199 1192 2216 cum
1218 2189 1301 2216 rebus
1329 2198 1401 2224 qnae
1427 2193 1588 2216 conventum
1614 2189 1807 2223 sequebantur.

157 2242 233 2268 Nam
255 2251 309 2274 eos,
339 2242 387 2276 qui
409 2243 443 2268 ab
467 2241 636 2276 imperatore
658 2241 778 2274 stabant,
808 2250 860 2267 non
889 2245 946 2268 tam
975 2241 1081 2268 cladem
1111 2241 1253 2276 accepisse
1275 2250 1357 2276 quam
1381 2241 1527 2267 victoriam
1550 2241 1578 2266 in
1602 2240 1651 2266 illo
1675 2244 1808 2266 conventu

156 2296 315 2328 reportasse
343 2296 462 2327 apparet
491 2293 535 2320 vel
564 2293 643 2326 inde,
678 2293 751 2326 quod
780 2302 829 2319 uec
861 2293 920 2319 Udo
951 2293 1063 2327 eiusque
1086 2293 1184 2326 frater
1213 2303 1262 2319 nec
1292 2297 1406 2327 uterque
1441 2292 1622 2319 Thiederz'eus
1649 2293 1688 2318 ad
1711 2295 1810 2326 parles

151 2345 291 2378 factionis
320 2354 388 2371 suae
414 2345 519 2371 reuerti
544 2344 699 2372 voluerunt.
754 2344 871 2370 Praeter
898 2345 1068 2371 Πάἶνατηιιηι
1101 2345 1134 2371 de
1164 2345 1217 2371 hae
1246 2354 1278 2371 re
1307 2344 1344 2377 cf.
1368 2345 1440 2372 Arm.
1465 2344 1601 2378 Maydeb.
1631 2343 1700 2377 (SS.
1726 2344 1808 2373 XVI,

153 2406 185 2430 p.
213 2397 281 2423 176.
309 2397 390 2431 177),
421 2397 493 2422 Ami.
517 2396 589 2423 Sax.
617 2396 688 2428 (SS.
711 2395 759 2427 Vl,
785 2405 816 2430 p.
843 2396 913 2423 721.
938 2396 1022 2431 7⁴22),
1050 2396 1157 2422 Ekkelz.
1190 2396 1254 2423 Chr.
1285 2396 1355 2425 (SS.
1378 2396 1424 2429 1⁷1,
1444 2405 1475 2430 p.
1494 2395 1578 2430 206).
1630 2395 1674 2428 Cf.
1698 2395 1808 2428 Herkte,

158 2447 411 2482 ‘Concitz'enyesclzss
439 2448 496 2480 (ed.
521 2449 552 2481 2)
582 2447 612 2480 V,
640 2457 672 2482 p.
699 2448 768 2474 178.
799 2451 823 2473 et
854 2447 1093 2474 ‘Rundsvhreiben
1128 2448 1176 2474 cles
1207 2448 1385 2482 ptipstliclten
1418 2449 1541 2482 Leyaten
1576 2446 1637 2473 Otto
1671 2457 1697 2473 v.
1731 2446 1808 2472 Ostia

159 2499 241 2526 Febr.
268 2499 356 2526 1085'
379 2499 457 2534 apud
479 2498 664 2531 GiesebrecM,
688 2497 800 2526 ‘Gesclz.
823 2499 873 2525 der
896 2499 1018 2526 deutsch.
1042 2499 1206 2526 Kaiserzeic'
1230 2499 1289 2532 III,
1311 2509 1340 2533 p.
1360 2499 1450 2526 1248.
1572 2498 1600 2532 5)
1628 2498 1671 2531 Cf.
1696 2499 1730 2524 de
1758 2498 1810 2524 lzac

111 2557 139 2576 45
157 2552 261 2584 synodo
285 2551 389 2579 Ekkeh.
415 2551 479 2577 Chr.
503 2550 572 2582 (SS.
597 2550 643 2583 VI,
668 2559 699 2584 p.
724 2550 807 2584 205),
837 2551 976 2576 Bernoldi
999 2550 1064 2578 Chr.
1088 2551 1157 2585 (SS.
1181 2550 1211 2584 V,
1238 2560 1268 2585 p.
1294 2550 1379 2584 443),
1410 2550 1550 2585 Sigyeberti
1574 2550 1638 2576 Chr.
1668 2549 1738 2583 (Ss'.
1762 2549 1808 2575 VJ.

154 2610 186 2635 p.
203 2602 286 2636 365).
376 2602 405 2636 6)
429 2601 474 2634 Cf.
498 2602 604 2628 Eklceh.
627 2602 646 2629 l.
665 2602 700 2628 l..·
724 2601 859 2636 Synodus
882 2601 1051 2636 Mogontiae
1075 2601 1209 2635 habetur,
1234 2602 1280 2628 cui
1304 2601 1436 2628 interfuit
1458 2601 1626 2636 imperator,
1651 2600 1700 2626 ubi
1724 2609 1806 2634 praev

159 2653 289 2679 sentibus
317 2652 422 2688 legatis
444 2653 640 2679 Romanorum
670 2661 770 2679 omnes
802 2652 933 2687 episcopi
965 2652 1090 2679 rebelles
1119 2653 1289 2688 imperatori
1319 2653 1486 2687 deponendi
1514 2653 1688 2685 iudicantur,
1719 2651 1805 2676 veteri

159 2712 226 2730 vero
251 2704 445 2738 anathemate,
474 2708 506 2730 ut
528 2704 692 2738 videbatur,
723 2704 984 2738 condempnantur.
1035 2704 1082 2730 Ibi
1110 2705 1197 2731 etiam
1225 2704 1369 2731 communi
1397 2712 1541 2730 consensu
1569 2707 1655 2738 atquc
1685 2702 1805 2729 consilio

160 2755 316 2782 constituta
349 2759 394 2782 est
425 2764 482 2791 pax
514 2755 580 2782 Dei.
635 2756 709 2782 Eius
735 2756 821 2791 pacis
853 2756 927 2790 (LL.
955 2755 997 2791 Il,
1023 2765 1055 2790 p.
1079 2756 1132 2791 55)
1168 2756 1328 2783 Walramus
1360 2764 1496 2790 nusquam
1532 2755 1692 2781 mentionem
1721 2754 1806 2786 facit.

111 2813 140 2832 ⁵0
162 2806 188 2840 7)
213 2807 259 2834 De
281 2807 381 2834 cathol.
405 2808 472 2834 eccl.
495 2808 602 2834 unitate
625 2809 638 2839 ἓ
663 2808 691 2841 4,
718 2807 789 2842 Opp.
810 2817 842 2842 p.
860 2807 931 2835 ⁶213.

1520 2861 1571 2884 30*

1836 604 1902 623 cfiPs.
1912 604 1976 624 62,Ιὲ

1835 657 1957 680 1011.7‚1>.›.

1836 1068 1899 1087 1085.

1832 1376 1890 1400 (XX)
