2132 3067
43 722 68 741 1⁰

41 979 68 998 15

41 1237 68 1255 2⁰

41 1495 67 1514 25

41 1753 68 1771 30

41 2009 68 2029 ³⁵

40 2267 71 2287 40

44 2548 71 2567 ⁴5

43 2827 71 2847 50

509 157 560 182 DE
584 155 756 183 UNITATE
778 157 987 185 ECCLESIAE
1010 158 1306 186 CONSERVANDA.
1672 158 1733 189 229

89 256 147 276 nec
170 245 202 275 in
224 244 332 275 Gestis
357 245 595 286 pontificalibus
619 257 677 276 nec
700 246 731 276 in
756 245 896 276 historiis
920 247 1091 286 invenitur,
1115 247 1170 278 ubi
1195 253 1316 279 tantum
1340 248 1458 290 legitur
1469 256 1489 288 ¹,
1516 250 1599 291 quod
1619 249 1737 292 Philip-

87 302 169 338 pusa
193 295 380 338 supradicto
404 308 507 338 papae
531 297 640 328 literas
664 298 756 338 pravi
780 297 941 338 dogmatis
967 298 1131 338 direxerit,
1156 310 1235 341 quas
1260 299 1310 330 ille
1335 312 1407 331 cum
1432 301 1629 342 apostolicae
1653 301 1737 332 sedis

87 348 221 379 concilio
245 349 377 389 respuit.
422 348 613 390 Philippusa
638 349 758 390 quippe
782 354 910 390 praeter
938 349 979 388 id,
1012 350 1098 391 quod
1130 356 1241 381 contra
1265 351 1477 383 Iustinianum
1508 354 1735 395 imperatorem

87 411 220 440 regnum
245 399 381 441 adeptus
407 406 465 438 est,
497 401 656 431 hereticus
681 412 750 431 esse
774 401 928 442 probatus
952 407 1013 440 est3
1045 401 1148 442 qualis
1177 402 1239 432 iam
1265 403 1424 435 iudicatus
1449 411 1505 445 est,
1538 405 1627 435 iuxta
1652 405 1736 446 quod

88 452 182 482 etiam
208 451 356 482 Gelasius
378 462 463 493 papa
486 452 615 483 scribit:
650 452 775 491 Nostri,
799 453 946 494 iuquiens
959 458 979 491 ²,
1007 454 1148 484 7naiores
1173 459 1304 485 auctore
1328 455 1496 487 cuiuslibet
1523 458 1676 487 insaniae
1700 469 1738 487 uc

86 504 214 544 pariter
237 515 347 534 errore
370 503 527 535 damnato
552 504 703 544 sufficere
729 504 932 543 iudicarunt,
957 509 991 534 ut
1014 505 1184 545 qm'squz'sb
1203 505 1382 547 aliquando
1401 507 1500 538 leuius
1516 510 1639 539 erraris
1657 520 1736 538 com-

88 555 273 586 municator
295 555 454 595 eoeisteret,
482 554 670 596 principali
692 557 852 586 sententia
877 556 1103 587 damnationis
1127 558 1196 587 eius
1221 563 1298 588 esse(
1322 558 1500 589 obstrictus.
1554 559 1630 590 Post
1660 560 1738 590 haec

88 605 262 637 introducit
290 605 455 636 historiam
487 606 527 637 de
559 618 633 647 rege
661 605 847 637 Hildericho
859 612 881 645 ¹³,
913 606 953 637 de
978 618 1041 648 quo
1066 608 1142 638 satis
1166 608 1287 639 dietum
1312 615 1359 640 est
1383 609 1414 639 in
1439 611 1597 651 superiori
1623 609 1704 641 libro
1717 616 1737 651 ³,

87 657 172 699 apud
196 668 289 699 quem
314 668 372 688 nec
396 658 486 698 regia
510 662 653 699 potestas
681 669 740 689 nec
763 658 940 699 imperialis
969 660 1145 690 auctoritas
1177 671 1247 690 esse
1277 660 1442 701 probatur,
1474 661 1612 703 ideoque
1645 662 1738 692 huius

89 708 228 750 exempli
253 709 470 740 controversia
493 720 511 740 a
533 710 627 741 nobis
650 709 852 751 reprobatur.
899 710 1054 751 Sequitur
1077 717 1194 749 autem,
1219 711 1305 754 quod
1330 712 1475 743 Adriano
1500 724 1585 755 papa
1608 713 1738 744 iubente

89 759 224 792 Carolus
247 759 475 791 Desideriumd
506 772 615 802 regem
649 772 721 792 cum
745 761 810 792 filio
834 762 902 791 eius
927 761 1083 803 Adalgiso
1113 762 1226 794 Italiae
1257 775 1356 805 regno
1388 765 1563 805 privaverit
1594 771 1623 796 ct
1653 765 1738 795 solus

88 811 214 844 Italiam
239 823 310 843 cum
330 813 469 843 Francia
492 814 676 854 optinuerit.
722 812 816 844 Certe
833 813 923 844 Deus
941 813 1159 844 Romanorum
1185 817 1390 856 praeparavit
1413 827 1558 857 regnum,
1584 822 1618 847 ut
1641 817 1685 848 ibi
1710 823 1740 847 et

89 863 229 895 ecclesia
259 869 289 895 et
317 865 487 905 imperium
518 864 652 896 haberet
680 865 915 906 principatum,
947 864 1021 896 huic
1052 865 1182 896 divinae
1206 865 1401 898 ordinationi
1431 869 1485 909 qui
1509 868 1638 907 resistit,
1668 868 1738 899 Deo

88 917 217 947 resistit.
268 915 356 957 Ergo
382 915 594 947 Desideriusd
620 923 731 947 contra
756 916 933 947 Romanam
959 928 1024 948 rem
1050 916 1213 958 publicam
1240 917 1334 948 simul
1364 925 1395 949 et
1424 925 1536 950 contra
1560 919 1737 950 Romanam

88 967 257 999 ecclesiam
290 968 456 1009 pugnavit,
488 968 626 1010 ideoque
658 979 714 999 rex
746 968 815 1009 ipse
848 968 1139 1010 Longobardorum
1171 980 1228 1010 per
1259 969 1461 1010 tyrannidem
1495 976 1607 1001 contra
1630 971 1737 1002 Deum

87 1020 239 1050 surrexit.
284 1019 389 1049 Huius
412 1020 458 1050 rei
482 1021 587 1061 gratia
610 1019 773 1050 Adrianus
798 1031 882 1062 papa
906 1021 1033 1052 vocavit
1050 1020 1201 1051 Carolum
1227 1022 1258 1051 in
1283 1021 1439 1052 auxilium
1465 1028 1496 1053 ct
1519 1022 1737 1053 defensionem

88 1071 242 1103 ecelesiae
265 1071 386 1113 pariter
409 1077 440 1102 et
463 1072 508 1103 rei
532 1071 692 1113 publicae,
717 1082 788 1102 cum
814 1073 918 1113 ⁸pater
942 1083 1070 1114 quoque
1090 1072 1191 1114 ipsius
1209 1073 1368 1114 Pippinus
1393 1084 1449 1104 rex
1474 1074 1536 1104 iam
1561 1074 1740 1115 accepisset
1761 1082 1769 1090 ‘

88 1123 290 1165 patriciatum
316 1122 461 1153 eiusdem
485 1123 650 1154 Romanae
674 1124 718 1154 rei
744 1123 904 1165 publicae.
962 1123 1025 1155 Sed
1052 1123 1187 1155 Carolus
1217 1135 1288 1155 cum
1322 1136 1438 1166 magna
1470 1125 1660 1156 difficultate
1691 1125 1739 1156 vel

88 1175 209 1206 itineris
233 1174 282 1206 vel
305 1173 380 1205 belli
404 1174 637 1206 Desideriumd
661 1176 791 1216 subegit
814 1182 845 1206 et
868 1181 1024 1216 perpetuo
1049 1175 1146 1207 exilio
1170 1175 1338 1207 damnavit
1362 1177 1528 1218 filiumque
1553 1177 1621 1207 eius
1644 1176 1739 1208 Adal-

88 1227 204 1268 gisum,
235 1227 268 1257 in
292 1237 388 1268 quem
413 1237 488 1268 spes
511 1231 664 1268 paternae
689 1226 869 1268 tyrannidis
893 1226 1048 1258 inclinata
1071 1227 1252 1267 videbatur,
1276 1228 1315 1259 de
1341 1227 1432 1259 Italia
1456 1228 1591 1270 expulit,
1624 1234 1654 1259 et
1676 1229 1734 1259 Ro·

88 1278 189 1309 manis
212 1283 309 1320 atque
329 1278 473 1309 Adriano
499 1279 661 1310 Romanae
685 1279 839 1310 ecclesiae
862 1279 978 1309 rectori
1002 1290 1052 1310 res
1076 1290 1150 1310 suas
1174 1280 1323 1320 restituit,
1348 1291 1428 1322 quas
1453 1279 1576 1311 hostilis
1600 1281 1740 1311 incursio

87 1329 272 1371 abstulerat,
297 1331 378 1361 sicut
401 1329 483 1361 liber
507 1329 546 1360 de
569 1331 670 1372 gestis
694 1331 795 1372 ipsius
812 1329 918 1361 Caroli
943 1330 1066 1362 indicat
1076 1337 1097 1362 ⁴.
1137 1331 1214 1362 Post
1236 1331 1314 1362 haec
1329 1332 1424 1362 etiam
1443 1333 1589 1374 sequitur
1605 1337 1635 1363 et
1651 1331 1739 1372 dicit,

88 1381 174 1424 quod
192 1382 378 1413 Lotharium
395 1381 548 1413 Nicolaus
572 1393 657 1424 papa
681 1383 720 1412 ad
746 1381 961 1413 obediendum
986 1383 1159 1414 canonicae
1183 1382 1247 1425 legi
1271 1384 1421 1425 coegerit,
1446 1388 1477 1414 et
1501 1384 1620 1414 invicta
1643 1389 1738 1414 teme—

87 1434 180 1465 ritate
204 1433 366 1464 Adrianus
390 1433 604 1464 damnaverit.
651 1433 746 1465 Certe
769 1444 832 1464 non
857 1433 1023 1465 damnavit
1043 1433 1230 1465 Lotharium
1255 1446 1363 1476 regem
1390 1435 1562 1476 Adrianus,
1587 1435 1642 1466 sed
1667 1441 1740 1476 post

89 1486 225 1527 primam
250 1492 280 1517 et
303 1485 479 1516 secundam
505 1485 742 1527 correptionem
767 1496 824 1526 pro
849 1486 981 1516 crimine
1004 1485 1164 1526 adulterii,
1196 1497 1258 1528 quo
1289 1486 1417 1528 publice
1442 1498 1575 1528 regnum
1600 1487 1739 1518 macula-

86 1542 184 1576 verat,
208 1537 385 1579 persistens
408 1537 515 1568 adhue
532 1537 563 1567 in
581 1536 729 1567 sordibus
753 1536 888 1579 deliquit
909 1538 979 1579 ipse
996 1538 1088 1568 iuxta
1105 1539 1296 1569 sententiam
1314 1538 1451 1580 apostoli
1469 1539 1601 1581 proprio
1618 1539 1738 1569 iudicio

87 1588 329 1628 condemnatus,
357 1589 521 1631 quoniam,
551 1599 623 1619 cum
653 1588 693 1619 de
717 1600 814 1620 manu
838 1590 940 1631 ipsius
964 1589 1125 1631 pontificis
1147 1589 1189 1620 ad
1213 1589 1509 1632 comprobationem
1536 1591 1738 1622 innocentiae

87 1651 164 1671 suae
188 1651 304 1683 corpus
326 1646 358 1672 et
380 1641 569 1682 sanguinem
593 1640 727 1672 Domini
751 1652 824 1672 reus
848 1642 997 1683 accipere
1021 1652 1084 1672 non
1108 1641 1279 1682 timuisset,
1305 1641 1460 1672 iudicium
1484 1643 1545 1673 sibi
1569 1642 1737 1673 manduca-

87 1692 134 1723 vit
156 1697 188 1723 et
210 1691 292 1723 bibit
314 1692 451 1734 ideoque
475 1692 577 1723 Roma
607 1704 758 1734 egressus
789 1693 885 1734 paulo
914 1698 987 1734 post
1009 1693 1041 1723 in
1066 1693 1196 1724 civitate
1218 1693 1385 1725 Placentia
1409 1694 1520 1725 obiit⁵.
1572 1693 1620 1724 Eo
1643 1694 1737 1725 etiam

88 1743 184 1775 modo
202 1743 402 1775 Heriberdus
425 1755 493 1785 rex,
516 1744 615 1775 frater
631 1743 795 1786 Sigiberdi
819 1745 904 1786 regis
920 1744 1130 1784 Francorum,
1154 1745 1216 1776 Dei
1238 1745 1359 1776 iudicio
1377 1756 1550 1787 percussus
1574 1751 1630 1784 est,
1654 1751 1738 1787 post·

87 1806 183 1837 quam
207 1806 226 1826 a
249 1801 361 1827 sancto
385 1795 548 1827 Germano
572 1796 804 1827 Parrhisiensis
828 1795 982 1827 ecclesiae
1012 1797 1164 1838 episcopo
1189 1802 1321 1838 propter
1345 1796 1425 1827 duas
1449 1807 1585 1836 sorores,
1616 1796 1738 1838 puellas

87 1846 210 1878 scilicet
232 1846 403 1879 derelictae
425 1849 565 1889 reginae,
589 1858 668 1890 quas
692 1859 751 1889 pro
774 1847 919 1889 legitimo
945 1849 1095 1889 coniugio
1116 1856 1286 1889 acceperat
1310 1848 1342 1878 in
1365 1859 1494 1888 uxores,
1518 1848 1738 1878 excommuni-

88 1904 176 1930 catus
206 1905 285 1930 est⁶.
343 1899 414 1930 Hae
443 1906 518 1931 sunt
549 1899 711 1939 historiae,
742 1911 798 1941 per
830 1911 908 1942 quas
940 1901 1089 1930 aestimat
1119 1905 1198 1930 nos‘3
1222 1899 1330 1930 induci
1362 1910 1468 1941 posse,
1496 1906 1530 1930 ut
1559 1899 1738 1937 credamus,

89 1949 287 1981 Henriehum
304 1951 374 1981 iure
391 1963 411 1982 a
427 1950 586 1993 Gregorio
611 1951 798 1982 damnatum
825 1963 895 1982 esse
919 1957 949 1982 et
973 1951 1091 1982 exhinc
1116 1951 1282 1992 indignum
1309 1961 1379 1982 eum
1405 1961 1474 1981 esse
1498 1952 1586 1992 regio
1609 1951 1737 1981 nomine

87 2007 120 2033 et
147 2003 236 2043 regia
264 2007 433 2044 potestate,
463 2013 536 2034 cum
569 2014 632 2034 non
663 2003 843 2044 legeremus
874 2014 1058 2045 quenquam
1083 2002 1122 2033 de
1146 2003 1266 2033 sanctis
1298 2001 1444 2044 patribus
1467 2002 1527 2033 sibi
1551 2002 1672 2044 aliquid
1698 2002 1736 2034 de

86 2054 176 2095 regni
199 2054 336 2094 negotiis
360 2064 526 2096 usurpare.
571 2054 647 2086 Non
671 2060 715 2086 est
738 2056 853 2096 iyitur,
877 2056 990 2097 inquit,
1014 2066 1131 2086 novum
1149 2054 1196 2085 vel
1212 2053 1449 2085 ecclesiasticae
1471 2053 1536 2095 ὄρθι’
1559 2054 1737 2085 indebitum

86 2117 177 2147 reyes
200 2106 379 2147 apostolico
403 2105 541 2144 obedire,
565 2118 629 2138 72072
654 2106 834 2138 obedientes
859 2107 1061 2137 anathemati
1084 2107 1260 2137 subiacere.
1299 2104 1394 2136 Certe
1412 2105 1565 2136 obediens
1589 2110 1657 2136 erat
1679 2116 1735 2136 rex

88 2155 269 2188 Henrichus
293 2156 488 2198 apostolicae
511 2158 705 2196 auctoritati,
736 2158 865 2199 quando
889 2158 1081 2200 promiserat
1103 2157 1143 2188 ad
1169 2158 1286 2197 omnia,
1312 2167 1393 2198 quae
1416 2157 1500 2187 iusta
1523 2162 1639 2195 essent,
1664 2168 1736 2188 con-

88 2218 216 2239 sensum
240 2208 394 2250 praebere
414 2209 559 2241 Romano
583 2210 739 2251 pontifici,
764 2209 892 2251 quando
916 2211 1012 2240 etiam
1037 2209 1185 2251 deposito
1209 2208 1296 2239 cultu
1321 2209 1410 2249 regio
1434 2214 1464 2239 et
1488 2207 1599 2239 habitu
1617 2209 1737 2250 suppli-

88 2270 157 2290 cem
180 2270 238 2301 per
261 2261 368 2291 omnia
390 2271 428 2291 ac
452 2262 668 2302 poenitentem
694 2261 845 2302 proiectis
870 2260 973 2302 culpis
998 2272 1066 2292 sese
1084 2259 1308 2291 Hildebrando
1333 2259 1448 2302 optulit
1464 2271 1522 2291 nec
1539 2261 1628 2302 prius
1652 2261 1737 2290 omni

88 2310 191 2342 officio
221 2311 410 2343 humilitatis
441 2313 587 2355 impenso
619 2312 751 2352 destitit,
782 2313 886 2344 donec
917 2314 948 2344 in
978 2313 1114 2354 gratiam
1146 2323 1218 2343 cum
1248 2322 1334 2354 papa
1358 2312 1453 2343 rediit
1476 2319 1506 2343 et
1528 2312 1567 2343 ad
1592 2323 1736 2353 compro-

89 2362 229 2393 bandum
261 2363 499 2395 ecclesiasticae
531 2364 802 2396 reconciliationis
833 2366 1052 2396 testimonium
1084 2375 1208 2395 sacram
1241 2364 1497 2395 communionem
1531 2365 1674 2405 corporis
1706 2370 1737 2394 et

89 2415 254 2456 sanguinis
273 2415 404 2446 Domini
429 2415 468 2446 de
493 2427 589 2446 manu
614 2417 682 2447 eius
707 2417 864 2458 accepit⁷‚
889 2427 1031 2447 mensam
1057 2427 1129 2446 cum
1156 2416 1226 2457 ipso
1247 2426 1331 2457 papa
1347 2415 1426 2447 adiit
1441 2427 1478 2446 ac
1496 2415 1612 2446 deinde
1630 2415 1736 2446 dimis-

89 2476 143 2496 sus
167 2472 216 2497 est
238 2467 270 2497 in
294 2478 384 2508 pace,
409 2467 535 2510 qualem
561 2467 682 2499 scilicet
705 2478 817 2510 pacem
843 2467 941 2498 Iudas
966 2467 1140 2508 simulavit,
1172 2478 1234 2498 non
1267 2467 1392 2510 qualem
1419 2467 1566 2498 Christus
1597 2467 1736 2508 reliquit.

199 2549 226 2579 a)
247 2549 411 2581 Philippicas
431 2549 463 2574 L.
479 2555 555 2581 pont.
643 2551 671 2581 b)
693 2552 802 2582 quisque.
826 2551 848 2575 1.
935 2552 959 2581 c)
980 2549 1080 2582 hyldcr.
1106 2551 1127 2574 1.
1218 2550 1246 2577 (Γ)
1268 2549 1389 2581 desyden
1415 2552 1435 2574 1.
1525 2559 1548 2579 ρ)
1569 2549 1605 2573 ita
1627 2550 1735 2581 μνῆμά,-

90 2595 259 2619 aestimamus
283 2597 305 2619 1.

199 2669 225 2703 l)
250 2670 333 2695 Liber
350 2670 456 2704 pontzf.
473 2670 516 2697 ed.
534 2671 681 2698 Duchesne
704 2671 728 2707 I,
750 2680 779 2705 p.
794 2671 863 2696 5391,
932 2671 961 2705 2)
986 2671 1041 2706 Ep.
1060 2671 1108 2703 ⁴26,
1134 2681 1156 2697 c.
1175 2671 1203 2705 2,
1231 2671 1308 2697 Tlcz'el
1330 2671 1354 2704 I,
1374 2680 1404 2704 p.
1419 2670 1489 2697 394.
1556 2670 1586 2705 3)
1613 2671 1641 2697 C'.
1661 2672 1687 2697 2.
1707 2671 1734 2696 3.

91 2718 121 2753 4)
144 2719 290 2747 Einhardi
311 2721 374 2747 Vita
400 2722 497 2748 Caroli
518 2731 542 2749 c.
560 2722 588 2748 6.
661 2720 691 2757 5)
718 2722 762 2755 Cs.
787 2722 886 2757 Reqin.
911 2732 939 2749 (ι.
957 2722 1026 2755 869,
1051 2722 1106 2750 SS.
1124 2723 1148 2756 I,
1170 2732 1199 2756 p.
1218 2723 1289 2751 581.
1364 2722 1392 2755 6)
1418 2722 1461 2755 Cf.
1486 2724 1605 2756 (ἔνεμον.
1633 2722 1733 2750 Taren,

91 2770 110 2797 l.
126 2770 179 2803 IV,
203 2781 227 2798 c.
243 2772 293 2799 26.
336 2773 417 2806 [Hoc
441 2774 592 2807 exemplum
616 2773 645 2799 in
669 2773 755 2799 Libro
780 2783 916 2800 canonum
939 2783 993 2799 ‘nou
1016 2774 1072 2800 iam
1097 2774 1216 2808 qui't11r;
1245 2774 1283 2807 cs.
1307 2778 1397 2800 antem
1421 2783 1492 2808 qnae
1515 2774 1650 2799 adnotata
1674 2778 1735 2798 sun!

91 2822 130 2848 ad
152 2822 319 2857 Maneyoldi
341 2833 364 2850 c.
383 2824 433 2855 29,
456 2824 560 2851 Libelli
582 2825 606 2857 I,
625 2834 658 2859 p,
676 2825 746 2858 363,
772 2835 797 2850 η.
817 2825 861 2858 4].
951 2824 979 2859 7)
1002 2825 1066 2858 [Cf.
1091 2826 1201 2858 Errald,
1226 2824 1374 2851 ‘Walram'
1393 2834 1424 2858 p.
1443 2825 1510 2858 56],

1824 1540 1850 1554 ct.

1761 1565 1827 1585 1.Cor
1839 1567 1910 1590 [¹229—
