2132 3067
52 700 78 719 10

50 957 75 977 15

49 1215 75 1234 2⁰

50 1473 76 1492 25

50 1731 77 1750 ³0

53 1987 79 2006 ³5

55 2245 82 2265 40

57 2502 87 2522 4⁶

214 2760 241 2782 a)
261 2755 389 2779 salutaret
409 2764 429 2780 c.

59 2802 86 2822 50
105 2799 127 2831 f)
147 2801 254 2824 vocavit
273 2810 294 2825 c.

353 234 367 254 t·
373 232 405 254 511»

353 489 405 511 Ἆόῦ

355 746 368 768 9
373 747 387 769 6
391 746 406 767 Ο

354 1003 404 1026 965

354 1261 406 1284 970

357 1776 408 1799 950

360 2035 411 2057 9μὸ

361 2292 412 2315 990

363 2550 413 2573 995

616 135 730 161 LIBER
753 135 804 161 DE
828 134 959 161 ANULO
984 134 1032 160 ET
1055 133 1216 161 BACULO.

515 223 636 254 Omnes
660 225 691 254 in
715 223 823 264 gladio
848 234 918 253 cum
945 223 1075 254 senibus
1100 234 1228 264 pueros,

431 275 498 306 Nec
522 275 698 305 Dominum
722 275 854 313 vei-itm,
878 286 937 305 nec
961 273 1113 305 honorem
1138 274 1379 315 presbiteratus,

515 327 671 365 Quamvis
696 327 734 357 de
759 325 843 356 nullo
868 326 1000 356 crimine
1025 325 1074 356 vel
1099 326 1235 364 modico,

431 378 525 417 Quod
551 389 651 419 panes
674 377 717 408 illi
743 384 871 408 sanctos
897 377 1057 418 sociisque
1081 377 1234 415 dedisset,

516 429 596 460 Cum
622 434 728 459 tamen
753 434 784 459 et
809 429 922 459 missos
946 440 1015 459 csse
1040 435 1188 469 putasset
1211 439 1275 459 eos,

430 481 493 512 Sed
518 482 670 523 quoniam
695 480 788 521 liquit
811 486 841 510 et
864 480 1030 521 linquitur,
1054 486 1085 511 et
1109 481 1297 510 moriturum

515 532 660 563 Mortuus
684 531 856 573 alloquitur
879 538 975 573 atque
998 531 1104 561 futura
1128 533 1222 561 canit.

430 583 580 615 Concidit
604 588 636 613 et
659 583 811 614 Ionathas
836 583 903 613 sine
928 583 1070 622 crimine,
1096 583 1199 613 David
1227 584 1358 621 amicus,

517 635 559 665 Et
584 635 690 665 David
715 635 870 665 miserans
895 634 983 665 flevit
1007 640 1178 676 utrumque
1201 634 1267 665 diu*

433 687 473 718 Et
496 692 621 717 montes
646 686 754 727 posuit
777 696 848 716 cum
873 685 997 717 Gelboe
1020 686 1080 716 sub
1106 686 1286 726 maledicto,

517 738 560 769 Ut
583 749 634 768 ros
659 743 690 768 et
711 736 822 779 pluvia
846 748 907 767 non
932 744 1091 768 recrearet
1115 749 1180 769 eos.

434 789 476 821 Ut
499 800 576 820 vero
601 800 735 830 regnum
760 789 864 819 tenuit
887 789 1075 820 mitissimus
1100 789 1160 830 ille,

518 841 654 882 Semper
677 839 736 871 sub
762 840 902 871 Domino
927 841 1018 879 vixit,
1042 846 1073 871 et
1097 842 1251 882 obsequio

431 893 543 924 Astitit
565 898 596 923 et
620 897 741 923 tantum
767 903 838 922 sese
863 892 1068 934 contempsit,
1094 898 1127 923 ut
1151 900 1223 923 ante

515 943 655 974 Archam
679 943 831 974 saltaretfl
855 943 972 982 nudus,
997 949 1028 974 et
1052 943 1259 985 obprobrium

430 996 480 1026 Ex
505 995 564 1026 hoc
588 1006 761 1037 perpessus
785 1006 803 1025 a
827 996 963 1036 coniuge
987 995 1110 1026 diceret
1132 995 1176 1026 illi

517 1047 558 1078 Se
584 1047 686 1088 magis
710 1047 873 1077 abiectum
898 1046 1134 1088 ridiculumque
1157 1047 1240 1078 fore:

432 1099 492 1130 Pro
518 1109 581 1140 qua
605 1110 638 1129 re
663 1099 779 1129 meruit
802 1097 883 1140 proli
909 1109 1038 1140 quoque
1063 1099 1282 1140 perpetualem

515 1151 550 1180 ln
574 1160 674 1190 regno
699 1150 884 1181 cathedram
910 1156 983 1192 post
1006 1150 1104 1181 decus
1128 1156 1159 1181 et
1182 1151 1334 1193 requiem.

432 1202 508 1233 δῖοι)
533 1202 579 1232 sic
602 1201 718 1242 fecere,
744 1207 901 1243 quotquot
923 1213 986 1232 non
1012 1203 1207 1241 intumueoeg

515 1253 579 1292 Qui
604 1264 680 1283 vcro
705 1255 832 1293 tumuit,
856 1264 919 1284 non
944 1253 1125 1292 sine-clade
1148 1255 1220 1292 ruit,

432 1304 543 1344 Qualis
567 1305 734 1336 Ieroboam
759 1316 893 1345 regnum
919 1305 1055 1346 partitus
1079 1310 1110 1335 et
1132 1316 1219 1336 aram

518 1357 560 1387 Et
582 1367 688 1387 coram
714 1356 834 1398 populo
858 1356 1023 1388 turificans
1048 1357 1157 1387 vitulo.

433 1408 528 1447 Quod
553 1409 629 1450 quia
653 1420 716 1439 non
740 1408 839 1447 licuit,
864 1409 1010 1450 quamvis
1035 1419 1127 1438 sacra
1149 1407 1227 1438 falsa
1252 1408 1395 1448 fuissent,

518 1460 614 1491 Vates
640 1461 836 1502 [iu]sonuit⁰‚
860 1459 994 1490 dextera
1018 1460 1160 1500 diriguit.

375 1519 403 1525 “”
432 1513 486 1542 sie
510 1516 540 1542 et
565 1511 657 1542 Acab
682 1511 783 1542 elatus
808 1511 902 1541 homo
927 1522 998 1542 cum
1025 1512 1160 1552 coniuge
1186 1522 1293 1547 saeva,

517 1563 604 1593 Dum
629 1568 758 1594 sanctos
782 1562 889 1602 laedit,
914 1563 1051 1594 traditus
1075 1568 1122 1593 est
1146 1562 1279 1594 canibus

433 1615 540 1656 Atque
564 1613 731 1656 sepultura
755 1615 872 1653 caruit:
898 1614 943 1645 sic
967 1614 1018 1645 ille
1042 1615 1202 1656 superbus

519 1666 616 1698 Ozias
640 1665 761 1707 lepram
788 1665 919 1708 pertulit
941 1677 959 1696 a
984 1666 1135 1705 Domino,

433 1717 528 1757 Quod
553 1718 824 1759 presumpsissetd
849 1718 961 1749 offerre
986 1718 1140 1749 altaribus
1164 1718 1283 1758 ignem,

518 1769 613 1808 Quod
637 1780 701 1799 non
725 1774 773 1800 est
794 1770 916 1800 licitum
942 1769 1083 1810 regibus,
1108 1775 1142 1800 ut
1165 1769 1293 1799 faciant.

434 1820 548 1862 Longa
570 1821 666 1851 nimis
691 1821 791 1852 series
814 1832 876 1851 non
901 1822 963 1851 iam
989 1827 1127 1852 tractare
1152 1821 1292 1851 viritim⁹

518 1872 635 1913 Reges,
659 1872 795 1913 reginas,
821 1873 875 1914 qui
901 1878 1056 1903 temerare
1080 1883 1171 1903 sacra

436 1924 542 1965 Atque
565 1923 747 1954 sacerdotes
772 1924 933 1955 offendere
957 1935 1020 1955 non
1045 1925 1231 1961 timuerunt,

521 1974 585 2006 Sed
609 1985 668 2005 neo
692 1976 877 2006 summatim
902 1986 1158 2006 commemorare
1182 1975 1250 2005 leve
1274 1981 1330 2005 est.

436 2026 532 2058 Certa
556 2026 646 2065 fides,
672 2027 751 2057 ritus
775 2032 900 2058 veteres
925 2038 1111 2068 moremque
1135 2036 1311 2065 sacrorum7

523 2078 626 2117 Quem
653 2077 766 2109 didicit
788 2078 917 2119 Moyses
942 2078 1055 2110 celitus
1079 2084 1109 2109 et
1133 2079 1251 2116 docuit,

437 2130 553 2170 Figere
579 2129 726 2171 paxillos,
751 2136 868 2170 vectes,
893 2129 984 2161 aulea
1009 2141 1149 2167 movere,

522 2181 640 2211 Arcam
666 2192 738 2212 cum
764 2182 849 2212 vasis
874 2181 1022 2212 omnibus
1050 2183 1199 2223 excipere

438 2232 509 2263 Non
533 2232 664 2264 licuisse
690 2234 822 2272 homini,
846 2234 898 2275 qui
923 2245 987 2264 non
1012 2233 1051 2264 dc
1075 2234 1175 2274 stirpe
1199 2233 1312 2263 fuisset

522 2286 630 2315 Aaron
655 2291 687 2315 ct
710 2284 791 2316 Levi
815 2286 973 2326 sanguine
998 2286 1196 2326 progenitus,

435 2335 561 2366 Nedum
586 2337 707 2377 vestiri,
732 2336 917 2378 procedere,
943 2337 1125 2367 sacrificare

522 2388 657 2419 Hircum
683 2389 750 2419 sive
775 2399 882 2430 pecus,
906 2388 979 2418 thus
1003 2388 1172 2430 adipemvc
1197 2388 1282 2419 (lare.

440 2440 534 2478 Quod
560 2439 675 2481 probat
698 2439 748 2471 ille
771 2440 902 2471 Dathan
928 2445 959 2471 et
981 2439 1115 2478 Abiron,
1141 2439 1213 2470 thus
1237 2438 1365 2470 adolere

526 2492 617 2530 Ausi,
641 2503 713 2522 cuin
738 2492 827 2522 vivos
850 2497 936 2522 terra
960 2492 1107 2523 voravits
1131 2502 1194 2522 cos.

439 2542 526 2584 Ergo
551 2543 577 2573 si
600 2548 692 2574 vetus
718 2543 797 2574 haec
820 2543 879 2574 fuit
904 2543 1111 2574 observantia
1133 2543 1224 2582 tanti,

523 2594 662 2634 Quando
687 2595 837 2636 coequari
861 2606 923 2625 non
948 2595 1032 2627 valet
1055 2600 1150 2625 arrag
1173 2594 1236 2633 rei3

438 2645 506 2676 Iam
533 2647 636 2687 magis
663 2651 759 2688 atque
783 2648 886 2687 magis
911 2658 982 2678 reus
1007 2651 1064 2686 est,
1089 2646 1142 2688 qui
1167 2644 1370 2687 pontificales

518 2756 546 2781 b)
569 2756 596 2780 Si
617 2765 638 2780 c.

727 2763 753 2786 c)
775 2758 863 2780 sonuit
885 2766 904 2781 e.
995 2757 1021 2780 d>
1045 2757 1264 2788 pressumpsisset
1285 2764 1305 2779 c.

369 2804 399 2833 g)
420 2809 495 2826 verra
515 2810 551 2831 c.;
573 2810 606 2826 m.
626 2803 635 2824 l
659 2810 725 2826 corr.
748 2803 837 2827 verba.

178 2850 273 2875 Libelli
296 2851 327 2875 dc
347 2851 400 2875 lite.
435 2852 469 2875 11.

1401 2756 1424 2778 ei
1445 2754 1541 2778 uiritim
1563 2761 1633 2775 man.
1651 2754 1664 2774 ⁴.

1677 130 1739 160 529

1765 593 1912 631 2.Regvil,¹⁷.

1764 699 1794 717 ib.
1805 698 1838 716 21.

1765 940 1783 957 ς»,
1795 939 1850 959 ιαμ.
1862 938 1895 960 10,

1791 970 1822 987 iu.
1833 968 1859 986 20

1826 1301 1854 1319 cf.

1766 1330 1914 1353 2-2.1:‹1g.12¹‚⁴28.

1767 1522 1799 1542 it..
1809 1524 1843 1544 κε,
1853 1521 1888 1541 35.

1767 1675 1916 1695 ⁴2.Par.·.16.21.

1768 2038 1783 2056 t'.
1795 2038 1835 2056 15¹.

1769 2500 1917 2523 N11111.1‹J,32.

1687 2750 1750 2774 add.
