2132 3067
53 743 78 762 10

52 1001 77 1021 15

51 1260 77 1279 20

51 1517 78 1537 25

53 1840 80 1860 ³0

53 2072 80 2092 ³⁵

54 2387 82 2407 ⁴0

40 2861 44 2900 ¹,
61 2895 64 2898 .

441 175 628 204 LIBELLUS
652 175 807 203 CONTRA
830 176 1047 204 INVASORES
1070 177 1120 204 ET
1143 176 1400 205 SYMONIACOS.
1688 174 1747 205 351

97 267 183 309 quod
205 266 270 296 Dei
291 266 393 298 solius
416 266 502 296 inter
526 276 581 297 vos
604 270 770 306 eaepectate
794 266 972 306 iudicium,
1003 271 1037 296 ut
1068 271 1175 297 vestra
1205 268 1320 309 iurqz'a
1349 279 1561 309 quaecunque
1592 268 1674 307 sint,
1706 267 1750 298 ad

96 318 181 350 illud
203 317 351 348 divinum
380 321 587 348 reserventur
615 327 761 348 eoeamen.
815 317 871 348 Vos
902 317 1016 348 etenim
1048 317 1140 348 nobis
1165 330 1185 348 a
1209 318 1279 349 Deo
1311 319 1383 350 dati
1413 319 1488 349 estis
1519 319 1586 358 dii,
1618 324 1645 349 et
1675 330 1749 350 con—

98 371 227 401 veniens
250 380 314 399 non
338 373 400 407 est,
423 372 458 398 ut
481 368 570 399 homo
594 368 716 399 iudicet
739 368 832 408 deos,
859 369 915 399 sed
941 368 993 399 ille
1016 368 1121 409 solus,
1151 369 1190 400 de
1214 381 1274 411 quo
1299 371 1457 411 scriptum
1481 375 1544 401 est:
1576 370 1748 401 ‘Dominus

97 421 180 453 stetit
208 421 243 451 in
273 431 448 462 synayoqa
472 419 613 450 deorum’
645 425 675 450 et
706 424 824 450 cetera.
870 420 950 451 Item
981 421 1013 451 in
1043 420 1178 450 historia
1201 421 1403 452 Anastasii¹z
1436 422 1687 453 Valentinianus
1712 423 1750 453 de

98 473 209 504 causis
232 473 478 513 episcoporum:
502 470 629 512 ‘Supra
652 472 730 511 nos’,
759 472 879 513 inquit,
904 476 959 502 ‘est
984 476 1122 502 vestrum
1149 474 1323 514 negotium,
1347 479 1374 504 et
1400 473 1471 504 ideo
1496 485 1549 504 vos
1573 474 1611 504 de
1634 474 1749 504 vestris

98 525 182 555 inter
203 534 258 554 vos
282 525 370 564 aqite
393 524 521 562 causis,
551 523 632 564 quia
662 533 769 564 supra
798 534 858 553 nos
882 524 977 554 estis'.
1023 523 1059 554 In
1084 523 1166 554 libro
1190 524 1386 555 novellarum
1411 524 1567 563 secundo,
1597 527 1749 556 constitu-

97 575 182 607 tione
199 573 418 606 CCCCLX²:
442 573 482 605 Si
505 574 543 604 de
566 575 693 615 negotio
712 574 929 605 ecclesiastico
946 577 1106 606 canonico
1122 587 1227 606 causa
1244 577 1417 615 emerserit,
1442 588 1503 607 non
1524 578 1749 618 mayistratus,

97 627 152 658 sed
172 626 347 668 religiosus
370 627 544 667 episcopus
567 625 747 656 secundum
763 637 876 656 sacros
893 637 1036 657 canones
1052 627 1202 668 imponat
1218 629 1345 669 neyotio
1362 628 1474 667 finem.
1520 627 1747 668 Valentiniani,

98 677 230 709 Arcadii
254 683 285 708 et
301 676 475 708 Theodosii
498 681 605 718 cap.³:
632 676 798 708 Continua
821 676 888 719 lege
911 679 1090 718 sancimus,
1114 683 1149 709 ut
1173 679 1284 710 nullus
1307 681 1535 720 episcoporum
1558 680 1606 711 vel
1628 691 1748 719 eorum,

96 731 152 773 qui
173 729 325 760 ecclesiae
348 728 596 760 necessitatibus
621 730 785 768 serviunt,
818 729 862 759 ad
892 729 1022 760 iudicia
1052 731 1118 760 sive
1149 730 1397 762 ordinariorum
1430 732 1496 762 sive
1520 731 1748 762 eoetraordina-

98 783 221 813 riorum
242 781 428 812 iudiciuma
447 779 701 821 pertrahantur.
748 780 876 811 Habent
902 780 952 812 illi
975 792 1051 812 suos
1070 781 1217 821 iudices;
1241 783 1319 813 necb
1343 783 1517 824 quicquam
1534 783 1584 813 his
1605 783 1748 824 publicis

97 844 260 865 commune
291 844 362 863 cum
390 831 526 873 leqibus.
574 831 627 862 Ex
658 831 772 863 codiee
804 832 975 862 Iustiniani
1006 834 1234 864 constitutione
1265 834 1444 875 quinta⁶·⁴:
1475 834 1658 875 Imperator
1688 834 1749 865 Leo

98 889 258 927 auyustus
287 883 439 915 Erithrio
465 883 611 924 prefecto
639 884 789 925 pretorii.
851 883 968 916 Omnes
1006 885 1064 926 qui
1094 885 1211 926 ubique
1241 890 1317 916 sunt
1354 885 1402 916 vel
1433 886 1593 926 posthacd
1615 886 1749 926 fuerint

97 936 294 969 orthodoxae
309 936 395 976 fidei
416 935 600 966 sacerdotes
622 939 650 965 et
676 935 801 975 clerici,
833 937 1058 978 cuiuscunque
1080 937 1210 978 gradus
1233 937 1329 977 sinte,
1358 937 1510 968 monachi
1541 949 1682 978 quoque,
1714 939 1749 968 in

97 989 206 1020 causis
236 987 388 1019 civilibus
418 998 458 1018 ea:
488 986 615 1017 nullius
639 988 777 1028 penitus
806 988 943 1018 maioris
970 989 1148 1019 minorisve
1171 990 1331 1019 sententia
1360 988 1485 1019 iudicis
1516 989 1561 1020 ad
1589 994 1749 1019 eaetranea

96 1040 226 1072 iudicia
244 1038 491 1081 pertrahantur
513 1043 571 1069 aut
589 1039 768 1079 provincia
787 1038 833 1069 vel
847 1038 915 1070 loco
932 1044 991 1070 aut
1008 1042 1149 1081 regione,
1173 1051 1271 1081 quam
1288 1040 1449 1080 habitant,
1472 1041 1562 1071 exire
1579 1045 1749 1082 coquntur.

97 1090 139 1122 Et
171 1089 288 1122 infra³z
326 1089 458 1121 Nullis‘
490 1094 639 1121 executor
670 1100 790 1121 veaeare
824 1091 1026 1122 contumeliis
1061 1092 1194 1123 clericos
1228 1092 1327 1132 ullos,
1361 1092 1463 1123 nullis
1498 1091 1749 1133 impulsionibus

96 1142 278 1181 molestare,
313 1141 437 1173 nullis&
471 1141 693 1183 exprobrareh
726 1143 884 1173 conviciis
913 1147 972 1173 aut
1003 1143 1229 1185 corporalibus
1260 1145 1400 1175 iniuriis
1419 1144 1576 1186 fatiyare
1605 1148 1749 1174 conetur.

96 1194 144 1226 Hi
166 1200 289 1234 autem,
320 1195 377 1236 qui
406 1193 597 1225 huiusmodi
629 1194 781 1235 ayyressi
801 1193 953 1235 fuerint,
979 1200 1093 1236 preter
1122 1196 1330 1226 amissionem
1357 1195 1485 1237 cinguli
1507 1200 1534 1227 et
1552 1196 1751 1237 patrimonii

97 1246 211 1278 ultima
221 1247 377 1288 protinus
390 1244 678 1276 animadversione
687 1244 863 1287 plectendi.
895 1245 947 1276 Ex
964 1246 1053 1278 libris
1066 1246 1266 1278 novellarum
1281 1246 1387 1289 legum
1401 1245 1749 1289 eap.CCCCLXV1‹÷:

97 1297 137 1330 Si
159 1298 232 1340 quis
255 1297 381 1329 divinis
403 1296 585 1339 mysteriisi
612 1295 660 1328 vel
683 1297 762 1328 aliis
784 1299 906 1328 sanctis
929 1298 1143 1329 ministeriisk
1173 1298 1376 1330 celebrandis
1405 1299 1441 1330 in
1471 1303 1620 1330 sanctam
1650 1299 1748 1329 inter-

97 1350 182 1381 venit
212 1349 395 1388 ecclesiam,
427 1353 455 1379 et
483 1348 636 1390 episcopo
667 1348 716 1379 vel
745 1349 874 1380 clericis
904 1350 952 1381 vel
980 1350 1059 1381 aliis
1082 1351 1244 1381 ministris
1267 1351 1420 1381 ecclesiae
1442 1351 1604 1382 iniuriam
1618 1351 1750 1391 fecerit,

97 1401 240 1433 iubemus
263 1412 334 1432 eum
357 1401 523 1431 tormentis
545 1399 722 1431 subiectum
744 1401 781 1431 in
805 1401 958 1432 exilium·
984 1402 1086 1432 mitti:
1110 1407 1139 1432 et
1161 1403 1208 1433 sic
1232 1403 1313 1443 ipse,
1337 1403 1395 1444 qui
1412 1403 1502 1433 circa
1520 1403 1636 1433 divina
1652 1402 1749 1432 mini-

97 1453 197 1484 steria
230 1452 410 1484 turbaverit
446 1451 492 1482 vel
527 1451 684 1483 celebrare
715 1451 938 1493 prohibuerit,
972 1453 1114 1495 capitali
1146 1454 1311 1496 supplicio
1343 1455 1521 1495 puniatur.
1566 1453 1635 1484 Hoc
1667 1453 1750 1484 idem

98 1504 336 1536 observandum
359 1508 405 1535 est
430 1504 464 1534 in
488 1503 662 1544 letaniism‚
686 1504 722 1534 in
747 1504 865 1545 quibus
888 1505 1084 1546 episcopusfl
1110 1506 1156 1537 vel
1179 1506 1290 1537 clerici
1312 1505 1539 1544 inveniuntur,
1570 1510 1605 1536 ut
1628 1506 1658 1536 si
1681 1506 1750 1546 qui-

98 1556 188 1588 dem⁰
213 1555 439 1588 contumeliam
461 1560 610 1586 tantuml'
625 1554 756 1596 fecerit,
785 1557 953 1587 tormentis
976 1561 1005 1587 et
1027 1557 1127 1588 exilio
1150 1557 1316 1588 tradatur.
1362 1557 1422 1588 Sin
1448 1562 1553 1588 autem
1576 1557 1748 1588 letaniasm

97 1608 371 1648 conturbaverit‘l,
400 1607 541 1649 capitale
569 1607 755 1649 periculum
783 1608 962 1639 sustinebit.
1007 1609 1144 1651 anue?
1175 1609 1348 1650 defendere
1376 1608 1525 1640 volumus
1554 1620 1618 1640 non
1646 1607 1749 1639 solum

99 1659 219 1699 civiles,
243 1660 299 1691 sed
321 1661 419 1691 etiam
443 1660 602 1691 militares
625 1660 762 1691 iudices.

205 1712 253 1742 11.
290 1711 343 1742 Ex
359 1710 443 1743 libro
459 1711 611 1751 codicis&
629 1711 859 1743 constitutione
871 1718 881 1733 ⁷
898 1711 928 1744 I:
950 1712 1183 1753 Imperatores‘
1200 1712 1414 1743 Archadiusu
1432 1717 1459 1743 et
1476 1712 1646 1744 Honorius
1662 1713 1750 1744 AA.v

210 1836 237 1866 a)
257 1836 375 1860 iudicum
397 1835 459 1860 Cod.
480 1835 548 1860 lust.
615 1836 644 1867 b)
664 1844 697 1860 ne
717 1836 742 1860 B
756 1837 778 1861 l.
848 1837 874 1865 c)
894 1838 925 1860 ua
945 1836 971 1860 Β
985 1838 1007 1861 1.
1073 1837 1101 1867 d)
1122 1840 1183 1869 post
1203 1836 1269 1860 haec
1290 1836 1351 1860 Ba.
1410 1836 1437 1866 e)
1458 1836 1496 1859 ita
1518 1834 1580 1860 Coll.
1603 1845 1660 1860 can.
1683 1836 1749 1866 B‘2‚·

99 1890 165 1908 corr.
185 1891 218 1907 m.
235 1882 250 1906 2
271 1891 303 1907 ea:
322 1886 385 1907 sunt
405 1881 469 1912 Bl;
489 1886 551 1906 sunt
571 1881 633 1906 Cod.
654 1882 721 1907 Iunc.
807 1882 829 1909 ἰ)
850 1882 937 1906 nullus
957 1882 982 1906 B
996 1883 1018 1906 1.
1034 1883 1078 1906 ila.
1167 1884 1195 1914 g)
1216 1882 1303 1906 nullus
1324 1882 1349 1906 B
1362 1882 1385 1906 1.
1472 1881 1500 1912 h)
1522 1883 1667 1914 exprobare
1689 1883 1713 1906 B
1727 1885 1748 1907 1.

99 1929 117 1959 i)
140 1929 177 1953 ita
195 1928 249 1953 Iul.
269 1928 355 1958 B2h‚-
374 1929 528 1953 ministeriis
550 1928 574 1952 B
587 1930 610 1954 1.
626 1929 669 1952 20.
765 1928 794 1959 k)
817 1928 855 1952 ita
874 1928 946 1957 Iul.,·
966 1929 1098 1957 misteriis,
1120 1931 1197 1960 myst.
1218 1928 1294 1953 codd.
1398 1927 1420 1959 l)
1440 1936 1472 1952 em
1493 1929 1571 1953 exilio
1592 1938 1625 1953 m.
1641 1929 1666 1954 2.
1687 1929 1712 1953 Β
1726 1931 1748 1953 1.

99 1977 134 2005 m)
153 1975 229 2000 litan.
249 1974 311 1999 B2.
378 1974 408 2005 n)
429 1973 468 1999 ita
489 1973 551 1999 Con.
572 1983 631 2000 can.
652 1975 678 1999 B
691 1976 721 2004 1‚·
742 1975 861 2007 episcopi
883 1975 935 1999 Iul.
957 1975 1017 2001 Ba,
1085 1974 1113 2006 ο)
1135 1975 1172 1998 ila
1193 1974 1246 1999 Iul.
1267 1973 1329 1998 Coll.
1351 1982 1425 2003 can.,·
1445 1975 1507 2006 quid
1528 1974 1603 1999 codd.
1661 1979 1690 2007 ph
1710 1975 1749 1999 ila

98 2020 151 2045 Iul.
172 2020 235 2045 Call.
255 2029 332 2050 can.,·
351 2024 453 2045 tantam
473 2021 550 2046 codd.
628 2022 655 2053 q)
674 2019 714 2046 ita
736 2021 788 2045 Iul.
810 2020 873 2045 Coll.
892 2030 951 2045 can.
973 2021 1039 2051 B13
1060 2021 1252 2045 conturbarunt
1272 2020 1333 2044 ΒΞ.
1414 2020 1437 2051 r)
1460 2020 1495 2044 ita
1516 2020 1568 2044 Iul.
1591 2020 1653 2045 soll.
1675 2030 1749 2050 can.;

98 2066 139 2091 Ea
157 2074 225 2099 quae
245 2066 321 2092 codd.
406 2068 429 2099 s)
449 2067 542 2092 codice
562 2067 587 2091 B
601 2068 624 2092 1.
710 2067 731 2097 t)
753 2067 899 2098 imperator
918 2066 994 2091 codd.
1079 2068 1108 2095 u)
1129 2067 1227 2091 Arcad.
1248 2066 1309 2090 ΒΞ.
1398 2073 1426 2089 v!
1447 2065 1480 2088 {a
1500 2066 1526 2090 B
1539 2068 1566 2095 l;
1587 2074 1665 2098 augg.
1686 2067 1748 2092 Ba.

207 2173 235 2209 1)
257 2174 315 2200 Hic
337 2177 435 2200 auctor
457 2184 491 2200 ex
514 2175 645 2201 memoria
669 2175 757 2200 citare
778 2174 890 2201 videtur
911 2174 1059 2201 Anastasii
1081 2174 1157 2200 Hist.
1175 2174 1240 2201 eccl.
1259 2174 1301 2200 ed.
1318 2173 1460 2200 Fabrotus
1480 2182 1509 2207 p.
1528 2174 1584 2200 31:
1607 2174 1653 2200 Ad
1677 2183 1748 2209 quos

100 2224 337 2251 Valentinianus:
360 2225 442 2259 Mihi,
466 2225 570 2260 inquit,
596 2235 660 2252 cum
684 2225 816 2252 subiecto
841 2225 951 2260 populo
977 2225 1012 2251 de
1035 2223 1201 2251 huiusmodi
1224 2224 1351 2259 negotiis
1375 2224 1488 2251 curiose
1513 2233 1600 2259 agere
1623 2225 1667 2251 fas
1690 2234 1747 2252 non

101 2279 158 2309 est3
180 2279 213 2303 ut
235 2285 305 2312 ergo
327 2276 443 2303 videtur
465 2277 549 2304 vobis
573 2277 776 2304 sacerdotibus
799 2277 897 2304 fac-ite.
944 2277 1014 2304 Coa.
1037 2286 1100 2304 can.
1117 2276 1170 2313 IV,
1194 2285 1218 2302 c.
1239 2276 1307 2309 135,
1327 2286 1358 2310 p.
1377 2276 1447 2302 465.
1495 2276 1538 2309 Cf.
1565 2276 1649 2302 etiam
1672 2277 1747 2304 Hist.

99 2327 164 2362 trip.
186 2327 205 2355 l.
229 2328 293 2362 VII,
320 2337 344 2355 c.
371 2329 417 2362 11,
448 2330 491 2357 ed.
515 2329 648 2356 Garetius
676 2330 700 2362 I,
726 2338 757 2363 p.
782 2329 854 2355 307.
978 2329 1007 2363 2)
1036 2328 1146 2354 Iuliani
1174 2328 1284 2355 Novell.
1309 2328 1373 2362 epit.
1402 2329 1502 2362 (const.
1528 2327 1618 2361 CXV,
1648 2337 1671 2355 c.
1695 2329 1747 2363 35)

100 2387 124 2406 c.
148 2379 323 2407 CCCCLXI.
447 2380 477 2415 3)
501 2381 617 2408 Constit.
641 2381 788 2408 sirmondi
810 2381 877 2413 III,-
908 2380 1066 2415 Extravaq.
1092 2380 1108 2406 3
1141 2379 1207 2407 Cod.
1235 2379 1284 2406 Th.
1309 2380 1351 2406 tit.
1375 2380 1409 2405 de
1437 2380 1521 2414 episc.
1544 2380 1649 2406 iudicio
1671 2381 1749 2415 apud

100 2430 223 2464 Haenel,
253 2432 392 2458 Novellae
422 2432 530 2460 constit.
560 2433 611 2459 col.
636 2432 716 2465 252,·
752 2432 822 2460 Call.
851 2441 914 2460 can.
938 2431 990 2464 IV,
1020 2441 1044 2458 c.
1072 2431 1143 2464 144,
1168 2440 1200 2466 p.
1225 2431 1302 2457 471:
1333 2430 1546 2464 Valentiniani,
1577 2431 1746 2458 Theodosii.

100 2481 237 2508 Archadii
261 2491 325 2518 cap.
341 2483 375 2510 L.
414 2483 491 2510 Idem
515 2485 592 2510 locus
613 2484 643 2510 in
668 2484 737 2511 Coll.
754 2484 821 2512 Ans.
839 2483 897 2516 III,
916 2493 939 2510 c.
960 2483 1036 2510 109.-
1059 2482 1267 2515 Valentiniani,
1291 2482 1451 2509 Theodosii
1475 2486 1504 2508 et
1519 2482 1658 2509 Archadii
1683 2492 1746 2518 cap.

102 2532 147 2566 Gf.
170 2534 288 2568 Ha'iffer,
319 2535 467 2570 6Βείινὰῃε
495 2545 544 2561 zur
574 2535 674 2563 Gesch.
698 2536 749 2562 der
772 2535 886 2566 Quellen
916 2535 964 2561 des
992 2534 1207 2560 Kirclzenrechts
1237 2535 1295 2560 und
1324 2535 1373 2560 des
1402 2534 1557 2561 ro'misclzen
1581 2535 1680 2562 Rechts
1710 2536 1747 2560 im

32 2621 33 2625 Ἰ
102 2584 283 2619 Mittelalter',
312 2586 442 2613 Mamur
466 2587 556 2620 1862,
581 2596 613 2622 p.
638 2587 707 2614 108.
827 2586 857 2621 4)
880 2587 914 2612 L.
940 2586 977 2612 32
1005 2586 1034 2612 C.
1059 2587 1093 2612 de
1121 2586 1205 2620 episc.
1232 2586 1258 2619 1,
1283 2585 1320 2619 3;
1351 2586 1417 2612 Cod.
1443 2586 1543 2613 lustin.
1568 2587 1610 2613 ed.
1634 2587 1748 2620 Kriiqer

34 2675 36 2683 ἱ
56 2644 128 2670 «51².
151 2636 209 2672 38,·
233 2637 302 2665 Call.
326 2646 388 2665 can.
411 2638 465 2671 IV,
489 2648 513 2665 c.
540 2639 608 2671 150,
628 2648 660 2674 p.
678 2638 757 2665 473:
780 2638 821 2664 Ex
845 2637 946 2663 codiee
969 2636 1123 2663 Iustiniani
1147 2636 1331 2671 imperatoris
1355 2640 1446 2663 const.
1471 2637 1508 2663 II.
1618 2638 1647 2670 5)
1671 2638 1744 2663 Ibid.

96 2695 128 2722 p.
152 2687 201 2715 39.
321 2689 350 2724 6)
378 2689 488 2716 Iuliani
508 2690 619 2717 Novell.
643 2690 708 2724 epit.
732 2689 831 2722 (const.
859 2688 947 2722 CXV,
977 2698 1000 2716 e.
1025 2689 1077 2722 52)
1104 2697 1168 2722 cap.
1194 2688 1474 2721 CCCCLXXVIIJ;
1507 2688 1576 2716 Coll.
1600 2698 1663 2715 can.
1689 2689 1744 2714 III.

103 2747 127 2766 c.
141 2739 208 2771 138,
223 2749 252 2774 p.
266 2740 343 2767 307.-
366 2741 407 2767 ΕΣ
429 2741 505 2768 libro
529 2741 709 2768 novellarum
732 2740 843 2775 legum:
868 2740 897 2766 Si
922 2739 986 2774 quis
1011 2739 1114 2766 divinis
1137 2740 1273 2766 misteriis
1291 2739 1473 2766 celebrandis
1491 2743 1541 2766 etc.
1609 2740 1636 2773 7)
1660 2741 1692 2765 I..
1712 2741 1744 2764 11·

104 2789 133 2816 0.
156 2791 191 2816 de
212 2791 296 2825 episc.
322 2792 349 2825 1,
373 2793 401 2825 3,
425 2793 468 2819 ed.
493 2793 605 2828 Kru'qer
625 2803 654 2828 p.
672 2793 730 2827 30,-
754 2793 824 2820 Coll.
841 2802 902 2820 can.
920 2792 978 2824 Ill,
1003 2801 1026 2818 c.
1046 2791 1114 2824 139,
1135 2801 1167 2826 p.
1185 2791 1261 2818 307.-
1285 2792 1325 2817 ΕΣ
1348 2791 1424 2817 libro
1450 2791 1551 2816 eodem
1576 2790 1689 2816 constit.
1708 2790 1744 2816 I.:

102 2840 140 2873 cf.
163 2841 221 2874 III,
244 2852 268 2871 c.
294 2843 342 2875 86,
363 2853 392 2877 ρ,
412 2844 490 2876 2ῗ9,·
514 2844 550 2877 cf.
576 2845 699 2871 Ronitho
721 2845 740 2871 I.
758 2845 799 2877 II,
822 2844 926 2870 Libelli
948 2844 972 2880 I,
992 2852 1023 2878 p.
1041 2843 1112 2870 576.

1770 379 1884 403 Ps.si,1.
