2132 3067
636 116 751 142 LIBER
775 117 826 143 DE
849 115 980 144 ANCLO
1004 117 1053 143 ET
1075 116 1238 144 BACULO.

448 204 512 244 Qui
537 215 600 235 non
624 204 779 246 eligerent
802 204 972 248 viduisque
997 216 1146 247 praeesse
1171 205 1329 246 iuberent,

534 256 568 287 Si
593 256 656 287 sibi
678 267 742 287 non
765 262 849 288 esset
872 257 1020 297 cognitus
1043 262 1139 299 aptus
1163 258 1219 288 eis.

448 308 507 338 Ast
531 307 587 338 ubi
610 308 754 349 suscepit
777 318 886 339 curam
912 308 952 339 de
976 319 1107 340 munere
1131 320 1227 341 curae

372 365 424 389 280
533 359 640 401 Atque
665 359 844 398 ministerii,
868 360 974 400 gratia
997 361 1100 391 maior
1121 361 1227 391 adest:

446 410 566 441 Fervet
589 411 709 441 maiore
720 417 743 448 ὃ,
768 410 930 442 Christum
955 410 1050 442 docet
1074 412 1106 442 in
1129 413 1293 454 sinagogis

77 426 89 445 ⁵

531 461 575 493 Et
597 462 761 493 convincit
783 473 856 493 eum
881 473 938 504 per
959 474 1044 494 nova
1068 464 1161 504 signa
1186 464 1302 495 Deum.

446 513 551 555 Erigit
575 513 683 552 elisos,
707 519 797 544 curat
818 513 975 555 languore
999 514 1131 554 solutos.

529 565 572 596 Et
594 565 791 607 quicumque
814 565 911 598 videt.
935 565 975 597 de
998 567 1142 597 novitate
1167 572 1285 608 stupet,

370 624 421 647 285
447 618 501 648 Sic
525 627 589 648 non
613 623 678 647 tam
704 616 810 647 viduis
833 616 928 648 datus
952 623 1000 648 est
1024 618 1145 649 servire
1169 619 1323 660 minister,

62 682 88 702 μ)
530 669 636 708 Quam
660 668 768 710 potius
791 668 876 699 vitae
900 679 992 700 sacra
1016 674 1136 700 statuta
1160 669 1246 702 dare.

444 721 495 751 Ex
520 720 580 751 hoe
603 720 761 762 principio
787 719 878 751 bellis
902 721 1114 761 cessantibus,
1138 727 1173 752 ut
1195 733 1261 763 pax

529 771 655 803 Floruit
679 776 710 802 et
734 771 873 802 mundus
898 773 1005 814 caepit
1027 783 1135 804 amare
1159 773 1266 811 fidem,

444 823 531 854 Cura
554 823 615 854 fuit
636 823 774 855 formare
797 823 928 865 gradus,
953 835 1066 855 ornare
1090 826 1253 856 ministros

367 882 419 905 ‘290
526 875 570 907 Et
593 875 667 906 data
690 874 807 906 levitae
831 874 908 906 sella
932 875 1074 906 secunda
1098 875 1167 906 suit.

59 936 86 959 15
442 927 570 969 Proque
594 927 772 958 ministerio
796 926 847 957 vel
872 926 1089 959 sollicitudine
1112 938 1243 959 mensae

526 978 672 1009 Mensam
697 984 857 1020 procurat,
883 989 979 1021 quam
1005 979 1095 1010 Deus
1119 980 1188 1021 ipse
1213 985 1326 1011 sacrat.

445 1029 547 1062 Offert
570 1035 601 1061 et
625 1029 767 1071 calicem,
793 1041 875 1072 quae
899 1030 998 1061 dumb
1022 1031 1086 1062 duo
1111 1031 1362 1069 sanctificantur,

526 1082 596 1113 Iam
620 1093 683 1112 non
707 1088 791 1122 sunt,
816 1082 902 1124 quod
927 1088 1027 1121 erant,
1052 1088 1245 1125 sumptaque
1269 1082 1483 1114 sanctificant.

366 1140 418 1164 295
442 1132 496 1173 Ut,
521 1134 576 1175 qui
600 1133 784 1165 sanctificat
806 1140 837 1165 et
861 1139 1020 1176 quotquot
1044 1134 1298 1172 sanctificantur,

57 1197 84 1221 20
528 1185 597 1216 Iam
621 1185 682 1217 sibi
707 1186 917 1226 conveniant;
941 1185 1027 1228 quod
1052 1185 1133 1217 bene
1157 1197 1258 1228 grana
1282 1189 1403 1226 notant,

443 1236 595 1279 Dumque
619 1236 718 1268 multa
742 1238 831 1279 prius
855 1244 951 1280 atque
975 1239 1181 1269 inconiuncta
1204 1238 1344 1278 fuerunt,

527 1288 658 1320 Tritura
682 1294 831 1320 crescunt
853 1295 883 1321 et
906 1301 964 1331 per
987 1300 1103 1332 aquam
1129 1294 1255 1321 coeunt.

442 1339 528 1370 Dum
553 1341 656 1382 magis
679 1348 776 1383 atque
800 1342 903 1382 magis
927 1341 1042 1372 humor
1065 1340 1221 1372 solidatus
1245 1341 1285 1372 ad
1310 1342 1417 1383 ignem

364 1399 417 1422 300
526 1391 646 1423 Panem
671 1393 827 1434 perficiat,
850 1398 886 1423 ut
909 1393 1001 1425 cibus
1025 1404 1095 1424 csse
1120 1397 1224 1434 queat,

55 1455 82 1474 25
440 1442 484 1474 Et
504 1443 612 1485 liquor
635 1455 675 1475 ex
700 1446 791 1475 uvis⁰
815 1444 903 1486 prelo
926 1451 1096 1486 torquente
1120 1444 1271 1486 liquatur,

525 1495 640 1526 Posset
663 1502 697 1526 ut
720 1507 761 1527 ex
784 1496 846 1527 illis
871 1496 924 1538 qui
950 1507 1060 1527 sumus
1085 1507 1155 1527 esse
1180 1495 1276 1526 calix,

441 1547 508 1578 Iam
533 1558 609 1578 vero
634 1546 725 1583 Pauli
750 1548 805 1589 qui
828 1547 898 1579 vult
921 1554 1074 1590 precepta
1098 1548 1219 1585 videre,

527 1599 631 1638 Quem
656 1599 734 1630 velit
757 1610 827 1631 esse
851 1601 966 1639 virum,
991 1601 1045 1642 qui
1071 1600 1112 1630 sit
1134 1599 1174 1629 ad
1201 1598 1343 1629 officium

363 1657 414 1681 305
440 1650 511 1682 Hoc
534 1650 760 1690 assumendus,
784 1651 912 1694 qualem
937 1663 971 1683 se
994 1652 1131 1693 gesserit
1153 1657 1237 1689 ante,

55 1713 81 1732 30
524 1702 671 1733 Inveniet
693 1702 793 1733 multa
817 1714 889 1734 cum
913 1704 1073 1745 gravitate
1096 1702 1204 1734 decus.

441 1754 482 1786 Et
505 1753 582 1796 quid
607 1765 688 1796 opus
713 1754 846 1786 multis?
869 1766 1082 1797 quaecunque
1106 1754 1258 1785 videntur
1280 1753 1428 1785 habenda

526 1805 720 1838 Presbiteris
743 1812 827 1845 ante,
851 1813 939 1839 tanta
964 1806 1166 1838 diaconibus.

442 1857 508 1888 Iam
534 1857 649 1889 sileant
671 1869 774 1899 reges,
799 1857 891 1889 sileat
915 1869 1128 1900 quaeeunque
1151 1862 1303 1899 potestas,

363 1915 415 1938 310
524 1908 567 1940 Et
589 1921 651 1940 non
676 1921 734 1951 per
757 1909 910 1941 baculum
934 1910 1098 1952 decipiant
1121 1909 1288 1951 populum.

54 1971 81 1991 85
441 1959 483 1991 Et
505 1971 539 1992 se
563 1962 757 2001 contineant,
782 1962 857 2003 quia
882 1973 945 1992 non
969 1961 1158 1992 conceditur
1180 1959 1253 1998 illis,

525 2013 625 2054 Signa
649 2012 839 2044 diaconibus
863 2013 1026 2056 quaelibet
1048 2012 1242 2054 imprimere.

442 2063 580 2104 Quando
605 2075 663 2096 nec
687 2066 757 2107 ipse
781 2071 888 2106 potest
910 2064 962 2096 vel
985 2076 1044 2096 rex
1066 2063 1118 2095 vel
1143 2062 1277 2105 quilibet
1302 2063 1412 2094 horum

527 2115 634 2147 Huius
657 2117 688 2147 in
714 2117 810 2148 officii
835 2117 965 2149 cardine
988 2116 1106 2147 habere
1130 2115 1245 2146 locum.

364 2176 416 2199 315
440 2167 509 2199 Iam
534 2167 574 2199 de
597 2168 838 2210 presbitero
863 2167 940 2210 quid
964 2167 1083 2209 agam?
1128 2168 1191 2206 Qui
1216 2177 1287 2197 cum
1313 2167 1439 2208 potiora

54 2230 81 2248 40
526 2219 608 2251 Cum
631 2219 764 2262 reliquis
787 2220 914 2259 habeat,
937 2220 1080 2251 maxima
1105 2219 1191 2250 solus
1214 2218 1321 2250 habet.

440 2271 606 2303 Presbiter
627 2276 685 2311 est,
710 2273 764 2314 qui
788 2271 931 2314 prebet
954 2273 1042 2312 iter,
1067 2272 1092 2302 si
1117 2271 1227 2312 lingua
1250 2270 1348 2302 latina

525 2322 713 2354 Consulitur
735 2330 844 2355 nostro
867 2324 918 2355 vel
942 2323 1049 2365 placet
1073 2334 1126 2354 ore
1149 2322 1248 2366 loqui.

439 2375 482 2405 At
505 2375 531 2406 si
556 2373 596 2405 de
620 2375 745 2406 Graeco
771 2375 857 2407 cedit
880 2375 959 2406 haee
983 2386 1111 2418 quoque
1135 2375 1233 2406 dictio
1256 2374 1353 2412 fonte,

365 2433 417 2457 320
525 2426 692 2458 Presbiter
715 2433 764 2459 est
787 2428 944 2466 senior,
967 2432 1024 2458 aut
1047 2438 1106 2468 ego
1130 2426 1308 2469 decipior¹.

55 2487 82 2507 45
440 2477 504 2510 Sed
529 2477 615 2520 quod
639 2478 752 2520 prebet
774 2479 858 2511 iter‘?
881 2478 931 2510 vel
955 2489 1113 2521 quaenam
1139 2483 1187 2509 est
1209 2478 1271 2508 ista
1294 2476 1468 2509 senectus?

524 2529 596 2561 Non
621 2539 702 2572 opus
725 2535 774 2562 cst
795 2530 926 2572 longum
950 2536 1060 2562 texere
1083 2529 1273 2561 funiculum.

440 2581 515 2612 Alta
539 2581 669 2624 quidem
694 2583 785 2622 ratio,
809 2583 865 2614 sed
889 2582 994 2624 longis
1017 2581 1222 2623 expedienda

1702 115 1764 147 515

1784 733 1799 751 s.
1810 734 1828 753 G.

1774 2591 1788 2610 f.
1799 2592 1825 2609 [Γ.

214 2663 239 2693 a)
263 2663 361 2688 maiore
381 2663 466 2695 magis
486 2672 507 2688 c.
583 2663 612 2695 b)
634 2663 696 2688 dum
718 2672 799 2688 manu
821 2664 835 2687 ‘2
857 2673 935 2695 super·
956 2663 1007 2688 duc·
1028 2663 1162 2696 scriptum.
1240 2663 1266 2694 c)
1287 2664 1345 2687 ubi>
1367 2672 1386 2686 ι·4

212 2737 238 2770 1)
264 2737 308 2770 C'J'.
325 2737 418 2772 Ranq.
440 2738 468 2765 V.
485 2738 609 2764 Anselmi
630 2749 656 2765 r.
675 2740 752 2772 :'=S.⁷›;
779 2739 849 2765 Isirl.
870 2739 988 2773 Elymas.
1005 2739 1024 2765 l.
1045 2738 1108 2771 Vll,
1132 2747 1155 2766 c.
1176 2738 1222 2770 12,
1246 2742 1259 2769 ξ
1277 2738 1325 2770 20,
1350 2738 1367 2763 l.
1385 2738 1404 2766 l.
1426 2746 1455 2770 p.
1474 2737 1550 2764 342.-
1580 2737 1624 2762 De
1648 2735 1750 2768 officiis

55 2793 82 2812 50
103 2787 143 2820 II,
168 2797 191 2814 c.
211 2788 237 2818 7,
264 2788 334 2823 Opp.
358 2789 403 2821 VJ,
424 2799 455 2824 p.
474 2790 544 2816 425.

1467 2843 1516 2866 05*
