2132 3067
67 728 93 747 10

65 987 90 1006 15

64 1245 91 1264 20

64 1503 91 1522 25

64 1761 90 1780 80

64 2019 90 2038 85

63 2277 90 2296 ⁴0

63 2533 90 2552 45

665 163 716 189 DE
740 162 865 189 CAUSA
889 163 1063 189 HEINRICI
1088 163 1210 190 REGIS.
1704 160 1763 191 291

114 263 217 294 neque
240 252 370 291 iudicio,
395 263 498 294 neque
522 251 654 283 consilio
678 251 767 283 locus
791 256 855 290 est,
881 251 936 282 sed
962 251 1118 294 quidquid
1143 252 1268 283 libitum
1294 253 1325 284 id
1349 253 1470 284 licitum
1490 252 1643 295 putatur?
1687 252 1766 284 Tale

115 314 248 345 regnum
266 303 435 334 ecclesiam
460 303 714 345 malignantium,
740 303 910 334 concilium
935 304 1095 343 vanitatis,
1119 304 1256 346 denique
1281 305 1379 335 totius
1404 306 1583 346 iniquitatis
1606 305 1764 336 sentinam

113 356 230 386 rectius
254 355 478 397 appellaveris.
524 355 594 386 Tali
626 366 724 396 regno
756 364 814 385 nos
846 354 1051 386 concordiam
1085 356 1229 386 inutilem
1262 356 1408 390 dicimus,
1455 356 1545 387 Sicut
1574 357 1656 387 enim
1683 357 1766 386 inter

114 407 214 438 bonos
238 406 418 447 laudabilis,
442 407 486 438 ita
511 407 591 438 inter
616 406 715 438 malos
740 405 1001 447 reprehensibilis
1028 407 1199 438 concordia
1226 413 1282 438 est.
1329 407 1409 446 Quis·
1439 409 1522 438 enim
1556 407 1762 438 concordiam

111 457 281 497 latronum,
307 459 377 500 quis
397 459 513 497 furum,
539 459 611 500 quis
629 458 879 498 immundorum,
903 458 963 488 nisi
986 463 1092 488 mente
1109 465 1233 500 captus,
1257 459 1440 500 approbat?
1486 459 1513 489 Ο
1531 459 1764 498 detestabilem,

113 520 131 541 ο
154 510 225 541 Deo
250 509 402 541 odibilem
426 510 639 540 hereticorum
665 510 759 540 hodie
784 509 1007 540 concordiam!
1033 509 1071 540 de
1090 510 1206 551 quibus
1223 516 1447 552 propugnator
1463 516 1590 542 sanctae
1608 510 1764 541 ccclesiae

113 560 317 592 beatissimus
343 561 540 592 Athanasius
569 562 650 592 ait1:
685 562 834 592 Dicentes
868 572 900 591 se
928 562 1094 601 sapientes
1118 573 1194 600 esse,
1225 562 1423 602 stztlrz'facti
1446 568 1532 601 sunt,
1563 568 1589 593 et
1612 564 1760 593 'immuta-

114 618 228 644 verunt
250 613 391 655 gloriam
415 613 568 644 ecclesiae
591 613 772 644 katholicae
796 615 830 643 in
850 613 1027 653 propritim
1051 614 1235 644 novitatem.
1282 613 1393 645 Nonne
1415 626 1472 644 vas
1490 613 1667 652 electionis,
1692 625 1763 644 con-

113 663 244 695 cordiae
274 665 401 703 doctor‚
433 664 591 706 phariseis
622 670 652 695 et
683 663 830 694 saduceis
861 665 892 694 in
924 675 1035 695 necem
1068 665 1136 695 eius
1161 665 1445 705 concordantibus,
1476 667 1567 707 quasi
1599 666 1765 707 proposita

112 717 312 758 quaestione,
344 717 546 747 occasionem
571 715 751 747 discordiae
776 715 943 756 splendide
967 716 1116 754 immisit,
1148 722 1183 747 ut
1211 717 1339 748 turbata
1363 728 1447 759 aqua
1471 716 1648 748 salvaretur
1673 729 1764 748 unus.

113 767 177 799 Sed
201 769 277 810 quia
299 768 413 798 intima
436 774 491 798 tua
514 768 691 809 proiecisti,
716 773 746 798 et
769 767 813 798 nil
837 768 898 798 nisi
924 768 1076 798 corticem
1101 768 1253 798 mandere
1278 770 1372 809 nosti,
1396 780 1478 810 quae
1501 769 1649 800 omnibus
1667 769 1764 799 mani-

112 818 192 850 festa
216 824 298 859 sunt,
323 819 395 850 vide
420 819 532 860 oeulis,
556 819 632 849 audi
657 819 799 857 auribus,
824 824 856 850 et
879 820 969 861 quasi
994 826 1155 850 contrecta
1178 819 1342 850 manibus!
1387 820 1501 851 Nonne
1524 820 1635 859 Roma,
1660 831 1764 851 nonne

111 870 283 911 Tuscania‚
307 882 413 902 nonne
436 871 676 912 Longobardia,
700 882 806 901 nonne
830 870 1010 910 Alamaffia,
1034 882 1140 902 nonne
1161 871 1305 912 Ungaria
1330 871 1422 902 sedes
1446 873 1536 912 regni
1562 872 1764 912 imperatoris

111 923 156 953 tui
181 922 334 953 fuerunt?
378 923 521 954 Eversae
544 928 627 953 sunt.
674 922 804 961 Quare?
848 922 1006 953 Nimirum
1032 923 1109 964 quia
1132 922 1280 954 Salvator
1303 923 1457 965 templum
1483 934 1575 954 suum
1600 924 1765 963 ingressus

111 974 287 1005 vendentes
311 979 343 1005 et
365 981 508 1005 ementes
531 975 625 1006 eiecit
649 979 681 1005 et
702 973 876 1005 kathedras
901 974 1107 1005 vendentium
1134 974 1299 1005 columbas
1316 976 1441 1006 evertit.
1486 975 1665 1016 Pel-pende,
1689 976 1766 1017 quia

111 1026 167 1056 vix
192 1026 355 1057 modicum
380 1031 478 1057 testae
502 1027 648 1068 fragmen
673 1026 703 1056 in
730 1037 825 1056 manu
848 1025 970 1057 domini
995 1027 1040 1058 tui
1058 1028 1221 1065 remansit,
1247 1027 1331 1068 quod
1348 1027 1389 1057 ad
1408 1027 1582 1068 portandos
1599 1027 1765 1065 carbones,

112 1077 196 1108 unde
220 1078 304 1118 ignis
328 1079 513 1117 suscitetur,
547 1078 677 1108 minime
702 1078 744 1108 sit
767 1077 930 1109 idoneum.
976 1078 1111 1109 Frustra
1142 1079 1239 1120 igitur
1271 1080 1431 1109 conamini
1456 1079 1544 1109 illum
1570 1079 1765 1110 constituere

111 1136 141 1161 et
164 1129 290 1170 fulcire,
320 1141 414 1171 quern
441 1129 601 1160 Dominus
626 1130 768 1170 deponit.
815 1130 900 1160 Sane
924 1141 987 1160 non
1013 1129 1053 1160 ab
1083 1141 1116 1160 re
1148 1136 1195 1161 est
1223 1136 1253 1160 te
1282 1130 1323 1160 ad
1347 1136 1376 1161 te
1400 1131 1504 1171 ipsum
1531 1141 1697 1169 revocare,
1722 1136 1766 1169 ut,

111 1182 143 1212 in
167 1182 295 1223 quantis
319 1181 411 1212 malis
435 1182 492 1219 sis⁷
524 1181 584 1212 nisi
609 1187 638 1212 te
664 1181 772 1211 divina
796 1182 900 1222 pietas
925 1183 1052 1222 penitus
1078 1183 1232 1222 deseruit,
1258 1181 1460 1222 consideres,
1485 1181 1637 1223 illamque
1663 1183 1765 1213 sancti

112 1233 252 1275 Spiritus
276 1234 468 1264 sententiam
493 1244 534 1263 ex
559 1234 633 1264 totis
657 1233 856 1274 praecordiis
882 1235 1110 1275 pertimescas,
1143 1245 1224 1275 quac
1255 1235 1312 1264 ait:
1344 1233 1419 1264 Scio
1449 1245 1549 1275 opem
1581 1239 1656 1274 tua,
1687 1235 1765 1275 quia

114 1296 212 1327 neque
234 1285 393 1327 frigidus
417 1296 448 1315 es
472 1296 573 1326 neque
597 1285 744 1322 calidus;
778 1286 937 1326 incipiam
970 1291 997 1316 te
1026 1297 1167 1316 evomere
1191 1296 1230 1315 ζα·
1254 1297 1306 1315 ore
1330 1297 1409 1324 meo,
1441 1286 1520 1326 quia
1553 1285 1650 1324 dicis,
1683 1286 1767 1326 quod

112 1337 202 1368 dives
226 1348 297 1367 sum
321 1341 348 1367 et
370 1336 595 1377 locupletatus,
620 1342 647 1367 et
671 1336 796 1368 nulllus·
820 1348 914 1377 eyeo;
945 1343 972 1368 et
997 1338 1111 1377 nescis,
1136 1338 1213 1378 quia
1237 1342 1268 1367 ii(
1295 1348 1325 1367 es
1348 1338 1446 1368 miser
1468 1341 1495 1366 et
1519 1337 1715 1367 miserabilis
1739 1341 1767 1367 el

111 1400 243 1429 pauper
274 1393 301 1419 et
333 1399 448 1419 caecus
477 1393 503 1418 et
527 1388 647 1421 nucleis,
694 1387 827 1419 Suadeo
851 1389 908 1419 tibi
933 1400 1032 1419 emere
1064 1400 1082 1418 α
1113 1400 1161 1418 mc
1190 1400 1308 1418 aarum
1342 1390 1483 1430 iynitzzm
1511 1388 1702 1428 probarum,
1732 1393 1767 1419 ut

111 1440 252 1481 locuples
268 1439 346 1479 fias.
393 1439 484 1470 Vade
508 1439 608 1480 igitur
631 1439 670 1470 ad
695 1438 798 1470 scolas
823 1446 854 1470 et
878 1439 982 1470 disce!
1030 1440 1129 1470 Disce
1153 1446 1258 1470 autem
1284 1440 1464 1478 scientiam,
1488 1451 1550 1470 non
1568 1450 1650 1481 quae
1667 1439 1766 1479 inflat,

112 1502 173 1522 non
199 1491 366 1522 scientiam
392 1491 485 1521 huius
508 1490 636 1530 mundi,
666 1502 748 1533 quae
772 1491 903 1522 inimica
926 1498 974 1522 est
996 1491 1084 1531 Deo⁷
1114 1491 1168 1522 sed
1195 1491 1294 1529 illam,
1325 1491 1364 1522 de
1397 1502 1460 1533 qua
1483 1491 1563 1522 dicit
1586 1491 1766 1533 apostolus:

112 1544 150 1575 Si
175 1544 250 1585 quis
274 1544 359 1574 inter
382 1554 437 1574 vos
460 1544 595 1584 sapiens
619 1542 686 1573 vult
710 1555 785 1582 esse,
808 1543 926 1574 stultus
941 1545 1018 1583 fiat,
1042 1548 1077 1572 ut
1100 1545 1141 1574 sit
1165 1544 1310 1584 sapiens.
1357 1542 1479 1582 Quodsi
1504 1542 1544 1573 ad
1568 1543 1676 1573 divina
1700 1554 1767 1575 ora-

111 1594 183 1626 cula
213 1601 248 1626 ut
278 1596 365 1637 aspis
397 1605 505 1625 aurem
539 1593 693 1633 obduras,
732 1593 843 1625 saltem
875 1593 928 1625 ille
961 1594 1126 1625 ethnicus2
1157 1594 1384 1625 verecundiam
1417 1601 1504 1625 tuam
1538 1602 1680 1633 moveat,
1712 1596 1766 1636 qui

111 1647 205 1680 dicit:
233 1646 322 1683 Quid
345 1647 540 1678 ‘medicorum
563 1652 618 1687 est,
638 1651 797 1688 promunt
819 1647 958 1685 ‘meclicz';
983 1651 1127 1677 tractant
1142 1647 1289 1688 fabrilia
1303 1646 1410 1687 fabri.
1458 1645 1551 1677 Unde
1571 1652 1660 1677 tanta
1677 1658 1766 1688 prae—

111 1699 268 1740 sumptio,
301 1704 336 1730 ut
365 1697 557 1729 caelestibus
587 1703 616 1728 te
641 1698 742 1728 adicis
765 1697 962 1739 neophitus?
986 1709 1062 1728 num
1087 1699 1242 1739 magister
1265 1709 1298 1728 es
1309 1703 1331 1736 ³,
1362 1699 1417 1739 qui
1446 1709 1620 1740 numquam
1647 1698 1764 1729 scolam

111 1752 264 1781 virtutum
289 1750 430 1789 intrasti,
459 1750 514 1792 qui
538 1751 570 1780 in
594 1748 777 1780 cubiculum
803 1750 888 1790 regis
912 1751 1034 1781 aeterni
1058 1750 1262 1780 introductus
1286 1760 1348 1780 non
1373 1749 1432 1780 es‘?
1475 1749 1554 1781 Inde
1585 1756 1646 1788 est,
1679 1751 1764 1792 quod

111 1801 169 1833 sub
194 1802 302 1844 specie
326 1801 446 1832 medici
470 1812 594 1832 venena
617 1801 787 1842 propinas3
812 1801 886 1832 inde
911 1807 972 1841 est,
998 1801 1084 1843 quod
1110 1802 1228 1832 erroris
1254 1802 1408 1842 magister
1431 1802 1558 1842 existis,
1587 1803 1661 1844 quia
1685 1803 1764 1832 veri-

111 1854 184 1885 tatis
208 1853 385 1895 discipulus
408 1865 585 1896 numquam
608 1853 706 1883 fuisti.
753 1852 849 1885 Certe
881 1855 1060 1895 symoniam
1086 1853 1172 1884 nullo
1204 1853 1299 1884 modo
1328 1864 1482 1884 excusare
1506 1855 1637 1895 poteris.
1682 1854 1764 1884 Nam

111 1906 187 1948 quia
209 1905 327 1947 triplex
352 1905 445 1947 pretii
470 1904 607 1947 qualitas
631 1910 688 1945 est,
713 1904 866 1936 videlicet
888 1917 907 1936 a
930 1917 1037 1941 manu,
1062 1904 1102 1936 ab
1129 1905 1294 1946 obsequio,
1318 1916 1336 1935 a
1360 1905 1485 1935 favore:
1517 1905 1671 1947 profecto.
1705 1906 1764 1936 etsi

110 1968 172 1989 non
196 1958 344 1999 pecunia,
369 1957 455 1999 quod
478 1957 623 1987 fortassis
642 1957 799 1987 incertum
820 1962 877 1997 est,
902 1956 1058 1998 obsequio
1076 1958 1299 1998 episcopatum
1319 1957 1512 1998 conparasti.
1550 1957 1639 1992 Quid
1655 1963 1761 1988 autem

108 2010 239 2051 prodest
265 2010 399 2049 homini,
421 2010 450 2039 si
473 2010 662 2039 universum
685 2008 841 2039 mundum
867 2009 1022 2046 lucretur,
1047 2020 1081 2039 se
1106 2009 1211 2050 ipsum
1229 2014 1335 2038 autem
1354 2008 1466 2049 perdat
1482 2014 1513 2038 et
1537 2009 1761 2040 detrimentum

102 2061 218 2099 faciat
241 2062 372 2092 animae
395 2060 496 2091 suae?
541 2060 607 2091 Aut
630 2071 727 2102 quam
753 2060 844 2090 dabit
868 2061 958 2090 homo
983 2061 1263 2091 commutationem
1285 2071 1346 2100 pro
1365 2061 1479 2090 anima
1496 2060 1581 2090 sua?
1627 2061 1762 2102 Depone

110 2123 185 2154 ergo
211 2113 447 2154 episcopatum.
493 2111 536 2142 Ut
567 2111 645 2153 quid
670 2111 842 2142 multorum
867 2113 990 2142 animas
1015 2122 1085 2142 eum
1111 2117 1165 2142 tua
1189 2111 1320 2152 perdis?
1352 2118 1385 2142 ut
1417 2111 1493 2153 quid
1526 2112 1619 2142 etiam
1653 2113 1760 2143 sedem

110 2174 258 2206 occupas.
304 2162 489 2206 Aliquando
519 2163 630 2194 audies
662 2175 680 2194 a
705 2163 878 2205 propheta:
912 2163 1094 2194 *Peccatori
1129 2168 1235 2194 autem
1270 2163 1355 2194 dimit
1390 2163 1571 2195 Dominus:
1607 2165 1655 2195 Tu
1688 2176 1761 2195 veo-0

111 2216 209 2247 odisti
230 2214 458 2257 disciplinam.
504 2214 543 2246 Si
566 2215 698 2246 videbas
712 2215 838 2255 furem,
868 2226 902 2246 os
925 2219 1013 2246 tuum
1039 2215 1257 2254 habundavit,
1288 2215 1402 2245 sedens
1434 2216 1594 2246 adversus
1615 2216 1760 2256 fratrem

109 2271 208 2298 tuum.
255 2267 466 2298 Eaeistimasti
490 2268 611 2309 inique.
658 2266 833 2308 I71iell1'91'le
857 2267 945 2306 haec,
968 2267 1025 2309 qui
1049 2266 1280 2297 obliviscimini
1303 2266 1429 2297 Deum!
1475 2267 1564 2298 Ilaec
1596 2272 1627 2298 et
1650 2273 1683 2299 tu
1707 2279 1760 2298 ex-

109 2318 244 2359 probras
266 2319 350 2350 inter
372 2317 592 2356 mulierculas,
625 2329 706 2360 quae
737 2323 843 2349 tamen
867 2317 908 2349 ad
932 2317 1116 2360 sepulcrum
1142 2317 1275 2348 Domini
1299 2318 1426 2359 sedent,
1457 2323 1488 2350 et
1517 2320 1600 2350 inter
1623 2319 1761 2362 simplex

109 2368 239 2411 vulgus,
271 2370 357 2412 quod
381 2375 487 2401 tamen
512 2371 714 2412 principibus
739 2369 958 2409 sacerdotum,
990 2369 1152 2412 quomodo
1176 2369 1304 2400 Ihcsum
1332 2369 1493 2401 Christum
1519 2370 1592 2402 dolo
1617 2376 1761 2403 tenerent

110 2425 141 2452 et
164 2421 356 2461 occiderent,
381 2421 549 2453 consilium
573 2422 783 2453 facientibus:
809 2422 948 2453 Osanna
972 2423 1007 2453 in
1032 2421 1164 2452 eoecelsis
1184 2421 1332 2453 Christo!
1356 2421 1481 2454 clamat.
1528 2424 1633 2454 Amici
1659 2424 1759 2454 nostri

111 2474 311 2514 sompniant3
349 2479 585 2514 verumtamen,
617 2475 642 2504 si
675 2474 830 2504 conviciis
854 2474 917 2504 tuis
942 2473 1223 2515 expergefecistih,
1261 2473 1451 2515 sapientiam
1485 2475 1567 2506 inter
1598 2476 1759 2517 perfectos

109 2522 195 2566 loqui
220 2530 389 2566 cogantur,
421 2525 497 2557 talia
527 2530 558 2557 et
581 2531 669 2556 tanta
693 2531 803 2557 contra
827 2531 856 2556 te
881 2525 1012 2556 venient
1033 2524 1174 2566 fulgura,
1207 2536 1289 2566 quae
1320 2531 1485 2557 aeternum
1517 2526 1574 2557 tibi
1606 2528 1760 2568 inponent

111 2574 292 2610 silentium.'

220 2663 248 2695 a)
269 2672 401 2697 mergeres
423 2674 453 2696 c.,
474 2674 541 2690 corr.
562 2665 738 2690 wattenbach.
814 2664 842 2694 b)
864 2674 898 2688 an
919 2664 1117 2697 expergefacti?

218 2748 246 2782 1)
271 2748 362 2782 Epist.
380 2749 481 2776 Athon.
506 2750 544 2776 ad
559 2749 653 2776 Liber.
671 2759 752 2784 pap„
777 2749 922 2775 Decrecal.
943 2748 1118 2775 Pseudoisid.
1137 2749 1179 2775 ed.
1199 2748 1350 2775 Hinsclzz'zts
1369 2758 1399 2782 p.
1418 2749 1486 2776 476.
1556 2750 1586 2782 2)
1612 2749 1756 2781 llcratz'ch,

111 2797 203 2833 Epist.
227 2799 268 2832 II,
297 2801 321 2833 1,
340 2809 372 2834 p.
393 2801 450 2826 115
467 2809 507 2834 sq.

1474 2882 1523 2905 37*

1785 573 1849 592 Rom.
1865 576 1881 596 Ι,
1892 574 1927 593 22.

1786 628 1834 646 Art,
1846 627 1866 648 9,
1879 628 1910 646 15,

1786 919 1930 971 λιαιιὶῗεωὲ

1787 1229 1856 1252 Apoc.
1872 1229 1936 1253 3,15.

1819 1260 1903 1277 1⁴3—1S

1850 1427 1878 1446 cf.

1789 1457 1806 1475 l.
1816 1456 1866 1475 Cor*
1877 1458 1898 1480 S,
1911 1458 1927 1476 1.

1787 1555 1883 1579 ib.3,18

1784 1966 1934 1990 inanimam.

1783 2158 1910 2181 1¹s.49,16.

1783 2185 1817 2210 ⁸1).
1830 2189 1862 2205 1-1.

1783 2217 1811 2236 il».
1826 2217 1850 2235 17
1870 2218 1902 2236 18,

1803 2248 1835 2265 19,
1847 2248 1881 2266 2⁷0.

1782 2281 1802 2299 ib
1824 2282 1857 2300 221.
1869 2282 1903 2300 ²22.

1779 2434 1890 2457 Mamm,
1901 2434 1931 2454 10,
