2132 3067
333 927 367 952 (⁵)

292 1602 319 1624 Ὗ.
330 1604 364 1623 20,

336 2171 367 2193 (Gs

389 160 449 191 154
790 163 943 190 LIBELLI
966 164 1163 191 BERNALDI
1186 164 1423 192 PRESBYTERI
1447 165 1634 193 MONACHI.

388 253 516 292 inte-(fra
547 256 623 282 θεῖ’.
684 251 764 282 Item
796 252 827 282 in
860 251 981 283 111101:
1016 253 1109 284 Intus
1139 258 1166 283 et
1190 253 1284 293 foris
1310 255 1512 294 perversitas
1547 255 1711 286 bominum
1747 256 1947 297 cort-iqenda
1981 261 2036 296 est,

386 304 503 334 diuirm
534 314 606 333 vero
637 308 846 334 sacramenta
877 308 904 334 et
933 304 1064 345 eloquia
1095 316 1161 336 non
1194 305 1377 336 hominibus
1410 306 1596 336 tribuenda.
1651 305 1732 337 Item
1763 307 1794 337 in
1828 307 1911 337 V⁰²:
1946 307 2036 338 Deus

387 354 478 384 adest
500 355 716 385 sacramentis
739 360 767 385 et
790 355 893 386 verbis
916 356 998 396 suis,
1018 367 1081 396 per
1103 356 1292 397 qualeslibet
1311 357 1594 396 administrentur,
1619 361 1646 388 et
1662 364 1869 389 sacramenta
1888 358 1952 389 Dei
1968 358 2036 389 ubi-

387 417 447 446 que
471 410 559 436 recta
583 411 670 445 sunt,
693 410 721 436 et
745 406 825 437 mali
849 406 1002 446 homines,
1025 408 1143 448 quibus
1167 408 1252 439 nillil
1272 413 1423 448 prosunt,
1448 408 1565 450 ubique
1584 410 1733 449 perversi
1752 414 1836 448 sunt,
1860 409 1892 440 id
1911 414 1967 449 est,
1991 409 2036 440 in-

387 462 438 487 tus
462 462 494 487 et
516 456 604 487 foris.
651 457 730 488 Item
763 457 795 488 in
824 457 975 489 eodem-*³2
1004 459 1148 490 IlIunera
1171 460 1332 490 divinitus
1355 470 1506 490 concessa
1524 461 1651 500 partim
1673 465 1749 491 sunt
1769 462 1916 502 propria
1939 461 2035 492 bono·
2059 474 2072 494 5

386 508 494 547 rumh,
529 509 613 538 sicut
643 510 677 540 in
711 509 770 540 hoc
800 514 939 551 tempore
969 510 1193 552 iiffat1'yab1'l1's
1229 511 1354 541 caritas
1388 515 1414 542 et
1450 511 1486 541 in
1521 511 1627 542 seculo
1658 511 1776 551 futuro
1810 513 1877 543 vita
1915 516 2037 552 eterna,

384 561 509 600 partim
534 571 607 591 vero
631 572 701 591 cum
724 559 822 591 malis
841 563 1068 604 perversisque
1089 563 1285 602 communia,
1313 563 1397 592 sicut
1426 563 1546 602 omnia,
1574 563 1610 593 in
1640 563 1757 604 quibus
1779 567 1856 594 sunt
1879 567 1907 593 et
1928 573 2036 595 sacro-

387 616 526 642 sancta⁰
549 612 706 642 viristerz'a.
743 611 807 642 Sed
831 612 1060 654 epistolarem*³
1085 613 1274 645 brevitatem
1301 613 1474 644 observare
1498 625 1561 644 non
1586 624 1725 655 possem,
1750 615 1775 645 si
1801 614 1909 645 omnia
1930 613 2038 645 huius-

388 662 473 693 modi
499 663 685 694 testimonia
709 662 858 704 colligere
882 663 1066 696 voluissem.
1113 664 1262 696 Ceterum
1295 664 1321 695 si
1353 665 1424 707 quis
1449 664 1527 696 baec
1549 664 1675 706 plenius
1698 665 1867 708 explorare
1891 665 2038 707 voluerit,

387 715 509 756 scripta
540 715 623 746 beati
650 715 822 756 Augustini
853 721 967 747 contra
997 716 1186 747 Donatistas
1217 715 1354 747 fideliter
1385 722 1616 758 perscrutetur,
1646 723 1677 748 et
1707 717 1861 759 deinceps
1892 716 2040 748 dubitare
2061 731 2086 750 ιο

387 777 450 796 non
470 767 665 807 permittitur
682 773 885 798 sacramenta
901 766 1077 798 aecclesiae
1095 774 1158 798 tam
1177 773 1268 799 extra
1285 767 1453 798 ecclesiam
1475 779 1570 810 quam
1596 768 1680 799 intra
1703 768 1892 800 aecclesiam
1915 767 1985 800 dari
2009 773 2041 799 et

387 817 521 848 habene
546 829 651 860 posse,
676 817 731 849 sed
756 823 848 849 extra
872 823 1043 861 utrumque
1068 820 1197 850 omnino
1222 820 1407 861 pernitiose.
1454 820 1631 862 Hucusque
1656 819 1695 851 de
1719 819 1846 851 clericis
1863 821 1895 851 in
1911 830 2039 851 excom-

387 870 604 900 municatione
629 869 796 901 ordinatis.

493 921 544 952 Dc
568 921 742 953 infantibus
767 933 896 964 quoquc
921 921 1030 953 itidem
1063 922 1096 952 in
1125 923 1460 953 excommunicatione
1484 920 1656 963 baptizatis
1679 922 1820 965 aliquam
1845 923 2039 954 mentionem

388 972 419 1002 in
451 972 557 1003 sutura
589 973 713 1014 synodo
744 973 925 1004 faciendam
957 979 1046 1015 pute,
1077 973 1108 1004 id
1139 980 1196 1013 est,
1228 974 1253 1004 si
1284 973 1364 1004 salvi
1393 974 1465 1012 sint,
1495 974 1621 1004 etiamsi
1646 979 1719 1004 ante
1743 974 2038 1006 reconciliationem
2061 987 2087 1006 ιε,

387 1024 551 1055 obierint?
596 1025 689 1056 Unde
713 1026 806 1057 nobis
831 1025 940 1056 itidem
965 1027 1140 1056 auctoritas
1165 1026 1265 1056 sancti
1291 1026 1466 1066 Augustini
1491 1025 1677 1056 satisfacere
1700 1026 1830 1066 poterit,
1854 1027 1880 1057 si
1903 1025 2040 1058 fideliter

388 1075 571 1116 legerimus,
596 1076 672 1117 quid
698 1077 767 1118 ipse
790 1078 960 1110 censuerit,
1006 1076 1057 1108 De
1082 1077 1257 1108 maioribus
1282 1082 1355 1118 post
1378 1076 1560 1107 huiusmodi
1581 1077 1780 1118 baptismum
1798 1079 1905 1109 statim
1923 1077 2041 1110 obeun-

388 1127 475 1158 tibus
499 1127 612 1158 scribit
636 1128 747 1159 itidem
772 1129 816 1159 ita
839 1129 869 1158 in
896 1128 998 1169 primo
1027 1127 1109 1159 libro
1134 1128 1172 1159 de
1196 1128 1398 1170 baptismo‘:
1430 1128 1470 1159 Si
1497 1140 1587 1170 quem
1607 1129 1700 1169 forte
1730 1130 1868 1171 coeyerit
1896 1134 2040 1161 eaetrema

388 1180 574 1219 necessitas,
605 1180 660 1210 ubi
683 1180 888 1218 catholicum,
914 1192 977 1221 per
1001 1192 1091 1222 quem
1116 1181 1268 1222 accipiat,
1292 1192 1355 1211 non
1382 1181 1552 1220 invenerit,
1582 1185 1609 1210 et
1632 1181 1666 1210 in
1691 1181 1802 1212 animo
1824 1192 1908 1222 pace
1931 1181 2038 1212 catho-

386 1230 452 1260 lica
476 1230 658 1260 custoditas
678 1243 742 1273 per
765 1232 905 1272 aliquem
930 1236 1023 1262 extra
1047 1233 1204 1263 unitatem
1227 1231 1420 1262 catholicam
1441 1233 1582 1272 positum
1611 1232 1783 1272 acceperit,
1805 1232 1894 1274 quod
1909 1237 1980 1262 erat
2002 1233 2038 1264 in
2059 1244 2086 1263 20

386 1282 461 1323 ipsa
492 1281 654 1312 catholica
686 1283 812 1313 unitate
841 1288 1044 1324 accepturus,
1075 1284 1105 1314 si
1132 1284 1241 1313 statim
1271 1284 1366 1314 etiam
1397 1283 1434 1313 de
1465 1283 1527 1313 Ιιασ
1556 1283 1623 1313 vita
1646 1283 1850 1325 migraverit,
1879 1295 1944 1315 non
1967 1295 2039 1315 eum

387 1334 456 1364 nisi
479 1334 671 1364 catholicum
698 1334 896 1375 deputemus.
951 1335 989 1365 »Si
1013 1339 1117 1365 autem
1143 1346 1163 1365 a
1187 1334 1354 1376 corporali
1376 1339 1476 1365 morte
1499 1333 1666 1375 liberatur,
1698 1346 1767 1365 cum
1800 1346 1832 1366 se
1862 1335 2040 1367 catholicae

386 1386 639 1426 conqreqationi
662 1386 758 1416 etiam
780 1387 947 1427 presentia
969 1385 1138 1427 corporali
1154 1386 1345 1425 reddiderit,
1369 1386 1456 1416 unde
1480 1397 1658 1427 numquam
1675 1386 1772 1417 corde
1789 1387 1950 1427 discessit,
1972 1398 2038 1418 uon

389 1436 489 1467 solunt
522 1449 587 1467 non
621 1437 843 1478 improbamus
874 1438 959 1479 quod
979 1437 1074 1478 fecit,
1102 1437 1158 1468 sed
1188 1439 1392 1468 securissime
1419 1438 1648 1478 verissimeque
1670 1437 1857 1478 laudamus,
1885 1439 2039 1480 quoniam

383 1493 565 1528 presentem
584 1488 686 1519 Deum
713 1489 852 1520 credidit
875 1489 969 1519 corde
993 1500 1061 1527 suo,
1085 1489 1141 1519 ubi
1164 1490 1320 1519 unitatem
1337 1489 1498 1528 servabat,
1522 1494 1549 1519 et
1566 1490 1636 1519 siue
1652 1489 1743 1520 sacri
1758 1489 1912 1532 baptismi
1927 1500 2038 1520 sacra·
2059 1501 2086 1521 25

387 1544 499 1580 mento,
532 1540 616 1581 quod
647 1541 837 1582 ubicumque
866 1542 1000 1581 inuenit,
1031 1552 1095 1571 non
1128 1541 1305 1580 hominum,
1336 1540 1392 1571 sed
1417 1539 1480 1570 Dei
1508 1551 1573 1571 esse
1597 1541 1756 1582 coguovit,
1786 1540 1892 1571 noluit
1914 1551 1953 1571 eae
1977 1541 2038 1572 bac

387 1592 455 1622 vita
483 1592 636 1632 miyrare.
690 1592 730 1623 Si
760 1593 833 1633 quis
862 1598 976 1629 autem,
1008 1604 1079 1623 cum
1108 1593 1214 1633 possit
1238 1593 1273 1622 ¹in
1298 1593 1373 1632 ipsa
1397 1591 1569 1622 ‘catholica
1595 1593 1777 1633 percipere,
1807 1603 1868 1633 per
1891 1592 2037 1634 aliquam

387 1643 501 1673 mentis
527 1644 774 1683 peruersitatem
799 1644 891 1685 eleqit
918 1645 949 1674 in
974 1645 1125 1674 scismate
1148 1644 1324 1685 baptizari,
1355 1644 1481 1674 etiamsi
1502 1647 1616 1684 postea
1640 1644 1750 1674 venire
1773 1644 1818 1675 acl
1844 1643 2037 1675 catholicam

387 1695 520 1734 coyitat,
550 1695 630 1736 quia
661 1700 765 1725 certus
796 1700 851 1735 est,
884 1695 928 1726 ibi
955 1695 1108 1736 prodesse
1137 1699 1386 1733 sacranwntunz,
1417 1695 1505 1735 quod
1535 1694 1616 1726 alibi
1643 1695 1771 1737 quidem
1795 1695 1906 1736 accipi
1924 1700 2038 1737 potest,

383 1746 540 1787 prodesse
563 1751 668 1776 autem
694 1747 779 1777 nihil
799 1752 912 1787 potest,
935 1747 1052 1788 procul
1076 1746 1173 1777 dubio
1192 1757 1366 1788 perversus
1383 1750 1410 1776 et
1428 1746 1565 1787 iniquus
1581 1751 1636 1786 est,
1659 1751 1687 1776 et
1703 1751 1792 1777 tanto
1807 1747 2038 1788 pernitiosius,
2058 1758 2086 1777 so

388 1802 509 1838 ‹Juanto
535 1798 701 1828 scientius.
747 1798 827 1829 Item
852 1799 883 1828 in
910 1798 964 1829 VI.
989 1797 1070 1828 libro
1095 1797 1134 1829 de
1158 1797 1356 1838 baptismo⁵:
1394 1798 1512 1828 Omnes
1544 1797 1623 1828 mali
1652 1797 1872 1840 spiritualiter
1895 1809 1915 1829 a
1945 1798 2038 1829 bonis

387 1850 526 1879 seiuncti
549 1854 635 1888 sunt,
660 1851 690 1879 si
713 1855 819 1880 autem
845 1850 1062 1892 corporaliter
1085 1854 1200 1890 aperta
1223 1849 1426 1880 dissensione
1449 1854 1654 1890 separentur,
1675 1850 1805 1891 peiores
1820 1849 1921 1889 fiunt.
1962 1849 2038 1889 Sed,

390 1906 421 1931 ut
446 1900 567 1931 (lictum
591 1906 645 1940 est,
669 1901 754 1931 nihil
779 1902 907 1932 interest
933 1902 976 1931 ad
1000 1902 1153 1943 baptismi
1175 1902 1390 1940 sanctitatem,
1415 1906 1537 1942 quanto
1560 1902 1696 1943 quisque
1717 1902 1831 1942 peior&
1854 1901 1889 1932 id
1913 1900 2037 1940 habeat,

387 1957 414 1981 et
438 1952 578 1994 quanto¹¹
601 1953 711 1993 peiori
731 1953 855 1985 tradat.
903 1953 1004 1984 Potest
1027 1958 1132 1984 tamen
1159 1952 1287 1983 tradere
1310 1957 1494 1993 separatus,
1523 1953 1606 1983 sicut
1630 1957 1734 1994 potest
1763 1952 1879 1983 babere
1901 1963 2037 1994 separa-

388 2009 459 2034 tus:
483 2004 539 2033 secl
563 2015 659 2045 quam
681 2006 860 2045 pernitiose
885 2004 1011 2044 habere,
1035 2009 1099 2034 tam
1122 2005 1302 2045 pernitiose
1326 2004 1463 2034 tradere.
1509 2003 1571 2034 Ille
1589 2009 1705 2043 autem,
1729 2004 1784 2034 cui
1800 2004 1915 2044 tradit,
1935 2008 2039 2045 potest
2057 2015 2086 2035 ³⁵

388 2055 564 2086 salubriter
597 2057 760 2096 accipere,
792 2058 821 2088 si
852 2057 920 2098 ipse
950 2068 1014 2086 non
1047 2061 1224 2096 separatus
1255 2056 1416 2096 accipiat,
1451 2055 1535 2086 sicut
1567 2055 1733 2097 plerisque
1767 2055 1889 2087 accidit
1923 2055 2038 2098 aliqua

390 2107 574 2137 necessitate
596 2108 717 2138 mortis·

494 2158 528 2188 Si
552 2158 611 2188 hoc
634 2170 711 2199 crgo
735 2158 875 2189 creditur
899 2159 938 2190 de
956 2159 1130 2189 maioribus
1147 2163 1179 2189 ct
1194 2158 1381 2197 scientibus,
1400 2163 1519 2200 quanto
1537 2159 1640 2199 magis
1656 2157 1851 2189 credendum
1869 2162 1917 2189 est
1937 2157 1976 2189 de
1993 2158 2037 2188 in-

389 2209 540 2248 fantibus,
564 2211 617 2252 qui
643 2211 770 2251 penitus
796 2210 931 2241 heresim
958 2211 1104 2241 nesciunt
1127 2222 1184 2242 nec
1208 2216 1357 2252 separato
1384 2210 1481 2241 corde
1505 2209 1699 2252 baptismum
1725 2209 1910 2251 recipiunt?
1954 2209 2035 2240 Nam

387 2262 513 2291 aversio
539 2261 646 2292 cordis
672 2260 806 2293 ubilibet
830 2262 911 2293 solet
935 2262 1092 2304 impedire
1116 2261 1234 2293 donum
1260 2262 1470 2292 remissionis:
1495 2272 1577 2304 quae
1602 2272 1673 2292 cum
1698 2261 1729 2291 in
1753 2259 1890 2303 parvulo
1914 2261 2038 2292 noviter
2057 2273 2084 2291 ιο

391 2312 550 2352 baptizato
574 2323 636 2342 non
662 2314 853 2354 inveniatur,
879 2315 1005 2354 mirum,
1029 2315 1054 2344 si
1075 2324 1136 2344 non
1153 2313 1271 2344 salvari
1289 2324 1383 2355 posse
1400 2324 1458 2355 per
1474 2314 1537 2344 vim
1557 2313 1748 2344 sacramenti
1766 2312 1927 2351 credatur,
1950 2311 2036 2354 quod

387 2369 418 2393 et
450 2363 479 2393 in
512 2363 640 2397 adultis,
668 2365 692 2394 si
724 2364 808 2395 absit
832 2366 958 2396 aversio
983 2365 1099 2405 cordis,
1131 2363 1265 2396 salutem
1291 2366 1416 2406 operari
1442 2376 1503 2395 non
1530 2363 1721 2396 dubitatur?
1770 2363 1894 2406 Nempe
1918 2364 2037 2406 baptis-

389 2425 459 2444 mus
491 2414 706 2446 hereticorum
739 2417 861 2447 maius-i
897 2417 1108 2459 prciudicium
1141 2415 1258 2447 adultis
1289 2427 1384 2458 quam
1417 2416 1559 2458 parvulis
1591 2415 1671 2446 solet
1701 2415 1832 2456 inferre,
1863 2426 1934 2447 cum
1965 2414 2036 2447 illos

388 2467 477 2496 iuxta
501 2477 640 2497 canones
664 2466 704 2497 ab
729 2468 975 2500 aecclesiasticis
999 2468 1255 2499 ordinationibus
1281 2467 1460 2509 prohibeat,
1485 2467 1541 2499 hos
1557 2474 1675 2506 autem,
1700 2473 1871 2509 postquam
1888 2466 2035 2499 adoleve-

388 2517 459 2555 rint,
480 2519 634 2549 canonice
659 2519 798 2550 ordinari
825 2532 886 2551 non
911 2525 1057 2551 renuunt.
1104 2520 1158 2551 Sic
1178 2520 1262 2551 enim
1289 2519 1486 2551 Affricanum
1512 2519 1684 2551 concilium
1708 2518 1850 2561 capitulo
1874 2518 2034 2550 ΧΧΙΙῙΙ.ο
2054 2529 2083 2549 «⁶

499 2626 526 2649 a}
548 2623 618 2647 ‹lec-*t
639 2626 663 2648 (Α.
751 2625 779 2649 b)
800 2625 870 2649 ‹Iecst
891 2624 959 2658 Any.
1045 2627 1068 2656 c)
1089 2633 1166 2650 sacra
1186 2629 1279 2649 sanctu
1299 2625 1324 2649 9.
1411 2626 1438 2657 (1)
1461 2625 1563 2656 epuloni
1585 2625 1610 2648 9.
1696 2625 1722 2656 e)
1742 2624 1839 2649 habere
1859 2624 1884 2649 9.
1959 2623 1981 2655 f)
2002 2631 2034 2648 ex

387 2669 510 2693 custodia
530 2678 600 2694 niun.
623 2679 671 2694 rer.
693 2679 759 2694 corr.
782 2673 805 2695 20.
883 2678 909 2702 g)
933 2671 1003 2702 prior
1023 2672 1047 2694 9.
1123 2671 1150 2697 h)
1174 2671 1280 2704 quando
1302 2672 1327 2696 9.
1403 2672 1424 2699 i)
1445 2679 1476 2695 ex
1497 2680 1563 2695 corr.
1585 2671 1609 2696 9.

498 2768 523 2801 1)
547 2772 560 2797 ς·
582 2768 625 2795 17,
650 2772 668 2794 Ι,
690 2768 741 2800 IX,
766 2769 816 2794 col.
838 2768 906 2794 131.
980 2769 1010 2803 2)
1032 2772 1046 2799 ξ
1064 2769 1112 2801 27,
1137 2770 1186 2796 eol.
1211 2769 1277 2796 154.
1352 2769 1382 2803 3)
1405 2771 1419 2800 5
1436 2769 1484 2802 38,
1509 2772 1528 2798 t.
1543 2769 1596 2801 IX,
1613 2768 1750 2796 col.159.
1779 2768 1846 2794 160.
1920 2766 1951 2801 4)
1972 2769 1987 2798 ξ
2004 2766 2032 2800 3,

388 2819 438 2844 cal.
465 2820 514 2845 sl.
582 2819 610 2853 5)
633 2822 646 2849 ξ
673 2819 698 2847 ἶ,
724 2820 774 2845 col.
797 2820 863 2846 163.
892 2820 957 2848 1134,
1027 2821 1055 2854 6)
1079 2821 1236 2846 Secundum
1260 2829 1314 2846 rec.
1341 2820 1636 2853 Diam-Hadrianum,
1660 2820 1758 2846 Mansn'
1778 2823 1797 2846 t.
1816 2818 1867 2851 IV,
1892 2817 1942 2845 col.
1960 2817 2032 2846 488.
