2132 3067
597 137 714 163 LIBER
736 137 789 163 DE
811 135 968 163 HONORE
990 135 1208 163 ECCLESIAE.
1669 132 1730 162 573

261 227 331 258 CII.
377 227 481 265 Quam
507 236 587 267 pure
611 230 642 256 et
665 230 794 256 sancte³
818 224 1056 256 aecclesiastica
1079 223 1185 254 officia
1209 224 1341 254 tractari
1366 223 1513 256 debeant.

241 278 329 309 CIII.
374 276 546 317 Quomodo
569 276 731 308 Adrianus
755 287 840 318 papa
863 276 1151 307 anathematizavit
1179 275 1344 317 principes
1375 274 1524 307 electioni
1548 277 1730 318 praesulum

463 340 496 360 se
521 329 695 359 inserentes
705 327 728 359 ¹³.

231 381 334 413 CIIII.
381 381 489 419 Quare
513 380 704 421 permissum
729 379 771 409 sit
793 378 1042 420 imperatoribus
1065 377 1240 409 aecclesias
1263 379 1426 409 investire.

50 446 62 465 ⁵
265 432 333 464 CV.
379 431 526 470 Qualiter
549 429 663 461 electio
687 430 825 471 pastoris
849 431 1004 460 canonice
1028 429 1175 460 facienda
1198 430 1248 460 sit.

246 484 330 516 CVI.
376 483 448 513 Non
482 482 601 513 debere
634 481 732 522 eligic
763 481 1042 523 archiepiscopum
1075 481 1143 511 sine
1174 481 1264 511 iussu
1295 481 1344 511 vel
1377 482 1509 512 scientia
1540 483 1732 514 vicariorum

465 533 586 564 domini
609 543 724 574 papae.

231 586 334 617 CVII.
379 585 476 625 Quod
500 596 539 616 ex
563 584 718 615 iaetantia
740 584 845 615 cordis
869 583 1064 615 desiderium
1090 584 1249 625 primatus
1273 588 1431 614 nascatur.

216 637 336 669 CVIII.
381 636 476 676 Quod
501 635 604 667 clerus
628 641 660 666 et
682 635 772 677 plebs
796 635 995 666 sacerdotem
1021 635 1081 666 sibi
1106 634 1224 676 eligere
1248 634 1395 668 debeant,

37 702 63 721 ιο
204 689 338 721 CVIIII.
382 688 449 720 Utd
473 698 682 730 personarum
706 687 871 728 acceptioe
896 687 927 717 in
952 688 1051 718 sacris
1075 687 1250 718 honoribus
1275 686 1390 717 dandis
1413 697 1475 717 non
1501 687 1585 719 fiats.

261 740 332 772 CX.
378 739 473 779 Quod
498 750 561 770 non
585 740 648 769 sint
670 739 739 769 veri
762 739 918 780 episcopi,
943 739 998 780 qui
1022 750 1079 780 per
1103 737 1312 769 ambitionem
1337 737 1533 769 ordinantur.

245 792 333 823 CXI.
378 791 456 822 Deg
479 802 515 822 eo
541 792 617 832 quia
641 790 777 821 humiles
801 790 841 820 ad
866 801 990 821 sacrum
1017 790 1160 821 ordinem
1187 788 1384 831 provehendi
1409 795 1491 820 sunt.

228 843 332 875 CXII.
379 843 485 882 Quam
508 853 607 883 grave
632 843 673 872 sit
695 841 805 883 aliqua
826 841 1042 872 fraudulentia
1065 852 1190 872 sacrum
1217 840 1360 871 ordinem
1386 845 1555 872 temerare.

209 895 334 927 CXIII.
379 894 465 934 Quia
487 893 620 925 difficile
645 893 729 924 bono
754 894 843 924 exitu
867 893 1151 924 consummanturh
1175 904 1257 934 quae
1281 891 1363 923 male
1386 892 1536 923 inchoata
1559 898 1641 927 sunt.

39 959 64 978 ιιι
193 946 334 978 CXIIII.
381 946 495 985 Quodi
522 945 602 976 haec
626 955 718 975 sacra
742 944 843 976 verba
867 944 1096 975 demonstrent.

228 997 331 1029 CXV.
378 997 485 1036 Quam
516 1008 615 1038 grave
645 997 687 1027 sit
716 997 972 1038 praerogativam
997 996 1192 1027 sacerdotiik
1216 995 1393 1026 ambitione
1418 1007 1582 1037 quaerere,
1613 1004 1644 1027 et
1674 1008 1736 1038 qua

466 1049 643 1090 penitentia
667 1047 712 1078 illi
736 1047 954 1080 subveniatur.

218 1101 336 1133 CXVI.
383 1100 432 1131 De
456 1099 659 1142 principibus
684 1106 812 1131 sanctae
835 1099 1014 1130 aecclesiae
1037 1098 1214 1129 catholicae
1224 1100 1249 1128 ²³.

200 1152 338 1185 CXVII.
383 1151 578 1194 Exemplum
602 1151 642 1182 de
663 1151 732 1182 vita
756 1152 858 1182 sancti
881 1151 1022 1190 Martini,
1046 1150 1101 1181 ubi
1127 1149 1315 1189 ostenditur,
1347 1154 1500 1191 quantam
1525 1153 1734 1183 reverentiam

39 1216 66 1235 20
466 1203 583 1235 terreni
601 1203 764 1245 principes
781 1203 878 1234 etiam
896 1204 928 1233 in
945 1202 1079 1233 terrenis
1097 1200 1192 1232 rebus
1209 1200 1435 1232 sacerdotibus
1453 1201 1569 1233 habere
1586 1203 1704 1235 debent
1717 1205 1736 1235 ¹.

181 1255 335 1287 CXVIII.
381 1255 512 1295 Quanta
536 1254 618 1285 mala
642 1255 681 1286 de
706 1259 865 1296 potestate
888 1253 1043 1285 laicorum
1068 1254 1100 1284 in
1125 1251 1311 1283 aecclesiam
1335 1258 1410 1283 nata
1434 1253 1519 1284 sint?

163 1307 336 1340 CXVIIII.
381 1307 586 1345 Exhortatio,
616 1312 651 1338 ut
679 1307 710 1337 in
736 1307 854 1347 bonon,
884 1305 968 1348 quod
993 1310 1145 1347 ceptum⁰
1169 1309 1228 1344 est,
1258 1310 1493 1345 perseveretur,
1518 1305 1636 1336 malum
1661 1318 1738 1338 vero

467 1358 660 1390 omnimodis
685 1358 884 1397 emendetur,
907 1362 938 1388 et
962 1357 1001 1388 de
1025 1363 1142 1388 statere
1165 1357 1197 1386 in
1222 1366 1276 1386 ore
1299 1355 1398 1396 piscis
1422 1356 1563 1387 invento.

234 1410 340 1442 CXX.
387 1410 437 1442 De
460 1421 508 1449 e0‚
534 1410 619 1451 quod
643 1409 805 1451 populus?
828 1409 866 1440 ad
893 1408 1091 1439 voluntatem
1115 1408 1178 1438 Dei
1202 1406 1401 1448 implendam
1425 1408 1589 1448 cogendus
1613 1416 1670 1440 est.

40 1474 67 1493 25
214 1461 337 1493 CXXI.
382 1462 433 1493 De
457 1472 505 1502 eo,
530 1463 606 1503 quia
629 1472 730 1502 prava
752 1461 910 1492 sententia
934 1459 1136 1491 emendanda
1160 1464 1219 1490 est.

198 1513 338 1545 CXXII.
384 1513 470 1552 Quia
493 1523 564 1543 cum
590 1524 708 1554 magno
733 1512 862 1543 studioq
886 1512 1046 1554 perversis
1071 1511 1220 1541 resistere
1244 1509 1410 1551 debemus,
1435 1516 1465 1542 et
1482 1511 1611 1542 Deumr
1636 1514 1739 1554 magis

468 1565 581 1596 timere
605 1575 701 1606 quam
727 1564 899 1595 hominem.

181 1616 338 1648 CXXIII.
384 1616 434 1647 De
458 1616 570 1647 eadem
595 1627 638 1647 re.

163 1668 339 1700 OXXIIII.
385 1667 464 1698 Item
490 1667 529 1698 de
553 1667 665 1698 eadem
689 1678 733 1697 re.

41 1731 68 1751 ιο
200 1719 338 1751 CXXV.
385 1720 435 1750 De
459 1718 571 1750 eadem
596 1731 639 1750 re.

185 1771 339 1802 CXXVI.
387 1770 436 1802 De
460 1770 572 1801 eadem
598 1782 631 1801 re
643 1772 684 1801 *²²2

168 1822 340 1854 CXXVII.
386 1822 436 1852 De
459 1821 571 1852 eadem
597 1834 630 1853 re
640 1827 660 1853 ⁵.

152 1873 340 1906 CXXVIII.
387 1873 472 1912 Quia
495 1873 613 1904 nichil‘
640 1873 833 1915 pretiosiusu
855 1872 948 1903 nobis
972 1871 1068 1902 debet
1091 1882 1170 1910 esse,
1197 1882 1293 1912 quam
1317 1871 1447 1901 veritas.

134 1925 341 1957 CXXVIIII.
387 1924 477 1955 Alios
500 1924 540 1955 ab
565 1936 672 1955 errore
695 1923 906 1955 revocandos.

44 1989 71 2008 ss
202 1976 343 2008 CXXX.
388 1976 439 2007 De
463 1976 574 2007 eadem
601 1988 644 2010 re,

183 2027 341 2060 CXXXI.
386 2028 494 2067 Quiav
516 2038 575 2069 pro
599 2038 707 2058 amore
732 2026 793 2058 Dei
816 2036 1040 2068 perversorum
1071 2024 1145 2056 odia
1173 2031 1283 2055 eontra
1307 2036 1364 2055 nos
1389 2025 1530 2055 excitare
1553 2025 1707 2058 debemus
1717 2033 1739 2057 Ρ.

167 2079 341 2111 CXXXII.
387 2079 495 2118 QuiaV
520 2080 639 2110 bonum
664 2080 705 2109 sit
727 2078 908 2117 emendare,
933 2077 1018 2119 quod
1044 2075 1126 2107 male
1151 2075 1351 2117 protulimus.

213 2211 242 2249 ²²‘)
264 2217 316 2241 ΒΞ
338 2217 378 2241 hic
399 2217 491 2241 titulus
511 2217 644 2249 sequium.-
671 2213 788 2239 CXVII.
819 2212 864 2238 De
889 2220 932 2244 eo,
957 2211 1025 2246 quia
1049 2211 1228 2236 consuetudo
1253 2219 1326 2244 quae
1349 2210 1530 2244 temporibus
1555 2212 1646 2238 sancti
1669 2212 1739 2239 Gre-

264 2264 338 2299 gorii
361 2263 510 2290 Romanae
535 2264 696 2290 aecclesiae
720 2264 822 2295 inerat,
853 2271 910 2289 non
933 2262 1116 2297 praeiudicat
1140 2262 1298 2288 eanonicae
1322 2261 1437 2287 rationi.
1485 2265 1634 2297 Capitulum
1657 2268 1739 2299 ips-um

47 2321 75 2340 4⁰
263 2314 291 2338 in
311 2318 383 2339 textu
403 2313 579 2339 desideratur.

200 2362 241 2397 *ἢ
264 2365 312 2389 Bl
337 2365 414 2389 add..⁴
434 2362 505 2387 Item
530 2361 564 2386 de
590 2361 690 2387 eadem
715 2369 754 2387 re.
800 2361 872 2387 Item
897 2360 931 2386 de
957 2360 1057 2385 cadem
1081 2368 1122 2385 re.
1167 2360 1211 2385 De
1236 2358 1336 2385 cadem
1360 2367 1400 2384 re.

206 2484 232 2509 a)
254 2484 344 2513 sancte
364 2480 389 2504 B
404 2482 426 2504 1.
493 2481 519 2512 b)
539 2481 663 2504 iferentes
685 2480 749 2510 B1;
770 2480 950 2504 immiscentes
971 2476 1046 2503 1321’.
1117 2485 1142 2505 c)
1163 2488 1229 2502 corr.
1251 2487 1282 2502 ex
1303 2479 1370 2510 elegi
1392 2479 1466 2503 32³.
1538 2479 1564 2511 d)
1587 2479 1629 2504 hic
1649 2479 1740 2504 titwlzrs

95 2527 191 2552 obtinet
210 2535 282 2551 num.
298 2526 366 2551 CXI.
383 2530 444 2558 post
465 2535 484 2551 c.
501 2526 554 2550 CX.
574 2526 633 2550 ΒΞ.
717 2525 744 2554 e)
765 2527 835 2550 actio
856 2526 881 2550 B
895 2527 916 2548 l.
1003 2525 1023 2549 fl
1045 2533 1077 2549 ez:
1097 2528 1169 2548 textu
1190 2524 1231 2549 hic
1251 2525 1415 2556 supplendus
1437 2529 1474 2549 esst
1493 2525 1586 2549 titulus
1606 2526 1633 2549 in
1656 2526 1742 2550 iudice

96 2572 221 2598 omissus:
240 2573 275 2597 Ut
295 2573 395 2597 nullum
415 2572 514 2597 habeat
534 2573 621 2597 locum
642 2573 668 2596 in
689 2572 894 2596 aecclesiasticis
915 2571 1010 2596 officiis
1031 2572 1154 2602 pecunia.
1254 2576 1284 2602 g>
1305 2575 1385 2602 capue
1407 2571 1489 2602 ipsum
1511 2571 1586 2596 codd.
1606 2571 1631 2595 Β
1651 2572 1741 2596 classis

49 2626 76 2645 45
96 2620 174 2644 deest.
232 2619 261 2645 h>
282 2619 434 2651 consuffipt²
454 2618 480 2642 B
493 2621 515 2642 1.
578 2619 596 2646 i]
620 2618 689 2648 Quid
710 2618 734 2642 Β
747 2620 776 2648 1;
797 2618 838 2642 Ad
859 2617 922 2645 B2;
944 2617 1077 2648 discrepat
1098 2616 1189 2640 titulus
1210 2616 1236 2640 in
1257 2620 1328 2641 iesclu
1348 2616 1382 2640 B.
1440 2617 1471 2647 k)
1492 2618 1658 2642 sacerdotum
1681 2618 1706 2642 B
1720 2620 1740 2642 l⁴

96 2665 116 2696 l)
139 2665 255 2689 debeant
275 2664 299 2689 Β
312 2666 334 2690 1.
429 2666 466 2696 m)
486 2664 600 2688 ecelesia
619 2664 684 2688 fiant
702 2664 727 2688 B
741 2666 763 2689 l.
852 2663 880 2694 n)
901 2663 970 2687 bono
991 2671 1093 2694 persev.
1115 2671 1138 2695 q.
1161 2665 1229 2694 cept.
1252 2666 1291 2687 est
1312 2662 1336 2686 Β
1350 2664 1372 2687 l.
1461 2666 1488 2693 ο)
1508 2664 1642 2695 inceptum
1665 2661 1740 2687 Ra‘b.

96 2711 127 2743 p)
147 2711 218 2736 deest
238 2711 262 2735 B
276 2713 297 2735 1,
365 2712 393 2742 ql
414 2710 485 2735 deest
504 2710 579 2734 132³.
643 2710 667 2741 r)
688 2711 720 2734 D.
741 2719 775 2734 m.
798 2720 821 2742 q.
843 2710 867 2733 h.
889 2710 943 2734 tim.
965 2709 1024 2734 Bl.
1082 2709 1106 2739 s)
1128 2709 1199 2733 deest
1218 2708 1246 2732 in
1266 2708 1353 2733 indice
1373 2709 1480 2734 titulus.-
1500 2710 1585 2734 Deum
1606 2711 1740 2734 timentem

97 2757 179 2781 nichil
198 2765 366 2789 praesumere
387 2760 480 2781 contra
499 2760 651 2781 sanctorum
673 2760 776 2788 patrum
797 2756 927 2780 instituta.
1020 2755 1043 2786 t)
1064 2756 1100 2779 nil
1120 2755 1145 2779 B
1160 2756 1182 2778 l.
1271 2757 1299 2785 u)
1320 2756 1433 2787 precius,
1454 2755 1515 2779 ΒΞ.
1604 2756 1629 2786 v)
1653 2756 1700 2780 hoc
1721 2759 1743 2778 et

98 2811 206 2834 sequens
227 2803 317 2834 capita
334 2801 363 2827 in
383 2806 455 2827 textu
476 2802 529 2827 des.
551 2802 617 2831 B·2,·
638 2802 713 2826 aliud
734 2802 771 2826 ita
792 2801 958 2833 inscriptum:
978 2802 1018 2825 De
1040 2802 1132 2826 eadem
1153 2810 1180 2826 re
1196 2806 1256 2833 post
1278 2810 1297 2825 c.
1314 2801 1417 2826 CXXX.
1439 2800 1541 2833 leqitur.
