2132 3067
308 727 341 751 (ss)

315 1645 346 1669 (7)

229 1689 256 1708 ef.
266 1689 297 1707 1-:z
315 1689 350 1713 33,

249 1719 324 1737 {LV-R

236 2417 290 2435 {tom
307 2417 354 2439 ΞΑ.

362 164 419 193 114
759 161 909 188 LIBELLI
933 159 1129 186 BERNALDI
1152 157 1389 185 PRESBYTERI
1412 156 1597 184 MONACHI.

466 252 638 282 Sciendum
671 256 788 288 autern,
817 250 901 290 quia,
931 247 1084 289 quamdiu
1108 245 1183 277 mali
1213 247 1245 276 in
1273 245 1431 277 catholiea
1453 245 1576 275 unitate
1599 249 1683 284 sunt,
1708 244 1820 284 bonos,
1844 244 1904 274 nisi
1929 254 2000 274 con-

360 305 512 340 senc-iant,
542 314 600 333 sua
631 301 853 332 communione
885 311 946 330 non
978 298 1150 337 maculant,
1181 298 1265 328 sieut
1296 296 1410 327 beatus
1434 296 1650 336 Augustinus·
1678 302 1789 326 contra
1812 296 2001 326 Donatistas

360 355 616 396 frequentissime
634 359 665 383 et
682 351 950 393 inrefragabiliter
967 349 1092 391 probat.
1130 349 1306 389 Postquam
1324 358 1398 378 vero
1415 348 1454 378 ab
1471 346 1608 378 aeclesia
1629 351 1830 388 separantur,
1855 357 1918 377 non
1937 347 2000 376 iam

360 406 427 437 sola
457 405 676 439 consensione,
708 403 763 433 scd
795 403 888 433 etiam
920 402 1070 432 exteriori
1096 400 1321 430 communione
1345 399 1633 429 communicatores
1656 408 1732 428 suos
1755 397 1916 429 maculare
1939 408 2003 428 non

360 457 557 488 dubitantur.
615 455 707 485 Unde
731 454 814 484 idem
839 454 955 484 beatus
978 452 1202 492 Augustinus²
1227 451 1257 481 in
1282 450 1356 481 1111.
1374 449 1599 491 Cartaginensi
1624 448 1759 480 concilio
1783 461 1801 480 a
1825 448 2002 480 CCXVII·
2021 459 2034 478 ⁵

361 509 521 550 episcopis
562 507 670 537 habito
712 505 900 536 sententiam
936 503 1279 534 excommunicationis
1314 512 1370 531 sua
1404 501 1641 542 subscriptione
1675 501 1876 531 confirmavit
1909 510 2004 540 super

361 571 444 599 eum,
475 560 658 601 quicunque
688 557 841 598 deinceps
872 555 1151 586 excommunicato
1182 553 1232 585 vel
1262 554 1294 584 in
1323 554 1466 583 oratione
1495 552 1789 583 communicaverit.
1840 552 1913 590 Qua
1935 561 2004 581 sen-

362 613 460 642 tentia
483 616 514 641 et
538 610 598 651 ipsi
623 607 758 650 apostoli
779 606 962 638 huiusmodi
984 606 1290 637 communicatorem
1315 604 1508 635 damnavere
1532 605 1624 634 iuxta
1640 603 1885 634 adtestationem
1903 602 2004 633 sancti

363 662 495 694 Calisti³
520 672 634 703 papae.

469 713 645 754 Hucusque
669 711 708 742 de
732 710 801 751 lege
825 709 1169 740 excommunicationis
1192 713 1317 738 vestrae
1341 708 1487 748 petitioni
1504 712 1666 747 utcunque
1683 705 1905 736 satisfecimus.
1941 703 2006 735 Sed
2026 715 2052 734 ιο

363 766 438 807 quia
467 776 529 795 non
561 765 629 794 sine
660 762 768 793 fenore
800 767 862 791 tam
886 761 1057 791 karissimo
1082 759 1170 790 fratii
1200 764 1231 790 et
1262 758 1391 789 domino
1416 758 1558 790 debitum
1582 756 1764 799 persolvere
1792 755 1947 788 debemus
1975 760 2007 787 et

362 816 424 847 alia
448 826 510 846 non
535 815 640 845 minus
665 813 822 855 placituia
845 812 938 843 vobis
963 821 1194 852 supetwcrogate
1220 809 1381 849 volumus;
1414 809 1564 841 videlicet
1590 808 1667 851 quid
1692 808 1732 838 sit
1755 806 2006 848 intellegendum

363 869 401 898 de
425 868 473 907 ri(
478 878 531 898 ore
555 877 713 897 canonum
737 876 834 907 super
858 864 1063 894 damnatione
1088 861 1137 892 vel
1162 861 1363 902 depositione
1387 860 1548 902 lipsoium
1582 871 1640 891 nec
1672 870 1734 890 non
1765 864 1797 890 et
1826 857 2006 889 reconcilia-

362 920 447 950 tione
471 929 591 949 corum.
636 917 718 948 Nam
744 917 774 947 in
798 914 982 946 huiusmodi
1012 915 1117 945 causis
1147 923 1264 953 magna
1293 912 1486 942 discretione
1510 912 1701 952 indigemus,
1730 921 1770 940 ne
1792 908 1843 940 vel
1871 909 2004 939 nimium

363 971 457 1010 rigidi
495 981 566 1000 cuin
599 968 787 999 Νονιῑίειηίε
827 967 996 1008 desperare
1028 965 1196 996 videamur
1226 963 1264 994 de
1296 963 1397 994 salute
1428 963 1590 1004 lapsorum
1627 961 1677 993 vel
1710 961 1844 992 nimium
1881 960 2006 991 remissi
2027 971 2052 990 ιε

363 1022 464 1053 zelum
490 1021 551 1051 Dei
576 1031 638 1050 non
663 1019 780 1050 babere
803 1018 993 1049 iudicemur.
1040 1017 1080 1047 Et
1104 1016 1241 1057 primum
1267 1014 1396 1056 quidem
1421 1014 1461 1044 de
1484 1015 1590 1055 1NJigo1e
1614 1024 1784 1044 canonum.

468 1071 594 1102 Locusb
627 1071 821 1112 penitentiae
853 1069 951 1100 semel
979 1074 1103 1099 tantum
1135 1066 1333 1107 antiquitusc
1366 1066 1397 1095 in
1428 1065 1566 1095 aeclesia
1595 1064 1713 1105 legitur
1744 1073 1916 1095 concessus
1950 1072 2007 1094 nee

362 1124 457 1154 alicui
481 1129 553 1164 post
577 1122 784 1163 penitentiam
809 1121 924 1151 iterum
948 1119 1038 1160 lapso
1062 1117 1296 1150 concedendus
1343 1117 1397 1147 Sic
1427 1116 1511 1146 enim
1541 1116 1655 1148 beatus
1681 1114 1845 1157 Syiiciusd
1867 1125 1953 1156 papa
1974 1114 2006 1144 in

364 1175 522 1206 decretis⁴
546 1174 611 1203 suis
637 1173 676 1204 de
701 1171 882 1202 huiusmodi
911 1170 1009 1212 lapsis
1039 1170 1141 1199 aftiim
1147 1175 1188 1207 at
1220 1169 1316 1210 (Ῑιιίιιο
1341 1169 1403 1197 iam
1436 1167 1601 1209 penitendi
1626 1162 1800 1206 suffugium
1824 1177 1887 1196 non
1911 1164 2007 1196 habe-

364 1233 434 1261 ant:
469 1225 524 1256 sed
559 1236 620 1255 non
652 1225 694 1255 ita
725 1223 911 1264 intellegere
936 1221 1101 1259 debemus,
1133 1221 1224 1261 quasi
1249 1219 1348 1250 sancti
1374 1225 1480 1260 paties
1502 1218 1553 1250 vel
1576 1218 1615 1249 de
1639 1217 1822 1249 huiusmodi
1846 1217 2008 1259 lapsorum
2028 1227 2055 1246 2⁰

365 1278 464 1308 salute
489 1276 707 1317 desperarent,
738 1275 798 1305 etsi
829 1285 883 1305 eos
912 1275 995 1304 inter
1025 1273 1203 1314 penitentes
1228 1270 1430 1312 recipiendos
1455 1270 1661 1311 denegarent.
1707 1269 1780 1300 Non
1803 1270 1887 1300 enim
1910 1269 2009 1301 haecf

365 1330 435 1359 ideo
460 1328 658 1358 instituisset:
681 1325 831 1370 credendi
856 1331 939 1364 sunt,
963 1330 997 1355 ut
1020 1324 1164 1354 homiues
1186 1335 1206 1353 a
1228 1323 1413 1364 penitentia,
1436 1321 1492 1353 sed
1517 1333 1536 1353 a
1559 1327 1690 1363 peceato
1714 1321 1930 1360 deterrerent;
1953 1331 2011 1352 nec

365 1386 399 1410 ut
417 1380 530 1419 minus,
554 1378 608 1409 scd
634 1385 673 1411 ut¹
692 1377 854 1417 humilius,
878 1382 951 1418 post
966 1375 1090 1416 lapsum
1110 1375 1289 1416 peniterent
1312 1373 1366 1415 qui
1391 1384 1424 1403 se
1448 1379 1479 1403 et
1500 1373 1579 1414 ipsis
1603 1373 1820 1415 penitentibus
1843 1373 2011 1404 inferiores

365 1431 505 1472 reputari
525 1425 684 1460 ⁴viderent.
730 1428 768 1459 Et
801 1428 883 1459 hoeh
913 1428 945 1458 in
974 1427 1044 1458 aliis
1071 1425 1281 1457 criminaliter
1310 1424 1408 1466 lapsis
1440 1425 1531 1466 quasi
1563 1434 1620 1465 pro
1651 1424 1720 1466 lege
1744 1425 1944 1463 observatur,
1977 1428 2011 1455 ut

366 1482 405 1513 ab
431 1481 541 1512 ordine
565 1481 752 1518 deiciantur,
783 1491 876 1522 quem
901 1484 973 1509 ante
998 1478 1122 1519 lapsum
1148 1477 1298 1508 habuisse
1327 1482 1359 1507 et
1386 1476 1416 1506 in
1447 1486 1510 1517 quo
1535 1486 1686 1517 peccasse
1710 1475 1912 1516 deteguntur.
1957 1475 2011 1507 Sic
2031 1483 2057 1502 ²⁵

367 1534 516 1564 nimirum
541 1537 572 1562 et
594 1533 624 1562 in
651 1531 761 1562 ordine
786 1531 996 1572 penitentium
1021 1529 1195 1569 constituti,
1219 1529 1244 1559 si
1268 1528 1372 1559 denuo
1396 1526 1557 1567 labuntur,
1585 1527 1719 1569 pristino
1751 1527 1856 1558 ordini
1878 1538 1942 1558 non
1966 1527 2011 1557 in-

367 1585 480 1615 merito
504 1583 687 1614 iudicantur
711 1582 844 1624 indigni.

476 1635 545 1666 Non
570 1639 675 1665 tamen
699 1634 777 1665 haec
800 1634 899 1664 sancti
924 1637 1030 1674 patres
1055 1631 1279 1673 desperatione
1302 1630 1414 1661 veniae
1446 1635 1510 1661 tam
1535 1630 1650 1661 aeriter
1672 1629 1853 1661 decrevisse
1877 1628 2012 1660 credun-

370 1694 430 1725 tur,
456 1687 608 1728 precipue
633 1697 704 1716 cum
730 1686 888 1716 Dominus
913 1683 1043 1714 omnesi
1070 1683 1215 1713 homines
1238 1681 1316 1712 velit
1338 1680 1465 1720 salvari,
1490 1682 1544 1723 qui
1568 1681 1661 1712 dicit:
1684 1681 1767 1719 Nolo
1789 1685 1920 1712 mortem
1938 1692 2011 1723 pec-

370 1741 509 1778 catoris,-
534 1744 578 1769 et:
602 1738 640 1768 In
667 1748 859 1778 quacunque
883 1736 934 1766 die
956 1740 1108 1776 peccator
1130 1734 1336 1776 inqemuerit,
1358 1733 1468 1764 salvus
1490 1734 1560 1765 erit.
1599 1732 1682 1772 Non,
1699 1733 1841 1774 inquam,
1864 1731 2013 1774 despera·
2031 1742 2058 1762 so

369 1792 455 1822 tione
479 1790 602 1827 veniae,
627 1789 680 1819 sed
706 1799 763 1829 pro
787 1787 910 1818 cautela
933 1785 1121 1827 disciplinae
1145 1785 1223 1816 haec
1246 1785 1391 1815 instituta
1414 1783 1590 1815 credimus:
1613 1784 1699 1826 quod
1723 1784 1819 1815 etiam
1843 1794 1884 1814 ex
1907 1784 2014 1815 verbis

370 1843 455 1874 beati
479 1841 671 1882 Augustini⁵
694 1839 737 1870 ac}
758 1838 983 1870 Macedonium
1008 1837 1234 1879 presbyterum
1257 1836 1438 1877 approbare
1462 1846 1649 1877 possumus:
1678 1835 1717 1866 In
1741 1840 1878 1875 tantum,
1901 1835 2014 1877 inquit,

370 1895 535 1924 hominum
560 1891 741 1933 aliquando
758 1891 920 1932 iniquitas
939 1889 1166 1930 progyreclitur,
1190 1892 1224 1918 ut
1248 1889 1344 1918 etiam
1366 1892 1440 1928 post
1465 1892 1569 1918 actam
1592 1888 1818 1928 penitentiam,
1837 1891 1912 1928 post
1929 1886 2012 1917 alta-

372 1947 418 1975 ris
442 1943 735 1975 reconciliationem
759 1942 810 1972 vel
829 1941 949 1972 similia
976 1940 1021 1971 vel
1044 1941 1203 1981 yraviora
1227 1939 1434 1970 committant.
1485 1938 1526 1968 Et
1556 1943 1659 1969 tamen
1685 1938 1775 1969 Deus
1794 1938 1887 1979 facit
1917 1939 2013 1968 eliam

371 2008 469 2036 super·
499 1994 577 2025 tales
609 1995 692 2025 oriri
721 1993 815 2024 solem
846 2004 952 2032 suum,
982 2004 1039 2023 nec
1070 1989 1176 2022 minus
1206 1990 1330 2028 tribuit,
1361 2001 1455 2031 quam
1489 1994 1586 2020 antea
1619 1989 1786 2028 tribuebat,
1820 1989 2013 2030 largissima
2032 1999 2058 2019 ³⁵

372 2059 509 2078 munera
541 2047 624 2076 uitae
653 2050 680 2075 et
710 2045 837 2075 salutis.
885 2045 922 2074 Et
946 2044 1093 2085 quamvis
1124 2043 1170 2072 eis
1200 2043 1235 2072 in
1266 2041 1404 2072 aeclesia
1431 2041 1520 2071 locus
1550 2040 1602 2071 ille
1627 2041 1829 2081 penitentiae
1852 2051 1918 2071 non
1941 2050 2013 2070 con-

372 2100 518 2137 cedatur,
551 2097 638 2127 Deus
669 2101 774 2127 tamen
805 2107 907 2136 super
937 2094 1031 2126 illosk
1060 2093 1249 2135 pacientiae
1272 2104 1351 2123 suae
1375 2103 1439 2123 non
1464 2092 1673 2123 obliviscitur.
1729 2091 1772 2122 Et
1799 2096 2013 2133 postpauca:

375 2149 549 2186 Quamvis¹
577 2159 653 2188 erqo
677 2152 769 2177 caute
791 2146 1028 2187 salubriterque
1049 2146 1219 2186 provisum
1243 2145 1294 2182 sit,
1324 2147 1358 2173 ut
1384 2143 1474 2174 locus
1505 2143 1622 2174 illiusm
1645 2142 1847 2174 humillimae
1866 2143 2013 2184 peniten-

372 2202 437 2231 tiae
460 2200 552 2230 semel
584 2200 638 2228 {11¹¹
669 2197 805 2228 aeclesia
836 2197 1046 2236 concedatur,
1078 2208 1116 2227 ne
1144 2195 1308 2226 medicina
1332 2194 1408 2225 vilis
1431 2196 1539 2225 minus
1562 2194 1654 2225 utilis
1677 2199 1755 2225 esset
1778 2195 1907 2236 cyr-otis,
1930 2204 2014 2235 quae

373 2257 462 2282 tanto
486 2251 592 2291 massis
614 2249 758 2280 salubris
781 2253 835 2287 est,
860 2253 981 2289 quanto
1004 2248 1112 2278 minus
1135 2246 1383 2286 contemptibilis
1397 2245 1527 2286 fueri&
1551 2247 1624 2287 quis
1647 2250 1754 2276 tamen
1771 2245 1893 2276 audeat
1909 2245 2014 2275 dicere
2032 2255 2059 2275 40

375 2303 460 2333 Deo:
492 2301 601 2336 Quare
625 2301 700 2330 huic
724 2300 855 2339 homini,
887 2300 944 2339 qni
965 2303 1038 2339 post
1058 2300 1203 2339 primam
1226 2298 1440 2338 penitentiam
1464 2308 1596 2327 rursum
1619 2307 1651 2328 se
1674 2296 1800 2339 laqueis
1828 2296 2014 2338 iniquitatis

374 2353 555 2393 obstrinyit,
585 2352 694 2381 adhuc
722 2351 859 2380 iterum⁰
881 2351 1021 2390 parcis?
1067 2349 1148 2385 Quis
1172 2349 1292 2379 audeat
1316 2349 1423 2379 (licere
1445 2360 1525 2389 erya
1550 2349 1627 2379 istos
1651 2359 1714 2379 non
1739 2349 1806 2389 aqi,
1829 2347 1916 2389 quod
1937 2357 2014 2388 apo-

375 2404 475 2435 stolus
506 2404 570 2433 ait.-
602 2402 763 2442 ‘Igsnoras,
788 2402 867 2442 quia
887 2402 1082 2441 pacientiaP
1106 2400 1170 2431 Dei
1194 2399 1239 2430 ad
1259 2400 1473 2441 penitentiam
1497 2404 1524 2430 te
1546 2399 1718 2430 adducit?
1763 2398 1829 2429 Aut
1858 2399 1930 2430 istie
1960 2407 2013 2429 επ-

486 2512 510 2539 n)
535 2509 692 2533 (TCXHH.
715 2509 738 2532 G.
817 2509 845 2532 b}
859 2509 885 2539 s.
906 2509 949 2538 ¹23,
971 2509 987 2532 I.
1012 2509 1052 2532 15.
1075 2508 1130 2533 cod.
1152 2507 1177 2532 8.
1254 2508 1278 2537 c)
1301 2508 1326 2531 in
1348 2507 1430 2531 acccl.
1451 2510 1506 2532 ant.
1527 2506 1551 2531 8.
1633 2507 1660 2538 d)
1681 2507 1730 2532 Sir.
1751 2507 1776 2531 8.
1853 2507 1879 2538 e)
1898 2506 1968 2539 quod
1988 2505 2013 2530 8.

375 2557 394 2586 f)
418 2557 466 2580 hoc
488 2558 512 2580 S.
589 2558 617 2586 gl
638 2555 790 2578 instatuisse
812 2555 835 2578 8.
913 2555 939 2577 lii
963 2562 1065 2586 quoquc
1086 2554 1150 2577 adel.
1171 2553 1196 2576 8.
1274 2554 1293 2578 i)
1314 2553 1383 2577 <locst
1404 2554 1428 2577 8.
1506 2553 1533 2583 k)
1557 2562 1602 2578 eos
1623 2553 1648 2583 8,
1668 2552 1737 2585 Any.
1819 2552 1838 2584 1)
1857 2553 1968 2585 quanvis
1989 2551 2013 2577 7.
2032 2553 2059 2574 (5

376 2604 411 2632 m)
434 2603 477 2626 illc
498 2602 522 2625 8.
600 2602 626 2628 η)
650 2602 674 2624 ἰιι
697 2601 762 2624 nccl.
782 2600 835 2624 ἅτε.
860 2601 882 2624 7.
960 2605 987 2623 οι
1009 2604 1097 2623 tamen
1119 2600 1142 2623 8.
1220 2600 1246 2630 ρ)
1270 2599 1420 2630 benignitus
1449 2598 1523 2631 l'uly.
1981 2592 1984 2595 Δ

486 2698 512 2728 l)
543 2700 639 2723 Sermo
669 2698 720 2728 38,
750 2700 763 2727 ξ
791 2698 836 2725 19,
870 2697 939 2730 Opp,
964 2697 1007 2724 sd.
1034 2697 1137 2722 Bencd.
1161 2700 1179 2722 t.
1211 2696 1239 2727 V,
1269 2696 1318 2722 col.
1344 2696 1418 2727 479,
1450 2706 1475 2722 ι’.
1504 2705 1592 2729 supra
1617 2705 1647 2730 p.
1673 2696 1722 2722 41.
1842 2695 1872 2730 2)
1899 2695 2013 2722 Statum

377 2751 508 2776 ecclesiae
531 2749 645 2782 antiqua
671 2759 693 2773 c.
713 2749 759 2779 Tu,
787 2748 936 2773 Iliuscliius
958 2757 986 2780 p.
1005 2748 1074 2773 305.
1179 2747 1209 2779 3)
1239 2746 1268 2771 1⁷.
1291 2756 1378 2780 supra
1399 2756 1430 2780 p.
1452 2747 1518 2776 104,
1621 2747 1650 2779 4)
1674 2747 1727 2780 Ep.
1751 2747 1790 2773 ad
1812 2746 1920 2775 Himer.
1943 2755 1967 2774 c.
1985 2745 2012 2778 5,

378 2801 476 2827 Alausi
497 2804 517 2826 t.
535 2800 591 2833 ΙΙΙ,
616 2800 666 2826 col.
686 2799 763 2831 G57,=
786 2799 863 2831 Jaffc'
888 2808 928 2824 nr.
947 2799 1016 2823 2:35.
1106 2798 1134 2831 5)
1161 2798 1212 2830 lep.
1235 2798 1300 2829 1:33,
1324 2800 1338 2828 ξ
1365 2798 1389 2828 7,
1417 2797 1488 2832 Opp.
1514 2799 1556 2824 ed.
1582 2798 1686 2824 Bcned.
1710 2802 1729 2824 t.
1749 2798 1787 2830 II,
1812 2798 1862 2824 col.
1880 2797 1949 2824 526.
