<?xml version="1.0" encoding="UTF-8"?>
<!DOCTYPE html PUBLIC "-//W3C//DTD XHTML 1.0 Transitional//EN"
    "http://www.w3.org/TR/xhtml1/DTD/xhtml1-transitional.dtd">
<html xmlns="http://www.w3.org/1999/xhtml" xml:lang="en" lang="en">
 <head>
  <title>
</title>
<meta http-equiv="Content-Type" content="text/html;charset=utf-8" />
  <meta name='ocr-system' content='tesseract 3.04.00' />
  <meta name='ocr-capabilities' content='ocr_page ocr_carea ocr_par ocr_line ocrx_word'/>
</head>
<body>
  <div class='ocr_page' id='page_1' title='image "./monumenta02geseuoft_0172.png"; bbox 0 0 2132 3067; ppageno 0'>
   <div class='ocr_carea' id='block_1_1' title="bbox 149 264 298 351">
    <p class='ocr_par' dir='ltr' id='par_1_1' title="bbox 149 264 298 351">
     <span class='ocr_line' id='line_1_1' title="bbox 149 264 297 287; baseline -0.007 -5"><span class='ocrx_word' id='word_1_1' title='bbox 149 266 167 282; x_wconf 72' lang='grc' dir='ltr'>λ.</span> <span class='ocrx_word' id='word_1_2' title='bbox 178 264 238 283; x_wconf 80' lang='lat' dir='ltr'>Tim.</span> <span class='ocrx_word' id='word_1_3' title='bbox 249 264 269 287; x_wconf 72' lang='lat'>⁴2,</span> <span class='ocrx_word' id='word_1_4' title='bbox 277 264 297 282; x_wconf 78' lang='grc'>4,</span> 
     </span>
     <span class='ocr_line' id='line_1_2' title="bbox 170 302 298 327; baseline 0.008 -7"><span class='ocrx_word' id='word_1_5' title='bbox 170 302 252 321; x_wconf 67' lang='lat' dir='ltr'>Ezechv</span> <span class='ocrx_word' id='word_1_6' title='bbox 264 302 298 327; x_wconf 78' lang='lat'>33,</span> 
     </span>
     <span class='ocr_line' id='line_1_3' title="bbox 219 332 253 351; baseline 0.029 -1"><span class='ocrx_word' id='word_1_7' title='bbox 219 332 253 351; x_wconf 76' lang='lat'>12.</span> 
     </span>
    </p>
   </div>
   <div class='ocr_carea' id='block_1_2' title="bbox 264 928 296 953">
    <p class='ocr_par' dir='ltr' id='par_1_2' title="bbox 264 928 296 953">
     <span class='ocr_line' id='line_1_4' title="bbox 264 928 296 953; baseline 0 0"><span class='ocrx_word' id='word_1_8' title='bbox 264 928 296 953; x_wconf 62' lang='grc' dir='ltr'>(ὓ)</span> 
     </span>
    </p>
   </div>
   <div class='ocr_carea' id='block_1_3' title="bbox 258 1856 291 1880">
    <p class='ocr_par' dir='ltr' id='par_1_3' title="bbox 258 1856 291 1880">
     <span class='ocr_line' id='line_1_5' title="bbox 258 1856 291 1880; baseline -0.03 0"><span class='ocrx_word' id='word_1_9' title='bbox 258 1856 291 1880; x_wconf 81' lang='grc'>(7)</span> 
     </span>
    </p>
   </div>
   <div class='ocr_carea' id='block_1_4' title="bbox 258 2169 291 2191">
    <p class='ocr_par' dir='ltr' id='par_1_4' title="bbox 258 2169 291 2191">
     <span class='ocr_line' id='line_1_6' title="bbox 258 2169 291 2191; baseline -0.061 0"><span class='ocrx_word' id='word_1_10' title='bbox 258 2169 291 2191; x_wconf 57' lang='lat'>(⁵)</span> 
     </span>
    </p>
   </div>
   <div class='ocr_carea' id='block_1_5' title="bbox 141 2579 291 2600">
    <p class='ocr_par' dir='ltr' id='par_1_5' title="bbox 141 2579 291 2600">
     <span class='ocr_line' id='line_1_7' title="bbox 141 2579 291 2600; baseline 0.007 -4"><span class='ocrx_word' id='word_1_11' title='bbox 141 2579 291 2600; x_wconf 65' lang='lat' dir='ltr'>2.‘1&#39;im.2,13.</span> 
     </span>
    </p>
   </div>
   <div class='ocr_carea' id='block_1_6' title="bbox 324 159 1569 190">
    <p class='ocr_par' dir='ltr' id='par_1_6' title="bbox 324 159 1569 190">
     <span class='ocr_line' id='line_1_8' title="bbox 324 159 1569 190; baseline -0.001 -1"><span class='ocrx_word' id='word_1_12' title='bbox 324 159 381 190; x_wconf 76' lang='grc'>158</span> <span class='ocrx_word' id='word_1_13' title='bbox 723 161 878 187; x_wconf 83' lang='lat' dir='ltr'>LIBELLI</span> <span class='ocrx_word' id='word_1_14' title='bbox 902 161 1099 188; x_wconf 81' lang='lat' dir='ltr'>BERNALDI</span> <span class='ocrx_word' id='word_1_15' title='bbox 1123 161 1360 188; x_wconf 75' lang='lat' dir='ltr'>PRESBYTERI</span> <span class='ocrx_word' id='word_1_16' title='bbox 1383 163 1569 190; x_wconf 82' lang='lat' dir='ltr'>MONACHI.</span> 
     </span>
    </p>
   </div>
   <div class='ocr_carea' id='block_1_7' title="bbox 311 248 2021 2611">
    <p class='ocr_par' dir='ltr' id='par_1_7' title="bbox 313 248 2021 910">
     <span class='ocr_line' id='line_1_9' title="bbox 318 248 1972 291; baseline 0 -9"><span class='ocrx_word' id='word_1_17' title='bbox 318 252 434 283; x_wconf 85' lang='lat' dir='ltr'>acriter</span> <span class='ocrx_word' id='word_1_18' title='bbox 457 250 634 281; x_wconf 85' lang='lat' dir='ltr'>instituisse</span> <span class='ocrx_word' id='word_1_19' title='bbox 665 248 850 287; x_wconf 82' lang='lat' dir='ltr'>creduntur,</span> <span class='ocrx_word' id='word_1_20' title='bbox 883 250 1034 291; x_wconf 85' lang='lat' dir='ltr'>precipue</span> <span class='ocrx_word' id='word_1_21' title='bbox 1062 260 1135 281; x_wconf 91' lang='lat' dir='ltr'>eum</span> <span class='ocrx_word' id='word_1_22' title='bbox 1165 250 1326 282; x_wconf 84' lang='lat' dir='ltr'>Dominus</span> <span class='ocrx_word' id='word_1_23' title='bbox 1355 261 1466 282; x_wconf 83' lang='lat' dir='ltr'>ornnes</span> <span class='ocrx_word' id='word_1_24' title='bbox 1491 251 1636 282; x_wconf 89' lang='lat' dir='ltr'>homines</span> <span class='ocrx_word' id='word_1_25' title='bbox 1663 249 1740 281; x_wconf 87' lang='lat' dir='ltr'>velit</span> <span class='ocrx_word' id='word_1_26' title='bbox 1762 248 1870 281; x_wconf 86' lang='lat' dir='ltr'>salvos</span> <span class='ocrx_word' id='word_1_27' title='bbox 1893 250 1972 288; x_wconf 80' lang='lat' dir='ltr'>fieri,</span> 
     </span>
     <span class='ocr_line' id='line_1_10' title="bbox 318 300 1972 344; baseline 0 -11"><span class='ocrx_word' id='word_1_28' title='bbox 318 308 348 333; x_wconf 87' lang='lat' dir='ltr'>et</span> <span class='ocrx_word' id='word_1_29' title='bbox 377 308 538 344; x_wconf 81' lang='lat' dir='ltr'>peccator,</span> <span class='ocrx_word' id='word_1_30' title='bbox 573 302 604 331; x_wconf 90' lang='lat' dir='ltr'>in</span> <span class='ocrx_word' id='word_1_31' title='bbox 636 311 842 343; x_wconf 87' lang='lat' dir='ltr'>quacumque</span> <span class='ocrx_word' id='word_1_32' title='bbox 874 300 926 332; x_wconf 89' lang='lat' dir='ltr'>die</span> <span class='ocrx_word' id='word_1_33' title='bbox 955 301 1160 342; x_wconf 79' lang='lat' dir='ltr'>ingemuerit,</span> <span class='ocrx_word' id='word_1_34' title='bbox 1194 300 1302 332; x_wconf 84' lang='lat' dir='ltr'>salvus</span> <span class='ocrx_word' id='word_1_35' title='bbox 1332 303 1400 332; x_wconf 86' lang='lat' dir='ltr'>erit.</span> <span class='ocrx_word' id='word_1_36' title='bbox 1451 301 1533 342; x_wconf 87' lang='lat' dir='ltr'>Non,</span> <span class='ocrx_word' id='word_1_37' title='bbox 1569 303 1712 344; x_wconf 79' lang='lat' dir='ltr'>inquam,</span> <span class='ocrx_word' id='word_1_38' title='bbox 1747 301 1972 343; x_wconf 80' lang='lat' dir='ltr'>desperatione</span> 
     </span>
     <span class='ocr_line' id='line_1_11' title="bbox 317 351 1972 394; baseline 0 -10"><span class='ocrx_word' id='word_1_39' title='bbox 317 355 440 391; x_wconf 84' lang='lat' dir='ltr'>veniae,</span> <span class='ocrx_word' id='word_1_40' title='bbox 471 353 526 384; x_wconf 89' lang='lat' dir='ltr'>sed</span> <span class='ocrx_word' id='word_1_41' title='bbox 557 363 614 394; x_wconf 85' lang='lat' dir='ltr'>pro</span> <span class='ocrx_word' id='word_1_42' title='bbox 639 351 766 383; x_wconf 84' lang='lat' dir='ltr'>cautela</span> <span class='ocrx_word' id='word_1_43' title='bbox 789 351 978 393; x_wconf 83' lang='lat' dir='ltr'>disciplinae</span> <span class='ocrx_word' id='word_1_44' title='bbox 1002 352 1062 384; x_wconf 84' lang='lat' dir='ltr'>hoe</span> <span class='ocrx_word' id='word_1_45' title='bbox 1087 354 1296 384; x_wconf 88' lang='lat' dir='ltr'>constitutum</span> <span class='ocrx_word' id='word_1_46' title='bbox 1321 352 1541 394; x_wconf 83' lang='lat' dir='ltr'>intelligimus,</span> <span class='ocrx_word' id='word_1_47' title='bbox 1572 355 1656 385; x_wconf 89' lang='lat' dir='ltr'>sieut</span> <span class='ocrx_word' id='word_1_48' title='bbox 1685 364 1727 384; x_wconf 85' lang='lat' dir='ltr'>ex</span> <span class='ocrx_word' id='word_1_49' title='bbox 1749 354 1857 385; x_wconf 86' lang='lat' dir='ltr'>verbis</span> <span class='ocrx_word' id='word_1_50' title='bbox 1886 353 1972 386; x_wconf 84' lang='lat' dir='ltr'>beati</span> 
     </span>
     <span class='ocr_line' id='line_1_12' title="bbox 317 403 1972 447; baseline 0.001 -12"><span class='ocrx_word' id='word_1_51' title='bbox 317 405 491 445; x_wconf 81' lang='lat' dir='ltr'>Augustini</span> <span class='ocrx_word' id='word_1_52' title='bbox 515 403 555 435; x_wconf 86' lang='lat' dir='ltr'>ad</span> <span class='ocrx_word' id='word_1_53' title='bbox 580 403 827 434; x_wconf 58' lang='lat' dir='ltr'>Macedonium</span> <span class='ocrx_word' id='word_1_54' title='bbox 852 403 1036 445; x_wconf 83' lang='lat' dir='ltr'>approbare</span> <span class='ocrx_word' id='word_1_55' title='bbox 1061 415 1251 446; x_wconf 81' lang='lat' dir='ltr'>possumus;</span> <span class='ocrx_word' id='word_1_56' title='bbox 1283 405 1359 435; x_wconf 88' lang='lat' dir='ltr'>dicit</span> <span class='ocrx_word' id='word_1_57' title='bbox 1383 405 1479 444; x_wconf 89' lang='lat' dir='ltr'>enim,</span> <span class='ocrx_word' id='word_1_58' title='bbox 1509 405 1595 446; x_wconf 90' lang='lat' dir='ltr'>quod</span> <span class='ocrx_word' id='word_1_59' title='bbox 1621 410 1714 436; x_wconf 85' lang='lat' dir='ltr'>caute</span> <span class='ocrx_word' id='word_1_60' title='bbox 1736 404 1972 447; x_wconf 81' lang='lat' dir='ltr'>salubriterque</span> 
     </span>
     <span class='ocr_line' id='line_1_13' title="bbox 317 454 2006 498; baseline 0.001 -11"><span class='ocrx_word' id='word_1_61' title='bbox 317 457 480 498; x_wconf 84' lang='lat' dir='ltr'>provisum</span> <span class='ocrx_word' id='word_1_62' title='bbox 505 456 557 494; x_wconf 82' lang='lat' dir='ltr'>sit,</span> <span class='ocrx_word' id='word_1_63' title='bbox 586 461 621 486; x_wconf 86' lang='lat' dir='ltr'>ut</span> <span class='ocrx_word' id='word_1_64' title='bbox 649 454 737 485; x_wconf 88' lang='lat' dir='ltr'>locus</span> <span class='ocrx_word' id='word_1_65' title='bbox 766 455 951 496; x_wconf 87' lang='lat' dir='ltr'>poenitendi</span> <span class='ocrx_word' id='word_1_66' title='bbox 984 461 1055 498; x_wconf 89' lang='lat' dir='ltr'>post</span> <span class='ocrx_word' id='word_1_67' title='bbox 1083 456 1312 498; x_wconf 85' lang='lat' dir='ltr'>poenitentiam</span> <span class='ocrx_word' id='word_1_68' title='bbox 1337 455 1437 498; x_wconf 80' lang='lat' dir='ltr'>lapsis</span> <span class='ocrx_word' id='word_1_69' title='bbox 1462 456 1493 486; x_wconf 91' lang='lat' dir='ltr'>in</span> <span class='ocrx_word' id='word_1_70' title='bbox 1519 455 1655 488; x_wconf 83' lang='lat' dir='ltr'>ecclesia</span> <span class='ocrx_word' id='word_1_71' title='bbox 1678 467 1741 488; x_wconf 87' lang='lat' dir='ltr'>non</span> <span class='ocrx_word' id='word_1_72' title='bbox 1766 457 1973 497; x_wconf 87' lang='lat' dir='ltr'>concedatur,</span> <span class='ocrx_word' id='word_1_73' title='bbox 1993 468 2006 488; x_wconf 69' lang='grc' dir='ltr'>ε</span> 
     </span>
     <span class='ocr_line' id='line_1_14' title="bbox 316 507 1973 549; baseline 0.001 -11"><span class='ocrx_word' id='word_1_74' title='bbox 316 519 355 538; x_wconf 91' lang='lat' dir='ltr'>ne</span> <span class='ocrx_word' id='word_1_75' title='bbox 378 508 541 538; x_wconf 75' lang='lat' dir='ltr'>medicina</span> <span class='ocrx_word' id='word_1_76' title='bbox 564 507 640 538; x_wconf 73' lang='lat' dir='ltr'>vilis</span> <span class='ocrx_word' id='word_1_77' title='bbox 664 508 773 538; x_wconf 75' lang='lat' dir='ltr'>minus</span> <span class='ocrx_word' id='word_1_78' title='bbox 797 507 889 538; x_wconf 75' lang='lat' dir='ltr'>utilis</span> <span class='ocrx_word' id='word_1_79' title='bbox 912 513 991 539; x_wconf 77' lang='lat' dir='ltr'>esset</span> <span class='ocrx_word' id='word_1_80' title='bbox 1014 509 1169 549; x_wconf 76' lang='lat' dir='ltr'>aeyrotz&#39;s,</span> <span class='ocrx_word' id='word_1_81' title='bbox 1194 519 1277 549; x_wconf 77' lang='lat' dir='ltr'>quae</span> <span class='ocrx_word' id='word_1_82' title='bbox 1300 513 1389 538; x_wconf 76' lang='lat' dir='ltr'>tanto</span> <span class='ocrx_word' id='word_1_83' title='bbox 1413 509 1522 549; x_wconf 68' lang='lat' dir='ltr'>mayis</span> <span class='ocrx_word' id='word_1_84' title='bbox 1546 508 1701 548; x_wconf 73' lang='lat' dir='ltr'>salubris,</span> <span class='ocrx_word' id='word_1_85' title='bbox 1725 513 1846 548; x_wconf 76' lang='lat' dir='ltr'>quanto</span> <span class='ocrx_word' id='word_1_86' title='bbox 1862 509 1973 540; x_wconf 79' lang='lat' dir='ltr'>minus</span> 
     </span>
     <span class='ocr_line' id='line_1_15' title="bbox 316 557 1971 601; baseline 0.001 -12"><span class='ocrx_word' id='word_1_87' title='bbox 316 559 574 600; x_wconf 71' lang='lat' dir='ltr'>contemptibilis.</span> <span class='ocrx_word' id='word_1_88' title='bbox 612 558 655 589; x_wconf 88' lang='lat' dir='ltr'>Et</span> <span class='ocrx_word' id='word_1_89' title='bbox 678 557 739 589; x_wconf 85' lang='lat' dir='ltr'>hoe</span> <span class='ocrx_word' id='word_1_90' title='bbox 763 559 874 600; x_wconf 89' lang='lat' dir='ltr'>utique</span> <span class='ocrx_word' id='word_1_91' title='bbox 899 570 956 600; x_wconf 93' lang='lat' dir='ltr'>pro</span> <span class='ocrx_word' id='word_1_92' title='bbox 979 560 1085 600; x_wconf 84' lang='lat' dir='ltr'>rigore</span> <span class='ocrx_word' id='word_1_93' title='bbox 1109 558 1308 600; x_wconf 84' lang='lat' dir='ltr'>disciplinae,</span> <span class='ocrx_word' id='word_1_94' title='bbox 1334 570 1396 589; x_wconf 86' lang='lat' dir='ltr'>non</span> <span class='ocrx_word' id='word_1_95' title='bbox 1414 565 1521 590; x_wconf 88' lang='lat' dir='ltr'>tamen</span> <span class='ocrx_word' id='word_1_96' title='bbox 1538 570 1640 601; x_wconf 91' lang='lat' dir='ltr'>usque</span> <span class='ocrx_word' id='word_1_97' title='bbox 1656 559 1696 590; x_wconf 92' lang='lat' dir='ltr'>ad</span> <span class='ocrx_word' id='word_1_98' title='bbox 1715 560 1971 601; x_wconf 81' lang='lat' dir='ltr'>desperationem</span> 
     </span>
     <span class='ocr_line' id='line_1_16' title="bbox 316 609 1973 652; baseline 0.001 -12"><span class='ocrx_word' id='word_1_99' title='bbox 316 611 438 642; x_wconf 81' lang='lat' dir='ltr'>veniae.</span> <span class='ocrx_word' id='word_1_100' title='bbox 490 609 572 640; x_wconf 87' lang='lat' dir='ltr'>Nam</span> <span class='ocrx_word' id='word_1_101' title='bbox 604 610 690 641; x_wconf 89' lang='lat' dir='ltr'>idem</span> <span class='ocrx_word' id='word_1_102' title='bbox 715 609 918 651; x_wconf 83' lang='lat' dir='ltr'>Augustinus</span> <span class='ocrx_word' id='word_1_103' title='bbox 943 611 973 640; x_wconf 92' lang='lat' dir='ltr'>in</span> <span class='ocrx_word' id='word_1_104' title='bbox 998 611 1109 641; x_wconf 83' lang='lat' dir='ltr'>eadem</span> <span class='ocrx_word' id='word_1_105' title='bbox 1134 610 1270 652; x_wconf 84' lang='lat' dir='ltr'>epistola</span> <span class='ocrx_word' id='word_1_106' title='bbox 1295 610 1374 642; x_wconf 86' lang='lat' dir='ltr'>dicit</span> <span class='ocrx_word' id='word_1_107' title='bbox 1398 611 1429 641; x_wconf 88' lang='lat' dir='ltr'>in</span> <span class='ocrx_word' id='word_1_108' title='bbox 1453 610 1678 652; x_wconf 86' lang='lat' dir='ltr'>sequentibus:</span> <span class='ocrx_word' id='word_1_109' title='bbox 1720 610 1825 646; x_wconf 80' lang='lat' dir='ltr'>Quis²</span> <span class='ocrx_word' id='word_1_110' title='bbox 1849 611 1973 642; x_wconf 78' lang='lat' dir='ltr'>audeat</span> 
     </span>
     <span class='ocr_line' id='line_1_17' title="bbox 313 662 1972 704; baseline 0.002 -13"><span class='ocrx_word' id='word_1_111' title='bbox 313 667 384 704; x_wconf 71' lang='lat' dir='ltr'>post</span> <span class='ocrx_word' id='word_1_112' title='bbox 404 663 643 703; x_wconf 71' lang='lat' dir='ltr'>poenitentiam</span> <span class='ocrx_word' id='word_1_113' title='bbox 675 662 783 702; x_wconf 77' lang='lat' dir='ltr'>lapsis</span> <span class='ocrx_word' id='word_1_114' title='bbox 807 662 979 704; x_wconf 64' lang='lat' dir='ltr'>denegare,</span> <span class='ocrx_word' id='word_1_115' title='bbox 1010 664 1090 704; x_wconf 76' lang='lat' dir='ltr'>quin</span> <span class='ocrx_word' id='word_1_116' title='bbox 1116 662 1180 693; x_wconf 75' lang='lat' dir='ltr'>Dei</span> <span class='ocrx_word' id='word_1_117' title='bbox 1205 663 1372 704; x_wconf 72' lang='lat' dir='ltr'>patientia</span> <span class='ocrx_word' id='word_1_118' title='bbox 1403 663 1448 692; x_wconf 75' lang='lat' dir='ltr'>ad</span> <span class='ocrx_word' id='word_1_119' title='bbox 1475 664 1709 703; x_wconf 73' lang='lat' dir='ltr'>poenitentiam</span> <span class='ocrx_word' id='word_1_120' title='bbox 1735 673 1786 693; x_wconf 84' lang='lat' dir='ltr'>eos</span> <span class='ocrx_word' id='word_1_121' title='bbox 1815 663 1972 703; x_wconf 78' lang='lat' dir='ltr'>adducat,</span> 
     </span>
     <span class='ocr_line' id='line_1_18' title="bbox 317 713 2021 756; baseline 0.001 -13"><span class='ocrx_word' id='word_1_122' title='bbox 317 715 396 754; x_wconf 75' lang='lat' dir='ltr'>quin</span> <span class='ocrx_word' id='word_1_123' title='bbox 428 714 525 744; x_wconf 73' lang='lat' dir='ltr'>etiam</span> <span class='ocrx_word' id='word_1_124' title='bbox 556 713 640 744; x_wconf 71' lang='lat' dir='ltr'>beati</span> <span class='ocrx_word' id='word_1_125' title='bbox 669 715 744 752; x_wconf 78' lang='lat' dir='ltr'>sint,</span> <span class='ocrx_word' id='word_1_126' title='bbox 776 714 806 744; x_wconf 73' lang='lat' dir='ltr'>si</span> <span class='ocrx_word' id='word_1_127' title='bbox 834 714 870 744; x_wconf 78' lang='lat' dir='ltr'>in</span> <span class='ocrx_word' id='word_1_128' title='bbox 896 713 1036 744; x_wconf 78' lang='lat' dir='ltr'>Domino</span> <span class='ocrx_word' id='word_1_129' title='bbox 1065 713 1256 754; x_wconf 74' lang='lat' dir='ltr'>confidant?</span> <span class='ocrx_word' id='word_1_130' title='bbox 1302 713 1393 744; x_wconf 81' lang='lat' dir='ltr'>Sicut</span> <span class='ocrx_word' id='word_1_131' title='bbox 1421 724 1497 753; x_wconf 81' lang='lat' dir='ltr'>ergo</span> <span class='ocrx_word' id='word_1_132' title='bbox 1522 722 1596 756; x_wconf 86' lang='lat' dir='ltr'>post</span> <span class='ocrx_word' id='word_1_133' title='bbox 1619 714 1849 756; x_wconf 85' lang='lat' dir='ltr'>poenitentiam</span> <span class='ocrx_word' id='word_1_134' title='bbox 1873 713 1972 756; x_wconf 83' lang='lat' dir='ltr'>lapsis</span> <span class='ocrx_word' id='word_1_135' title='bbox 1994 725 2021 745; x_wconf 87' lang='grc' dir='ltr'>ιο</span> 
     </span>
     <span class='ocr_line' id='line_1_19' title="bbox 317 764 1972 807; baseline 0.001 -13"><span class='ocrx_word' id='word_1_136' title='bbox 317 765 420 795; x_wconf 87' lang='lat' dir='ltr'>locum</span> <span class='ocrx_word' id='word_1_137' title='bbox 450 764 636 806; x_wconf 85' lang='lat' dir='ltr'>poenitendi</span> <span class='ocrx_word' id='word_1_138' title='bbox 667 775 685 794; x_wconf 83' lang='lat' dir='ltr'>a</span> <span class='ocrx_word' id='word_1_139' title='bbox 716 765 837 795; x_wconf 79' lang='lat' dir='ltr'>sanctis</span> <span class='ocrx_word' id='word_1_140' title='bbox 869 765 1015 805; x_wconf 78' lang='lat' dir='ltr'>patribus</span> <span class='ocrx_word' id='word_1_141' title='bbox 1046 776 1108 795; x_wconf 88' lang='lat' dir='ltr'>non</span> <span class='ocrx_word' id='word_1_142' title='bbox 1141 765 1366 806; x_wconf 78' lang='lat' dir='ltr'>desperatione</span> <span class='ocrx_word' id='word_1_143' title='bbox 1397 766 1522 802; x_wconf 81' lang='lat' dir='ltr'>veniae,</span> <span class='ocrx_word' id='word_1_144' title='bbox 1557 765 1612 796; x_wconf 89' lang='lat' dir='ltr'>sed</span> <span class='ocrx_word' id='word_1_145' title='bbox 1644 766 1750 807; x_wconf 82' lang='lat' dir='ltr'>rigore</span> <span class='ocrx_word' id='word_1_146' title='bbox 1780 765 1972 807; x_wconf 83' lang='lat' dir='ltr'>disciplinae</span> 
     </span>
     <span class='ocr_line' id='line_1_20' title="bbox 318 815 1972 859; baseline 0.001 -13"><span class='ocrx_word' id='word_1_147' title='bbox 318 816 444 857; x_wconf 87' lang='lat' dir='ltr'>penitus</span> <span class='ocrx_word' id='word_1_148' title='bbox 467 815 661 857; x_wconf 82' lang='lat' dir='ltr'>denegatum</span> <span class='ocrx_word' id='word_1_149' title='bbox 686 815 834 857; x_wconf 79' lang='lat' dir='ltr'>legimus,</span> <span class='ocrx_word' id='word_1_150' title='bbox 858 817 903 846; x_wconf 85' lang='lat' dir='ltr'>sic</span> <span class='ocrx_word' id='word_1_151' title='bbox 927 821 958 847; x_wconf 91' lang='lat' dir='ltr'>et</span> <span class='ocrx_word' id='word_1_152' title='bbox 980 816 1079 858; x_wconf 77' lang='lat' dir='ltr'>lapsis</span> <span class='ocrx_word' id='word_1_153' title='bbox 1095 817 1275 858; x_wconf 85' lang='lat' dir='ltr'>virginibus</span> <span class='ocrx_word' id='word_1_154' title='bbox 1299 817 1397 847; x_wconf 87' lang='lat' dir='ltr'>sacris</span> <span class='ocrx_word' id='word_1_155' title='bbox 1414 817 1645 858; x_wconf 85' lang='lat' dir='ltr'>poenitentiam</span> <span class='ocrx_word' id='word_1_156' title='bbox 1663 816 1862 859; x_wconf 85' lang='lat' dir='ltr'>aliquamdiu</span> <span class='ocrx_word' id='word_1_157' title='bbox 1878 817 1972 848; x_wconf 89' lang='lat' dir='ltr'>dene-</span> 
     </span>
     <span class='ocr_line' id='line_1_21' title="bbox 317 867 1512 910; baseline 0.001 -12"><span class='ocrx_word' id='word_1_158' title='bbox 317 874 436 909; x_wconf 79' lang='lat' dir='ltr'>gatam,</span> <span class='ocrx_word' id='word_1_159' title='bbox 461 868 559 898; x_wconf 89' lang='lat' dir='ltr'>immo</span> <span class='ocrx_word' id='word_1_160' title='bbox 582 868 615 898; x_wconf 90' lang='lat' dir='ltr'>in</span> <span class='ocrx_word' id='word_1_161' title='bbox 640 873 768 909; x_wconf 86' lang='lat' dir='ltr'>tempus</span> <span class='ocrx_word' id='word_1_162' title='bbox 791 867 922 898; x_wconf 85' lang='lat' dir='ltr'>dilatam</span> <span class='ocrx_word' id='word_1_163' title='bbox 947 869 1024 899; x_wconf 83' lang='lat' dir='ltr'>satis</span> <span class='ocrx_word' id='word_1_164' title='bbox 1049 873 1269 910; x_wconf 79' lang='lat' dir='ltr'>competenter</span> <span class='ocrx_word' id='word_1_165' title='bbox 1293 867 1512 908; x_wconf 80' lang='lat' dir='ltr'>intelligimus.</span> 
     </span>
    </p>

    <p class='ocr_par' dir='ltr' id='par_1_8' title="bbox 319 918 2020 1013">
     <span class='ocr_line' id='line_1_22' title="bbox 424 918 1970 963; baseline 0.001 -13"><span class='ocrx_word' id='word_1_166' title='bbox 424 919 484 950; x_wconf 84' lang='lat' dir='ltr'>Est</span> <span class='ocrx_word' id='word_1_167' title='bbox 501 918 554 963; x_wconf 86' lang='lat' dir='ltr'>[et]</span> <span class='ocrx_word' id='word_1_168' title='bbox 571 919 634 950; x_wconf 84' lang='lat' dir='ltr'>alia</span> <span class='ocrx_word' id='word_1_169' title='bbox 651 930 758 958; x_wconf 82' lang='lat' dir='ltr'>causa,</span> <span class='ocrx_word' id='word_1_170' title='bbox 778 930 835 960; x_wconf 86' lang='lat' dir='ltr'>pro</span> <span class='ocrx_word' id='word_1_171' title='bbox 853 931 915 961; x_wconf 85' lang='lat' dir='ltr'>qua</span> <span class='ocrx_word' id='word_1_172' title='bbox 932 920 1033 950; x_wconf 84' lang='lat' dir='ltr'>sancti</span> <span class='ocrx_word' id='word_1_173' title='bbox 1051 925 1157 961; x_wconf 81' lang='lat' dir='ltr'>patres</span> <span class='ocrx_word' id='word_1_174' title='bbox 1174 919 1330 961; x_wconf 85' lang='lat' dir='ltr'>quosdam</span> <span class='ocrx_word' id='word_1_175' title='bbox 1348 919 1388 950; x_wconf 88' lang='lat' dir='ltr'>ab</span> <span class='ocrx_word' id='word_1_176' title='bbox 1407 919 1591 951; x_wconf 85' lang='lat' dir='ltr'>huiusmodi</span> <span class='ocrx_word' id='word_1_177' title='bbox 1616 921 1814 962; x_wconf 82' lang='lat' dir='ltr'>poenitentia</span> <span class='ocrx_word' id='word_1_178' title='bbox 1837 931 1970 962; x_wconf 89' lang='lat' dir='ltr'>suspen-</span> 
     </span>
     <span class='ocr_line' id='line_1_23' title="bbox 319 970 2020 1013; baseline 0.001 -12"><span class='ocrx_word' id='word_1_179' title='bbox 319 970 441 1002; x_wconf 90' lang='lat' dir='ltr'>dendos</span> <span class='ocrx_word' id='word_1_180' title='bbox 465 982 534 1002; x_wconf 88' lang='lat' dir='ltr'>esse</span> <span class='ocrx_word' id='word_1_181' title='bbox 558 971 751 1009; x_wconf 79' lang='lat' dir='ltr'>iudicarunt,</span> <span class='ocrx_word' id='word_1_182' title='bbox 774 970 925 1002; x_wconf 83' lang='lat' dir='ltr'>videlicet</span> <span class='ocrx_word' id='word_1_183' title='bbox 948 970 1096 1002; x_wconf 81' lang='lat' dir='ltr'>iuvenilis</span> <span class='ocrx_word' id='word_1_184' title='bbox 1119 975 1208 1002; x_wconf 82' lang='lat' dir='ltr'>aetas</span> <span class='ocrx_word' id='word_1_185' title='bbox 1233 977 1263 1002; x_wconf 89' lang='lat' dir='ltr'>et</span> <span class='ocrx_word' id='word_1_186' title='bbox 1287 972 1393 1002; x_wconf 82' lang='lat' dir='ltr'>carnis</span> <span class='ocrx_word' id='word_1_187' title='bbox 1417 971 1584 1013; x_wconf 84' lang='lat' dir='ltr'>fragilitas.</span> <span class='ocrx_word' id='word_1_188' title='bbox 1993 984 2020 1003; x_wconf 86' lang='lat'>15</span> 
     </span>
    </p>

    <p class='ocr_par' dir='ltr' id='par_1_9' title="bbox 312 1021 2019 1837">
     <span class='ocr_line' id='line_1_24' title="bbox 424 1021 1970 1064; baseline 0.001 -12"><span class='ocrx_word' id='word_1_189' title='bbox 424 1022 509 1053; x_wconf 87' lang='lat' dir='ltr'>Hine</span> <span class='ocrx_word' id='word_1_190' title='bbox 538 1028 669 1054; x_wconf 83' lang='lat' dir='ltr'>sanetus</span> <span class='ocrx_word' id='word_1_191' title='bbox 699 1021 874 1053; x_wconf 77' lang='lat' dir='ltr'>Silvester³</span> <span class='ocrx_word' id='word_1_192' title='bbox 905 1034 989 1064; x_wconf 79' lang='lat' dir='ltr'>papa</span> <span class='ocrx_word' id='word_1_193' title='bbox 1022 1023 1197 1062; x_wconf 87' lang='lat' dir='ltr'>constituit,</span> <span class='ocrx_word' id='word_1_194' title='bbox 1228 1029 1262 1054; x_wconf 89' lang='lat' dir='ltr'>ut</span> <span class='ocrx_word' id='word_1_195' title='bbox 1293 1034 1387 1053; x_wconf 90' lang='lat' dir='ltr'>nemo</span> <span class='ocrx_word' id='word_1_196' title='bbox 1419 1024 1649 1064; x_wconf 87' lang='lat' dir='ltr'>poenitentiam</span> <span class='ocrx_word' id='word_1_197' title='bbox 1675 1023 1728 1054; x_wconf 89' lang='lat' dir='ltr'>det</span> <span class='ocrx_word' id='word_1_198' title='bbox 1751 1023 1884 1064; x_wconf 84' lang='lat' dir='ltr'>homini,</span> <span class='ocrx_word' id='word_1_199' title='bbox 1908 1023 1970 1054; x_wconf 89' lang='lat' dir='ltr'>nisi</span> 
     </span>
     <span class='ocr_line' id='line_1_25' title="bbox 318 1073 1971 1115; baseline 0.002 -12"><span class='ocrx_word' id='word_1_200' title='bbox 318 1073 532 1115; x_wconf 83' lang='lat' dir='ltr'>quadraginta</span> <span class='ocrx_word' id='word_1_201' title='bbox 555 1075 648 1105; x_wconf 82' lang='lat' dir='ltr'>etatis</span> <span class='ocrx_word' id='word_1_202' title='bbox 671 1085 773 1104; x_wconf 86' lang='lat' dir='ltr'>annos</span> <span class='ocrx_word' id='word_1_203' title='bbox 794 1073 935 1105; x_wconf 83' lang='lat' dir='ltr'>habenti.</span> <span class='ocrx_word' id='word_1_204' title='bbox 975 1075 1054 1105; x_wconf 86' lang='lat' dir='ltr'>Item</span> <span class='ocrx_word' id='word_1_205' title='bbox 1079 1080 1209 1105; x_wconf 82' lang='lat' dir='ltr'>sanctus</span> <span class='ocrx_word' id='word_1_206' title='bbox 1227 1074 1439 1106; x_wconf 62' lang='lat' dir='ltr'>Ambrosius*</span> <span class='ocrx_word' id='word_1_207' title='bbox 1463 1075 1494 1104; x_wconf 88' lang='lat' dir='ltr'>in</span> <span class='ocrx_word' id='word_1_208' title='bbox 1520 1074 1602 1105; x_wconf 85' lang='lat' dir='ltr'>libro</span> <span class='ocrx_word' id='word_1_209' title='bbox 1626 1080 1739 1106; x_wconf 83' lang='lat' dir='ltr'>eontra</span> <span class='ocrx_word' id='word_1_210' title='bbox 1754 1074 1971 1106; x_wconf 86' lang='lat' dir='ltr'>Novatianos:</span> 
     </span>
     <span class='ocr_line' id='line_1_26' title="bbox 316 1125 1971 1168; baseline 0.001 -12"><span class='ocrx_word' id='word_1_211' title='bbox 316 1126 356 1156; x_wconf 74' lang='lat' dir='ltr'>Si</span> <span class='ocrx_word' id='word_1_212' title='bbox 379 1137 468 1165; x_wconf 80' lang='lat' dir='ltr'>caro,</span> <span class='ocrx_word' id='word_1_213' title='bbox 493 1126 606 1167; x_wconf 76' lang='lat' dir='ltr'>inquit,</span> <span class='ocrx_word' id='word_1_214' title='bbox 628 1131 791 1167; x_wconf 61' lang='lat' dir='ltr'>repugnat</span> <span class='ocrx_word' id='word_1_215' title='bbox 815 1127 913 1157; x_wconf 71' lang='lat' dir='ltr'>menti</span> <span class='ocrx_word' id='word_1_216' title='bbox 935 1138 992 1157; x_wconf 78' lang='lat' dir='ltr'>nec</span> <span class='ocrx_word' id='word_1_217' title='bbox 1016 1126 1148 1156; x_wconf 68' lang='lat' dir='ltr'>subdita</span> <span class='ocrx_word' id='word_1_218' title='bbox 1171 1130 1214 1156; x_wconf 78' lang='lat' dir='ltr'>est</span> <span class='ocrx_word' id='word_1_219' title='bbox 1239 1127 1344 1156; x_wconf 76' lang='lat' dir='ltr'>animi</span> <span class='ocrx_word' id='word_1_220' title='bbox 1367 1125 1603 1168; x_wconf 66' lang='lat' dir='ltr'>qztberizaeul0‚</span> <span class='ocrx_word' id='word_1_221' title='bbox 1627 1137 1693 1157; x_wconf 78' lang='lat' dir='ltr'>non</span> <span class='ocrx_word' id='word_1_222' title='bbox 1710 1137 1852 1168; x_wconf 78' lang='lat' dir='ltr'>quaeras</span> <span class='ocrx_word' id='word_1_223' title='bbox 1869 1138 1971 1168; x_wconf 81' lang='lat' dir='ltr'>opera</span> 
     </span>
     <span class='ocr_line' id='line_1_27' title="bbox 315 1177 1972 1219; baseline 0.001 -13"><span class='ocrx_word' id='word_1_224' title='bbox 315 1178 545 1218; x_wconf 76' lang='lat' dir='ltr'>poenitentiae,</span> <span class='ocrx_word' id='word_1_225' title='bbox 573 1188 612 1208; x_wconf 79' lang='lat' dir='ltr'>ne</span> <span class='ocrx_word' id='word_1_226' title='bbox 642 1178 678 1207; x_wconf 80' lang='lat' dir='ltr'>in</span> <span class='ocrx_word' id='word_1_227' title='bbox 707 1179 783 1217; x_wconf 78' lang='lat' dir='ltr'>ipsa</span> <span class='ocrx_word' id='word_1_228' title='bbox 806 1179 1011 1218; x_wconf 73' lang='lat' dir='ltr'>poenitentia</span> <span class='ocrx_word' id='word_1_229' title='bbox 1034 1177 1108 1216; x_wconf 76' lang='lat' dir='ltr'>fiat,</span> <span class='ocrx_word' id='word_1_230' title='bbox 1134 1177 1221 1219; x_wconf 78' lang='lat' dir='ltr'>quod</span> <span class='ocrx_word' id='word_1_231' title='bbox 1248 1182 1363 1218; x_wconf 76' lang='lat' dir='ltr'>postea</span> <span class='ocrx_word' id='word_1_232' title='bbox 1395 1177 1546 1219; x_wconf 70' lang='lat' dir='ltr'>indz&#39;yeat</span> <span class='ocrx_word' id='word_1_233' title='bbox 1573 1178 1798 1218; x_wconf 74' lang='lat' dir='ltr'>poeniteutia;</span> <span class='ocrx_word' id='word_1_234' title='bbox 1828 1189 1912 1219; x_wconf 81' lang='lat' dir='ltr'>quae</span> <span class='ocrx_word' id='word_1_235' title='bbox 1942 1179 1972 1208; x_wconf 82' lang='lat' dir='ltr'>si</span> 
     </span>
     <span class='ocr_line' id='line_1_28' title="bbox 316 1228 2019 1270; baseline 0.002 -13"><span class='ocrx_word' id='word_1_236' title='bbox 316 1229 410 1259; x_wconf 71' lang='lat' dir='ltr'>semel</span> <span class='ocrx_word' id='word_1_237' title='bbox 428 1228 539 1268; x_wconf 75' lang='lat' dir='ltr'>fuerit</span> <span class='ocrx_word' id='word_1_238' title='bbox 568 1233 730 1270; x_wconf 69' lang='lat' dir='ltr'>usui-pam</span> <span class='ocrx_word' id='word_1_239' title='bbox 761 1240 818 1259; x_wconf 73' lang='lat' dir='ltr'>nec</span> <span class='ocrx_word' id='word_1_240' title='bbox 847 1229 907 1259; x_wconf 71' lang='lat' dir='ltr'>rite</span> <span class='ocrx_word' id='word_1_241' title='bbox 936 1228 1107 1268; x_wconf 74' lang='lat' dir='ltr'>celebrata,</span> <span class='ocrx_word' id='word_1_242' title='bbox 1140 1240 1195 1259; x_wconf 80' lang='lat' dir='ltr'>nec</span> <span class='ocrx_word' id='word_1_243' title='bbox 1223 1230 1348 1269; x_wconf 74' lang='lat' dir='ltr'>prioris</span> <span class='ocrx_word' id='word_1_244' title='bbox 1362 1228 1515 1269; x_wconf 76' lang='lat' dir='ltr'>fructum</span> <span class='ocrx_word' id='word_1_245' title='bbox 1540 1229 1669 1269; x_wconf 73' lang='lat' dir='ltr'>obtinet,</span> <span class='ocrx_word' id='word_1_246' title='bbox 1693 1234 1721 1259; x_wconf 78' lang='lat' dir='ltr'>et</span> <span class='ocrx_word' id='word_1_247' title='bbox 1744 1228 1854 1267; x_wconf 75' lang='lat' dir='ltr'>aufert</span> <span class='ocrx_word' id='word_1_248' title='bbox 1876 1239 1970 1260; x_wconf 81' lang='lat' dir='ltr'>usum</span> <span class='ocrx_word' id='word_1_249' title='bbox 1991 1242 2019 1261; x_wconf 79' lang='lat'>20</span> 
     </span>
     <span class='ocr_line' id='line_1_29' title="bbox 312 1279 1971 1321; baseline 0.002 -13"><span class='ocrx_word' id='word_1_250' title='bbox 312 1281 514 1321; x_wconf 63' lang='lat' dir='ltr'>posterioris.</span> <span class='ocrx_word' id='word_1_251' title='bbox 568 1280 647 1310; x_wconf 87' lang='lat' dir='ltr'>Item</span> <span class='ocrx_word' id='word_1_252' title='bbox 680 1280 783 1311; x_wconf 81' lang='lat' dir='ltr'>sancti</span> <span class='ocrx_word' id='word_1_253' title='bbox 814 1285 921 1321; x_wconf 84' lang='lat' dir='ltr'>patres</span> <span class='ocrx_word' id='word_1_254' title='bbox 952 1281 983 1310; x_wconf 90' lang='lat' dir='ltr'>in</span> <span class='ocrx_word' id='word_1_255' title='bbox 1016 1279 1153 1311; x_wconf 88' lang='lat' dir='ltr'>coneilio</span> <span class='ocrx_word' id='word_1_256' title='bbox 1182 1281 1339 1320; x_wconf 86' lang='lat' dir='ltr'>Agatensi</span> <span class='ocrx_word' id='word_1_257' title='bbox 1370 1279 1511 1321; x_wconf 84' lang='lat' dir='ltr'>capitulo</span> <span class='ocrx_word' id='word_1_258' title='bbox 1544 1279 1684 1311; x_wconf 81' lang='lat' dir='ltr'>XV11.⁵:</span> <span class='ocrx_word' id='word_1_259' title='bbox 1715 1280 1903 1320; x_wconf 78' lang='lat' dir='ltr'>Iuvenibus,</span> <span class='ocrx_word' id='word_1_260' title='bbox 1925 1281 1971 1311; x_wconf 91' lang='lat' dir='ltr'>in-</span> 
     </span>
     <span class='ocr_line' id='line_1_30' title="bbox 317 1331 1971 1373; baseline 0.002 -13"><span class='ocrx_word' id='word_1_261' title='bbox 317 1332 441 1373; x_wconf 81' lang='lat' dir='ltr'>quiunt,</span> <span class='ocrx_word' id='word_1_262' title='bbox 468 1332 673 1373; x_wconf 75' lang='lat' dir='ltr'>poenitentia</span> <span class='ocrx_word' id='word_1_263' title='bbox 703 1343 767 1362; x_wconf 79' lang='lat' dir='ltr'>non</span> <span class='ocrx_word' id='word_1_264' title='bbox 797 1336 841 1361; x_wconf 78' lang='lat' dir='ltr'>est</span> <span class='ocrx_word' id='word_1_265' title='bbox 862 1331 971 1371; x_wconf 79' lang='lat' dir='ltr'>facile</span> <span class='ocrx_word' id='word_1_266' title='bbox 1001 1332 1238 1363; x_wconf 71' lang='lat' dir='ltr'>committenda.</span> <span class='ocrx_word' id='word_1_267' title='bbox 1291 1331 1378 1370; x_wconf 81' lang='lat' dir='ltr'>Quid</span> <span class='ocrx_word' id='word_1_268' title='bbox 1407 1342 1484 1373; x_wconf 83' lang='lat' dir='ltr'>ergo</span> <span class='ocrx_word' id='word_1_269' title='bbox 1515 1332 1643 1370; x_wconf 85' lang='lat' dir='ltr'>mirum,</span> <span class='ocrx_word' id='word_1_270' title='bbox 1673 1332 1699 1362; x_wconf 91' lang='lat' dir='ltr'>si</span> <span class='ocrx_word' id='word_1_271' title='bbox 1732 1331 1845 1362; x_wconf 89' lang='lat' dir='ltr'>beatus</span> <span class='ocrx_word' id='word_1_272' title='bbox 1876 1331 1971 1363; x_wconf 90' lang='lat' dir='ltr'>Inno-</span> 
     </span>
     <span class='ocr_line' id='line_1_31' title="bbox 316 1382 1970 1424; baseline 0.001 -11"><span class='ocrx_word' id='word_1_273' title='bbox 316 1384 438 1414; x_wconf 83' lang='lat' dir='ltr'>centius</span> <span class='ocrx_word' id='word_1_274' title='bbox 455 1384 552 1414; x_wconf 85' lang='lat' dir='ltr'>etiam</span> <span class='ocrx_word' id='word_1_275' title='bbox 571 1382 652 1413; x_wconf 82' lang='lat' dir='ltr'>hane</span> <span class='ocrx_word' id='word_1_276' title='bbox 669 1393 797 1424; x_wconf 88' lang='lat' dir='ltr'>quoque</span> <span class='ocrx_word' id='word_1_277' title='bbox 819 1393 949 1413; x_wconf 80' lang='lat' dir='ltr'>eausam</span> <span class='ocrx_word' id='word_1_278' title='bbox 968 1382 1124 1423; x_wconf 74' lang='lat' dir='ltr'>adtendit,</span> <span class='ocrx_word' id='word_1_279' title='bbox 1147 1394 1218 1414; x_wconf 87' lang='lat' dir='ltr'>eum</span> <span class='ocrx_word' id='word_1_280' title='bbox 1236 1383 1394 1423; x_wconf 82' lang='lat' dir='ltr'>virginem</span> <span class='ocrx_word' id='word_1_281' title='bbox 1412 1394 1431 1413; x_wconf 82' lang='lat' dir='ltr'>a</span> <span class='ocrx_word' id='word_1_282' title='bbox 1448 1383 1613 1424; x_wconf 89' lang='lat' dir='ltr'>proposito</span> <span class='ocrx_word' id='word_1_283' title='bbox 1630 1382 1754 1424; x_wconf 83' lang='lat' dir='ltr'>lapsam</span> <span class='ocrx_word' id='word_1_284' title='bbox 1772 1393 1836 1414; x_wconf 87' lang='lat' dir='ltr'>non</span> <span class='ocrx_word' id='word_1_285' title='bbox 1852 1382 1970 1415; x_wconf 86' lang='lat' dir='ltr'>debere</span> 
     </span>
     <span class='ocr_line' id='line_1_32' title="bbox 317 1434 1970 1476; baseline 0.001 -12"><span class='ocrx_word' id='word_1_286' title='bbox 317 1434 454 1466; x_wconf 80' lang='lat' dir='ltr'>‘admitti</span> <span class='ocrx_word' id='word_1_287' title='bbox 485 1434 523 1465; x_wconf 86' lang='lat' dir='ltr'>ad</span> <span class='ocrx_word' id='word_1_288' title='bbox 550 1435 782 1476; x_wconf 84' lang='lat' dir='ltr'>poenitentiam</span> <span class='ocrx_word' id='word_1_289' title='bbox 808 1434 950 1464; x_wconf 73' lang='lat' dir='ltr'>dixerit?</span> <span class='ocrx_word' id='word_1_290' title='bbox 979 1435 1133 1476; x_wconf 74' lang='lat' dir='ltr'>precipue</span> <span class='ocrx_word' id='word_1_291' title='bbox 1158 1445 1228 1465; x_wconf 88' lang='lat' dir='ltr'>eum</span> <span class='ocrx_word' id='word_1_292' title='bbox 1253 1434 1367 1465; x_wconf 81' lang='lat' dir='ltr'>addat:</span> <span class='ocrx_word' id='word_1_293' title='bbox 1411 1434 1575 1473; x_wconf 82' lang='lat' dir='ltr'>Quamdiu</span> <span class='ocrx_word' id='word_1_294' title='bbox 1599 1440 1766 1476; x_wconf 86' lang='lat' dir='ltr'>corruptor</span> <span class='ocrx_word' id='word_1_295' title='bbox 1789 1435 1858 1465; x_wconf 89' lang='lat' dir='ltr'>eius</span> <span class='ocrx_word' id='word_1_296' title='bbox 1881 1435 1970 1466; x_wconf 85' lang='lat' dir='ltr'>vivit.</span> 
     </span>
     <span class='ocr_line' id='line_1_33' title="bbox 316 1485 2016 1528; baseline 0.001 -11"><span class='ocrx_word' id='word_1_297' title='bbox 316 1487 399 1517; x_wconf 83' lang='lat' dir='ltr'>Num</span> <span class='ocrx_word' id='word_1_298' title='bbox 424 1498 460 1517; x_wconf 90' lang='lat' dir='ltr'>eo</span> <span class='ocrx_word' id='word_1_299' title='bbox 485 1493 628 1527; x_wconf 89' lang='lat' dir='ltr'>tempore</span> <span class='ocrx_word' id='word_1_300' title='bbox 654 1487 793 1516; x_wconf 84' lang='lat' dir='ltr'>maxime</span> <span class='ocrx_word' id='word_1_301' title='bbox 817 1486 886 1516; x_wconf 89' lang='lat' dir='ltr'>eius</span> <span class='ocrx_word' id='word_1_302' title='bbox 918 1485 1083 1527; x_wconf 83' lang='lat' dir='ltr'>fragilitati</span> <span class='ocrx_word' id='word_1_303' title='bbox 1108 1486 1288 1517; x_wconf 86' lang='lat' dir='ltr'>cavendum</span> <span class='ocrx_word' id='word_1_304' title='bbox 1313 1487 1373 1517; x_wconf 88' lang='lat' dir='ltr'>fuit</span> <span class='ocrx_word' id='word_1_305' title='bbox 1399 1496 1436 1517; x_wconf 86' lang='lat' dir='ltr'>eo</span> <span class='ocrx_word' id='word_1_306' title='bbox 1461 1487 1600 1527; x_wconf 87' lang='lat' dir='ltr'>vivente,</span> <span class='ocrx_word' id='word_1_307' title='bbox 1625 1497 1698 1517; x_wconf 87' lang='lat' dir='ltr'>cum</span> <span class='ocrx_word' id='word_1_308' title='bbox 1723 1497 1786 1528; x_wconf 92' lang='lat' dir='ltr'>quo</span> <span class='ocrx_word' id='word_1_309' title='bbox 1810 1487 1968 1528; x_wconf 84' lang='lat' dir='ltr'>peccavit.</span> <span class='ocrx_word' id='word_1_310' title='bbox 1989 1499 2016 1519; x_wconf 77' lang='lat'>25</span> 
     </span>
     <span class='ocr_line' id='line_1_34' title="bbox 315 1537 1967 1580; baseline 0.001 -12"><span class='ocrx_word' id='word_1_311' title='bbox 315 1538 375 1569; x_wconf 75' lang='lat' dir='ltr'>Est</span> <span class='ocrx_word' id='word_1_312' title='bbox 402 1538 485 1569; x_wconf 91' lang='lat' dir='ltr'>enim</span> <span class='ocrx_word' id='word_1_313' title='bbox 511 1538 768 1578; x_wconf 83' lang='lat' dir='ltr'>usitatissimum,</span> <span class='ocrx_word' id='word_1_314' title='bbox 801 1543 835 1568; x_wconf 92' lang='lat' dir='ltr'>ut</span> <span class='ocrx_word' id='word_1_315' title='bbox 859 1537 1005 1568; x_wconf 86' lang='lat' dir='ltr'>homines</span> <span class='ocrx_word' id='word_1_316' title='bbox 1028 1537 1178 1568; x_wconf 84' lang='lat' dir='ltr'>facillime</span> <span class='ocrx_word' id='word_1_317' title='bbox 1202 1537 1242 1568; x_wconf 86' lang='lat' dir='ltr'>ad</span> <span class='ocrx_word' id='word_1_318' title='bbox 1267 1548 1322 1568; x_wconf 88' lang='lat' dir='ltr'>eos</span> <span class='ocrx_word' id='word_1_319' title='bbox 1346 1537 1488 1575; x_wconf 76' lang='lat' dir='ltr'>redeant,</span> <span class='ocrx_word' id='word_1_320' title='bbox 1519 1549 1592 1568; x_wconf 87' lang='lat' dir='ltr'>cum</span> <span class='ocrx_word' id='word_1_321' title='bbox 1619 1537 1736 1579; x_wconf 87' lang='lat' dir='ltr'>quibus</span> <span class='ocrx_word' id='word_1_322' title='bbox 1759 1543 1832 1569; x_wconf 87' lang='lat' dir='ltr'>ante</span> <span class='ocrx_word' id='word_1_323' title='bbox 1856 1549 1967 1580; x_wconf 85' lang='lat' dir='ltr'>pecca-</span> 
     </span>
     <span class='ocr_line' id='line_1_35' title="bbox 314 1588 1966 1632; baseline 0 -12"><span class='ocrx_word' id='word_1_324' title='bbox 314 1595 437 1628; x_wconf 82' lang='lat' dir='ltr'>verant,</span> <span class='ocrx_word' id='word_1_325' title='bbox 470 1588 635 1630; x_wconf 84' lang='lat' dir='ltr'>multoque</span> <span class='ocrx_word' id='word_1_326' title='bbox 664 1590 795 1630; x_wconf 88' lang='lat' dir='ltr'>pronior</span> <span class='ocrx_word' id='word_1_327' title='bbox 825 1595 873 1619; x_wconf 85' lang='lat' dir='ltr'>est</span> <span class='ocrx_word' id='word_1_328' title='bbox 903 1588 1043 1619; x_wconf 76' lang='lat' dir='ltr'>humana</span> <span class='ocrx_word' id='word_1_329' title='bbox 1072 1589 1229 1629; x_wconf 83' lang='lat' dir='ltr'>fragilitas</span> <span class='ocrx_word' id='word_1_330' title='bbox 1253 1589 1293 1620; x_wconf 84' lang='lat' dir='ltr'>ad</span> <span class='ocrx_word' id='word_1_331' title='bbox 1319 1590 1470 1620; x_wconf 82' lang='lat' dir='ltr'>usitatum</span> <span class='ocrx_word' id='word_1_332' title='bbox 1496 1588 1698 1620; x_wconf 84' lang='lat' dir='ltr'>volutabrum</span> <span class='ocrx_word' id='word_1_333' title='bbox 1723 1589 1838 1629; x_wconf 88' lang='lat' dir='ltr'>redire,</span> <span class='ocrx_word' id='word_1_334' title='bbox 1869 1600 1966 1632; x_wconf 87' lang='lat' dir='ltr'>quam</span> 
     </span>
     <span class='ocr_line' id='line_1_36' title="bbox 313 1640 1968 1683; baseline 0.001 -12"><span class='ocrx_word' id='word_1_335' title='bbox 313 1640 444 1683; x_wconf 88' lang='lat' dir='ltr'>aliquod</span> <span class='ocrx_word' id='word_1_336' title='bbox 469 1651 585 1671; x_wconf 85' lang='lat' dir='ltr'>novum</span> <span class='ocrx_word' id='word_1_337' title='bbox 611 1640 718 1671; x_wconf 86' lang='lat' dir='ltr'>scelus</span> <span class='ocrx_word' id='word_1_338' title='bbox 747 1641 778 1670; x_wconf 91' lang='lat' dir='ltr'>in</span> <span class='ocrx_word' id='word_1_339' title='bbox 810 1640 923 1682; x_wconf 84' lang='lat' dir='ltr'>primis</span> <span class='ocrx_word' id='word_1_340' title='bbox 955 1652 1150 1681; x_wconf 81' lang='lat' dir='ltr'>presumere.</span> <span class='ocrx_word' id='word_1_341' title='bbox 1197 1641 1268 1671; x_wconf 75' lang='lat' dir='ltr'>Non</span> <span class='ocrx_word' id='word_1_342' title='bbox 1291 1652 1368 1682; x_wconf 83' lang='lat' dir='ltr'>ergo</span> <span class='ocrx_word' id='word_1_343' title='bbox 1397 1642 1523 1680; x_wconf 89' lang='lat' dir='ltr'>mirum,</span> <span class='ocrx_word' id='word_1_344' title='bbox 1554 1642 1579 1671; x_wconf 88' lang='lat' dir='ltr'>si</span> <span class='ocrx_word' id='word_1_345' title='bbox 1606 1646 1736 1671; x_wconf 82' lang='lat' dir='ltr'>sanetus</span> <span class='ocrx_word' id='word_1_346' title='bbox 1760 1640 1968 1673; x_wconf 84' lang='lat' dir='ltr'>Innocentius</span> 
     </span>
     <span class='ocr_line' id='line_1_37' title="bbox 314 1691 1968 1735; baseline 0 -12"><span class='ocrx_word' id='word_1_347' title='bbox 314 1692 496 1723; x_wconf 84' lang='lat' dir='ltr'>huiusmodi</span> <span class='ocrx_word' id='word_1_348' title='bbox 531 1691 653 1733; x_wconf 80' lang='lat' dir='ltr'>lapsam</span> <span class='ocrx_word' id='word_1_349' title='bbox 692 1703 793 1733; x_wconf 88' lang='lat' dir='ltr'>usque</span> <span class='ocrx_word' id='word_1_350' title='bbox 825 1692 865 1723; x_wconf 86' lang='lat' dir='ltr'>ad</span> <span class='ocrx_word' id='word_1_351' title='bbox 897 1691 1020 1723; x_wconf 89' lang='lat' dir='ltr'>obitum</span> <span class='ocrx_word' id='word_1_352' title='bbox 1053 1693 1251 1733; x_wconf 85' lang='lat' dir='ltr'>corruptoris</span> <span class='ocrx_word' id='word_1_353' title='bbox 1280 1704 1297 1723; x_wconf 85' lang='lat' dir='ltr'>a</span> <span class='ocrx_word' id='word_1_354' title='bbox 1326 1693 1526 1734; x_wconf 84' lang='lat' dir='ltr'>poenitentia</span> <span class='ocrx_word' id='word_1_355' title='bbox 1557 1692 1735 1734; x_wconf 82' lang='lat' dir='ltr'>suspendit,</span> <span class='ocrx_word' id='word_1_356' title='bbox 1766 1704 1805 1724; x_wconf 85' lang='lat' dir='ltr'>ne</span> <span class='ocrx_word' id='word_1_357' title='bbox 1833 1693 1864 1723; x_wconf 88' lang='lat' dir='ltr'>iu</span> <span class='ocrx_word' id='word_1_358' title='bbox 1896 1694 1968 1735; x_wconf 81' lang='lat' dir='ltr'>ipsa</span> 
     </span>
     <span class='ocr_line' id='line_1_38' title="bbox 313 1742 2015 1786; baseline 0.001 -11"><span class='ocrx_word' id='word_1_359' title='bbox 313 1745 511 1786; x_wconf 84' lang='lat' dir='ltr'>poenitentia</span> <span class='ocrx_word' id='word_1_360' title='bbox 535 1742 657 1785; x_wconf 84' lang='lat' dir='ltr'>aliquid</span> <span class='ocrx_word' id='word_1_361' title='bbox 683 1744 907 1784; x_wconf 84' lang='lat' dir='ltr'>committeret,</span> <span class='ocrx_word' id='word_1_362' title='bbox 932 1743 1016 1774; x_wconf 88' lang='lat' dir='ltr'>unde</span> <span class='ocrx_word' id='word_1_363' title='bbox 1044 1744 1135 1774; x_wconf 80' lang='lat' dir='ltr'>iuxta</span> <span class='ocrx_word' id='word_1_364' title='bbox 1154 1743 1361 1775; x_wconf 83' lang='lat' dir='ltr'>Ambrosium</span> <span class='ocrx_word' id='word_1_365' title='bbox 1379 1750 1410 1775; x_wconf 93' lang='lat' dir='ltr'>et</span> <span class='ocrx_word' id='word_1_366' title='bbox 1428 1745 1568 1775; x_wconf 84' lang='lat' dir='ltr'>fructum</span> <span class='ocrx_word' id='word_1_367' title='bbox 1587 1745 1803 1785; x_wconf 85' lang='lat' dir='ltr'>poenitentiae</span> <span class='ocrx_word' id='word_1_368' title='bbox 1820 1743 1969 1786; x_wconf 87' lang='lat' dir='ltr'>perderet</span> <span class='ocrx_word' id='word_1_369' title='bbox 1987 1760 2015 1779; x_wconf 75' lang='lat'>³0</span> 
     </span>
     <span class='ocr_line' id='line_1_39' title="bbox 312 1795 1595 1837; baseline 0.002 -12"><span class='ocrx_word' id='word_1_370' title='bbox 312 1801 344 1826; x_wconf 86' lang='lat' dir='ltr'>ct</span> <span class='ocrx_word' id='word_1_371' title='bbox 367 1796 519 1836; x_wconf 84' lang='lat' dir='ltr'>deinceps</span> <span class='ocrx_word' id='word_1_372' title='bbox 545 1796 637 1826; x_wconf 81' lang='lat' dir='ltr'>iuxta</span> <span class='ocrx_word' id='word_1_373' title='bbox 660 1795 828 1837; x_wconf 83' lang='lat' dir='ltr'>antiquum</span> <span class='ocrx_word' id='word_1_374' title='bbox 852 1806 973 1826; x_wconf 86' lang='lat' dir='ltr'>morem</span> <span class='ocrx_word' id='word_1_375' title='bbox 998 1795 1183 1837; x_wconf 87' lang='lat' dir='ltr'>poenitendi</span> <span class='ocrx_word' id='word_1_376' title='bbox 1207 1795 1312 1826; x_wconf 87' lang='lat' dir='ltr'>locum</span> <span class='ocrx_word' id='word_1_377' title='bbox 1336 1807 1398 1827; x_wconf 90' lang='lat' dir='ltr'>non</span> <span class='ocrx_word' id='word_1_378' title='bbox 1424 1796 1595 1827; x_wconf 85' lang='lat' dir='ltr'>obtineret.</span> 
     </span>
    </p>

    <p class='ocr_par' dir='ltr' id='par_1_10' title="bbox 311 1845 2013 2146">
     <span class='ocr_line' id='line_1_40' title="bbox 418 1845 1966 1890; baseline 0.001 -14"><span class='ocrx_word' id='word_1_379' title='bbox 418 1846 515 1888; x_wconf 78' lang='lat' dir='ltr'>Apud</span> <span class='ocrx_word' id='word_1_380' title='bbox 548 1847 719 1878; x_wconf 88' lang='lat' dir='ltr'>modernos</span> <span class='ocrx_word' id='word_1_381' title='bbox 749 1851 857 1877; x_wconf 86' lang='lat' dir='ltr'>tamen</span> <span class='ocrx_word' id='word_1_382' title='bbox 886 1845 975 1877; x_wconf 83' lang='lat' dir='ltr'>locus</span> <span class='ocrx_word' id='word_1_383' title='bbox 1003 1848 1220 1888; x_wconf 85' lang='lat' dir='ltr'>poenitentiae</span> <span class='ocrx_word' id='word_1_384' title='bbox 1255 1847 1454 1889; x_wconf 70' lang='lat' dir='ltr'>quibuslibet</span> <span class='ocrx_word' id='word_1_385' title='bbox 1483 1848 1581 1889; x_wconf 82' lang='lat' dir='ltr'>lapsis</span> <span class='ocrx_word' id='word_1_386' title='bbox 1613 1858 1676 1878; x_wconf 90' lang='lat' dir='ltr'>non</span> <span class='ocrx_word' id='word_1_387' title='bbox 1706 1853 1854 1889; x_wconf 82' lang='lat' dir='ltr'>negatur,</span> <span class='ocrx_word' id='word_1_388' title='bbox 1890 1847 1966 1890; x_wconf 86' lang='lat' dir='ltr'>quia</span> 
     </span>
     <span class='ocr_line' id='line_1_41' title="bbox 311 1898 1967 1941; baseline 0.001 -12"><span class='ocrx_word' id='word_1_389' title='bbox 311 1899 391 1930; x_wconf 79' lang='lat' dir='ltr'>adeo</span> <span class='ocrx_word' id='word_1_390' title='bbox 416 1909 648 1940; x_wconf 83' lang='lat' dir='ltr'>usquequaque</span> <span class='ocrx_word' id='word_1_391' title='bbox 672 1898 812 1929; x_wconf 81' lang='lat' dir='ltr'>humana</span> <span class='ocrx_word' id='word_1_392' title='bbox 836 1899 977 1939; x_wconf 81' lang='lat' dir='ltr'>pravitas</span> <span class='ocrx_word' id='word_1_393' title='bbox 1001 1898 1137 1930; x_wconf 79' lang='lat' dir='ltr'>invaluit</span> <span class='ocrx_word' id='word_1_394' title='bbox 1164 1904 1194 1929; x_wconf 90' lang='lat' dir='ltr'>et</span> <span class='ocrx_word' id='word_1_395' title='bbox 1229 1899 1339 1939; x_wconf 80' lang='lat' dir='ltr'>iugum</span> <span class='ocrx_word' id='word_1_396' title='bbox 1368 1900 1519 1941; x_wconf 84' lang='lat' dir='ltr'>antiquae</span> <span class='ocrx_word' id='word_1_397' title='bbox 1551 1899 1740 1941; x_wconf 83' lang='lat' dir='ltr'>disciplinae</span> <span class='ocrx_word' id='word_1_398' title='bbox 1768 1899 1899 1938; x_wconf 84' lang='lat' dir='ltr'>abiecit,</span> <span class='ocrx_word' id='word_1_399' title='bbox 1931 1906 1967 1930; x_wconf 86' lang='lat' dir='ltr'>ut</span> 
     </span>
     <span class='ocr_line' id='line_1_42' title="bbox 311 1949 1963 1993; baseline 0.001 -14"><span class='ocrx_word' id='word_1_400' title='bbox 311 1955 422 1981; x_wconf 74' lang='lat' dir='ltr'>sancta</span> <span class='ocrx_word' id='word_1_401' title='bbox 445 1949 602 1981; x_wconf 76' lang='lat' dir='ltr'>aecclesia</span> <span class='ocrx_word' id='word_1_402' title='bbox 626 1951 687 1981; x_wconf 85' lang='lat' dir='ltr'>iam</span> <span class='ocrx_word' id='word_1_403' title='bbox 712 1949 847 1980; x_wconf 89' lang='lat' dir='ltr'>multum</span> <span class='ocrx_word' id='word_1_404' title='bbox 871 1950 1036 1991; x_wconf 79' lang='lat' dir='ltr'>gauderet,</span> <span class='ocrx_word' id='word_1_405' title='bbox 1061 1951 1087 1981; x_wconf 92' lang='lat' dir='ltr'>si</span> <span class='ocrx_word' id='word_1_406' title='bbox 1115 1950 1224 1992; x_wconf 83' lang='lat' dir='ltr'>aliquo</span> <span class='ocrx_word' id='word_1_407' title='bbox 1252 1950 1347 1981; x_wconf 87' lang='lat' dir='ltr'>modo</span> <span class='ocrx_word' id='word_1_408' title='bbox 1372 1951 1561 1993; x_wconf 81' lang='lat' dir='ltr'>resipiscere</span> <span class='ocrx_word' id='word_1_409' title='bbox 1584 1951 1711 1982; x_wconf 81' lang='lat' dir='ltr'>vellent.</span> <span class='ocrx_word' id='word_1_410' title='bbox 1759 1950 1857 1982; x_wconf 84' lang='lat' dir='ltr'>Novit</span> <span class='ocrx_word' id='word_1_411' title='bbox 1879 1951 1963 1982; x_wconf 88' lang='lat' dir='ltr'>enim</span> 
     </span>
     <span class='ocr_line' id='line_1_43' title="bbox 314 2001 2013 2044; baseline 0.001 -13"><span class='ocrx_word' id='word_1_412' title='bbox 314 2002 375 2033; x_wconf 89' lang='lat' dir='ltr'>l)ei</span> <span class='ocrx_word' id='word_1_413' title='bbox 403 2001 656 2032; x_wconf 84' lang='lat' dir='ltr'>misericordiam</span> <span class='ocrx_word' id='word_1_414' title='bbox 687 2001 727 2032; x_wconf 83' lang='lat' dir='ltr'>ad</span> <span class='ocrx_word' id='word_1_415' title='bbox 757 2001 989 2043; x_wconf 83' lang='lat' dir='ltr'>indulgendum</span> <span class='ocrx_word' id='word_1_416' title='bbox 1022 2003 1306 2043; x_wconf 83' lang='lat' dir='ltr'>promptissimam,</span> <span class='ocrx_word' id='word_1_417' title='bbox 1337 2013 1395 2033; x_wconf 88' lang='lat' dir='ltr'>nec</span> <span class='ocrx_word' id='word_1_418' title='bbox 1424 2002 1558 2033; x_wconf 86' lang='lat' dir='ltr'>multum</span> <span class='ocrx_word' id='word_1_419' title='bbox 1589 2002 1708 2034; x_wconf 86' lang='lat' dir='ltr'>distare</span> <span class='ocrx_word' id='word_1_420' title='bbox 1735 2001 1822 2044; x_wconf 82' lang='lat' dir='ltr'>apud</span> <span class='ocrx_word' id='word_1_421' title='bbox 1845 2002 1964 2040; x_wconf 84' lang='lat' dir='ltr'>Deum,</span> <span class='ocrx_word' id='word_1_422' title='bbox 1984 2017 2013 2037; x_wconf 71' lang='lat'>35</span> 
     </span>
     <span class='ocr_line' id='line_1_44' title="bbox 312 2052 1962 2096; baseline 0.001 -13"><span class='ocrx_word' id='word_1_423' title='bbox 312 2064 375 2095; x_wconf 79' lang='lat' dir='ltr'>qua</span> <span class='ocrx_word' id='word_1_424' title='bbox 397 2055 568 2084; x_wconf 83' lang='lat' dir='ltr'>severitate</span> <span class='ocrx_word' id='word_1_425' title='bbox 592 2052 642 2084; x_wconf 84' lang='lat' dir='ltr'>vel</span> <span class='ocrx_word' id='word_1_426' title='bbox 672 2053 802 2084; x_wconf 80' lang='lat' dir='ltr'>lenitate</span> <span class='ocrx_word' id='word_1_427' title='bbox 827 2054 916 2084; x_wconf 83' lang='lat' dir='ltr'>iuxta.</span> <span class='ocrx_word' id='word_1_428' title='bbox 944 2054 1162 2085; x_wconf 86' lang='lat' dir='ltr'>diversitatem</span> <span class='ocrx_word' id='word_1_429' title='bbox 1191 2059 1371 2096; x_wconf 87' lang='lat' dir='ltr'>temporum</span> <span class='ocrx_word' id='word_1_430' title='bbox 1404 2060 1538 2096; x_wconf 86' lang='lat' dir='ltr'>peecata</span> <span class='ocrx_word' id='word_1_431' title='bbox 1569 2055 1753 2096; x_wconf 85' lang='lat' dir='ltr'>puniantur,</span> <span class='ocrx_word' id='word_1_432' title='bbox 1785 2054 1810 2084; x_wconf 89' lang='lat' dir='ltr'>si</span> <span class='ocrx_word' id='word_1_433' title='bbox 1839 2059 1962 2085; x_wconf 85' lang='lat' dir='ltr'>tantum</span> 
     </span>
     <span class='ocr_line' id='line_1_45' title="bbox 312 2104 974 2146; baseline 0.003 -12"><span class='ocrx_word' id='word_1_434' title='bbox 312 2110 461 2146; x_wconf 81' lang='lat' dir='ltr'>peccator</span> <span class='ocrx_word' id='word_1_435' title='bbox 484 2116 523 2135; x_wconf 82' lang='lat' dir='ltr'>ex</span> <span class='ocrx_word' id='word_1_436' title='bbox 549 2109 614 2135; x_wconf 85' lang='lat' dir='ltr'>toto</span> <span class='ocrx_word' id='word_1_437' title='bbox 639 2104 734 2135; x_wconf 87' lang='lat' dir='ltr'>corde</span> <span class='ocrx_word' id='word_1_438' title='bbox 760 2110 974 2136; x_wconf 84' lang='lat' dir='ltr'>eonvertatur.</span> 
     </span>
    </p>

    <p class='ocr_par' dir='ltr' id='par_1_11' title="bbox 311 2156 2014 2611">
     <span class='ocr_line' id='line_1_46' title="bbox 418 2156 1964 2199; baseline 0 -12"><span class='ocrx_word' id='word_1_439' title='bbox 418 2157 468 2188; x_wconf 88' lang='lat' dir='ltr'>De</span> <span class='ocrx_word' id='word_1_440' title='bbox 491 2157 614 2197; x_wconf 75' lang='lat' dir='ltr'>virgine</span> <span class='ocrx_word' id='word_1_441' title='bbox 638 2162 744 2187; x_wconf 82' lang='lat' dir='ltr'>autem</span> <span class='ocrx_word' id='word_1_442' title='bbox 770 2167 861 2187; x_wconf 80' lang='lat' dir='ltr'>sacra</span> <span class='ocrx_word' id='word_1_443' title='bbox 885 2167 904 2186; x_wconf 85' lang='lat' dir='ltr'>a</span> <span class='ocrx_word' id='word_1_444' title='bbox 928 2158 1094 2198; x_wconf 87' lang='lat' dir='ltr'>proposito</span> <span class='ocrx_word' id='word_1_445' title='bbox 1119 2156 1220 2198; x_wconf 82' lang='lat' dir='ltr'>lapsa,</span> <span class='ocrx_word' id='word_1_446' title='bbox 1242 2168 1323 2198; x_wconf 79' lang='lat' dir='ltr'>quae</span> <span class='ocrx_word' id='word_1_447' title='bbox 1341 2158 1371 2187; x_wconf 93' lang='lat' dir='ltr'>in</span> <span class='ocrx_word' id='word_1_448' title='bbox 1387 2158 1524 2199; x_wconf 84' lang='lat' dir='ltr'>gradum</span> <span class='ocrx_word' id='word_1_449' title='bbox 1542 2157 1738 2197; x_wconf 81' lang='lat' dir='ltr'>virginitatis</span> <span class='ocrx_word' id='word_1_450' title='bbox 1754 2167 1816 2187; x_wconf 90' lang='lat' dir='ltr'>non</span> <span class='ocrx_word' id='word_1_451' title='bbox 1833 2161 1964 2199; x_wconf 84' lang='lat' dir='ltr'>putatur</span> 
     </span>
     <span class='ocr_line' id='line_1_47' title="bbox 311 2207 1964 2250; baseline 0.001 -12"><span class='ocrx_word' id='word_1_452' title='bbox 311 2208 501 2246; x_wconf 79' lang='lat' dir='ltr'>revocanda,</span> <span class='ocrx_word' id='word_1_453' title='bbox 525 2219 589 2238; x_wconf 90' lang='lat' dir='ltr'>non</span> <span class='ocrx_word' id='word_1_454' title='bbox 613 2213 660 2238; x_wconf 89' lang='lat' dir='ltr'>est</span> <span class='ocrx_word' id='word_1_455' title='bbox 683 2208 778 2239; x_wconf 82' lang='lat' dir='ltr'>nimis</span> <span class='ocrx_word' id='word_1_456' title='bbox 804 2208 1073 2248; x_wconf 84' lang='lat' dir='ltr'>contendendum,</span> <span class='ocrx_word' id='word_1_457' title='bbox 1098 2219 1136 2239; x_wconf 92' lang='lat' dir='ltr'>ne</span> <span class='ocrx_word' id='word_1_458' title='bbox 1160 2209 1232 2250; x_wconf 84' lang='lat' dir='ltr'>ipsa</span> <span class='ocrx_word' id='word_1_459' title='bbox 1256 2209 1313 2239; x_wconf 80' lang='lat' dir='ltr'>hae</span> <span class='ocrx_word' id='word_1_460' title='bbox 1337 2209 1541 2240; x_wconf 87' lang='lat' dir='ltr'>contentione</span> <span class='ocrx_word' id='word_1_461' title='bbox 1564 2214 1674 2239; x_wconf 85' lang='lat' dir='ltr'>contra</span> <span class='ocrx_word' id='word_1_462' title='bbox 1697 2207 1828 2239; x_wconf 77' lang='lat' dir='ltr'>beatum</span> <span class='ocrx_word' id='word_1_463' title='bbox 1846 2208 1964 2239; x_wconf 84' lang='lat' dir='ltr'>leroni-</span> 
     </span>
     <span class='ocr_line' id='line_1_48' title="bbox 313 2259 2014 2302; baseline 0.001 -13"><span class='ocrx_word' id='word_1_464' title='bbox 313 2265 421 2289; x_wconf 83' lang='lat' dir='ltr'>1num⁶</span> <span class='ocrx_word' id='word_1_465' title='bbox 454 2260 560 2290; x_wconf 88' lang='lat' dir='ltr'>venire</span> <span class='ocrx_word' id='word_1_466' title='bbox 591 2259 768 2300; x_wconf 81' lang='lat' dir='ltr'>videamur,</span> <span class='ocrx_word' id='word_1_467' title='bbox 800 2261 854 2301; x_wconf 88' lang='lat' dir='ltr'>qui</span> <span class='ocrx_word' id='word_1_468' title='bbox 884 2260 963 2291; x_wconf 86' lang='lat' dir='ltr'>dicit</span> <span class='ocrx_word' id='word_1_469' title='bbox 994 2260 1101 2291; x_wconf 90' lang='lat' dir='ltr'>Deum</span> <span class='ocrx_word' id='word_1_470' title='bbox 1136 2260 1294 2300; x_wconf 80' lang='lat' dir='ltr'>virginem</span> <span class='ocrx_word' id='word_1_471' title='bbox 1326 2271 1389 2291; x_wconf 91' lang='lat' dir='ltr'>non</span> <span class='ocrx_word' id='word_1_472' title='bbox 1421 2271 1515 2302; x_wconf 88' lang='lat' dir='ltr'>posse</span> <span class='ocrx_word' id='word_1_473' title='bbox 1547 2266 1619 2302; x_wconf 88' lang='lat' dir='ltr'>post</span> <span class='ocrx_word' id='word_1_474' title='bbox 1647 2260 1772 2302; x_wconf 83' lang='lat' dir='ltr'>lapsum</span> <span class='ocrx_word' id='word_1_475' title='bbox 1802 2270 1963 2302; x_wconf 80' lang='lat' dir='ltr'>reparare.</span> <span class='ocrx_word' id='word_1_476' title='bbox 1983 2274 2014 2294; x_wconf 68' lang='lat' dir='ltr'>«o</span> 
     </span>
     <span class='ocr_line' id='line_1_49' title="bbox 314 2310 1964 2353; baseline 0.001 -13"><span class='ocrx_word' id='word_1_477' title='bbox 314 2310 393 2341; x_wconf 86' lang='lat' dir='ltr'>Nam</span> <span class='ocrx_word' id='word_1_478' title='bbox 433 2311 552 2352; x_wconf 81' lang='lat' dir='ltr'>scripta</span> <span class='ocrx_word' id='word_1_479' title='bbox 586 2311 688 2341; x_wconf 84' lang='lat' dir='ltr'>saneti</span> <span class='ocrx_word' id='word_1_480' title='bbox 732 2311 884 2341; x_wconf 86' lang='lat' dir='ltr'>Ieronimi</span> <span class='ocrx_word' id='word_1_481' title='bbox 923 2323 942 2342; x_wconf 84' lang='lat' dir='ltr'>a</span> <span class='ocrx_word' id='word_1_482' title='bbox 975 2311 1067 2341; x_wconf 84' lang='lat' dir='ltr'>beato</span> <span class='ocrx_word' id='word_1_483' title='bbox 1103 2310 1256 2341; x_wconf 78' lang='lat' dir='ltr'>Gelasio⁷</span> <span class='ocrx_word' id='word_1_484' title='bbox 1296 2312 1327 2342; x_wconf 90' lang='lat' dir='ltr'>in</span> <span class='ocrx_word' id='word_1_485' title='bbox 1365 2311 1513 2342; x_wconf 84' lang='lat' dir='ltr'>Romana.</span> <span class='ocrx_word' id='word_1_486' title='bbox 1551 2311 1674 2353; x_wconf 73' lang='lat' dir='ltr'>synodo</span> <span class='ocrx_word' id='word_1_487' title='bbox 1709 2322 1751 2342; x_wconf 85' lang='lat' dir='ltr'>ex</span> <span class='ocrx_word' id='word_1_488' title='bbox 1784 2310 1964 2352; x_wconf 78' lang='lat' dir='ltr'>apostolica</span> 
     </span>
     <span class='ocr_line' id='line_1_50' title="bbox 312 2361 1963 2404; baseline 0.001 -12"><span class='ocrx_word' id='word_1_489' title='bbox 312 2363 503 2393; x_wconf 84' lang='lat' dir='ltr'>auctoritate</span> <span class='ocrx_word' id='word_1_490' title='bbox 532 2361 613 2392; x_wconf 84' lang='lat' dir='ltr'>adeo</span> <span class='ocrx_word' id='word_1_491' title='bbox 638 2363 827 2393; x_wconf 80' lang='lat' dir='ltr'>canonizata</span> <span class='ocrx_word' id='word_1_492' title='bbox 851 2368 934 2401; x_wconf 83' lang='lat' dir='ltr'>sunt,</span> <span class='ocrx_word' id='word_1_493' title='bbox 967 2368 1001 2393; x_wconf 94' lang='lat' dir='ltr'>ut</span> <span class='ocrx_word' id='word_1_494' title='bbox 1025 2363 1220 2404; x_wconf 89' lang='lat' dir='ltr'>quicumque</span> <span class='ocrx_word' id='word_1_495' title='bbox 1244 2361 1305 2394; x_wconf 88' lang='lat' dir='ltr'>illis</span> <span class='ocrx_word' id='word_1_496' title='bbox 1329 2364 1536 2404; x_wconf 83' lang='lat' dir='ltr'>pertinaciter</span> <span class='ocrx_word' id='word_1_497' title='bbox 1566 2363 1788 2394; x_wconf 80' lang='lat' dir='ltr'>contradicere</span> <span class='ocrx_word' id='word_1_498' title='bbox 1818 2368 1963 2401; x_wconf 82' lang='lat' dir='ltr'>conatur,</span> 
     </span>
     <span class='ocr_line' id='line_1_51' title="bbox 311 2412 1966 2455; baseline 0.001 -13"><span class='ocrx_word' id='word_1_499' title='bbox 311 2415 407 2444; x_wconf 81' lang='lat' dir='ltr'>etiam</span> <span class='ocrx_word' id='word_1_500' title='bbox 431 2413 627 2455; x_wconf 79' lang='lat' dir='ltr'>apostolicae</span> <span class='ocrx_word' id='word_1_501' title='bbox 643 2414 827 2444; x_wconf 81' lang='lat' dir='ltr'>auctoritati</span> <span class='ocrx_word' id='word_1_502' title='bbox 844 2415 1003 2444; x_wconf 84' lang='lat' dir='ltr'>contraire</span> <span class='ocrx_word' id='word_1_503' title='bbox 1023 2424 1086 2444; x_wconf 92' lang='lat' dir='ltr'>non</span> <span class='ocrx_word' id='word_1_504' title='bbox 1103 2412 1276 2445; x_wconf 87' lang='lat' dir='ltr'>dubitetur.</span> <span class='ocrx_word' id='word_1_505' title='bbox 1315 2414 1398 2445; x_wconf 83' lang='lat' dir='ltr'>Sunt</span> <span class='ocrx_word' id='word_1_506' title='bbox 1414 2425 1491 2455; x_wconf 86' lang='lat' dir='ltr'>ergo</span> <span class='ocrx_word' id='word_1_507' title='bbox 1508 2425 1526 2444; x_wconf 85' lang='lat' dir='ltr'>a</span> <span class='ocrx_word' id='word_1_508' title='bbox 1543 2415 1636 2445; x_wconf 89' lang='lat' dir='ltr'>nobis</span> <span class='ocrx_word' id='word_1_509' title='bbox 1653 2415 1721 2446; x_wconf 88' lang='lat' dir='ltr'>eius</span> <span class='ocrx_word' id='word_1_510' title='bbox 1738 2413 1966 2445; x_wconf 84' lang='lat' dir='ltr'>venerabiliter</span> 
     </span>
     <span class='ocr_line' id='line_1_52' title="bbox 312 2464 1963 2508; baseline 0.001 -13"><span class='ocrx_word' id='word_1_511' title='bbox 312 2466 434 2506; x_wconf 83' lang='lat' dir='ltr'>scripta</span> <span class='ocrx_word' id='word_1_512' title='bbox 461 2464 647 2506; x_wconf 77' lang='lat' dir='ltr'>recipienda</span> <span class='ocrx_word' id='word_1_513' title='bbox 680 2476 738 2496; x_wconf 91' lang='lat' dir='ltr'>nec</span> <span class='ocrx_word' id='word_1_514' title='bbox 768 2464 808 2496; x_wconf 87' lang='lat' dir='ltr'>ab</span> <span class='ocrx_word' id='word_1_515' title='bbox 831 2465 939 2507; x_wconf 86' lang='lat' dir='ltr'>aliquo</span> <span class='ocrx_word' id='word_1_516' title='bbox 964 2471 1082 2496; x_wconf 89' lang='lat' dir='ltr'>temere</span> <span class='ocrx_word' id='word_1_517' title='bbox 1107 2465 1288 2499; x_wconf 84' lang='lat' dir='ltr'>iudicanda,</span> <span class='ocrx_word' id='word_1_518' title='bbox 1335 2465 1430 2504; x_wconf 77' lang='lat' dir='ltr'>Quod</span> <span class='ocrx_word' id='word_1_519' title='bbox 1453 2472 1557 2497; x_wconf 85' lang='lat' dir='ltr'>autem</span> <span class='ocrx_word' id='word_1_520' title='bbox 1583 2467 1652 2508; x_wconf 90' lang='lat' dir='ltr'>ipse</span> <span class='ocrx_word' id='word_1_521' title='bbox 1675 2466 1780 2497; x_wconf 90' lang='lat' dir='ltr'>Deum</span> <span class='ocrx_word' id='word_1_522' title='bbox 1805 2466 1963 2507; x_wconf 84' lang='lat' dir='ltr'>virginem</span> 
     </span>
     <span class='ocr_line' id='line_1_53' title="bbox 311 2516 2010 2559; baseline 0.002 -13"><span class='ocrx_word' id='word_1_523' title='bbox 311 2527 460 2557; x_wconf 85' lang='lat' dir='ltr'>reparare</span> <span class='ocrx_word' id='word_1_524' title='bbox 491 2524 563 2557; x_wconf 87' lang='lat' dir='ltr'>post</span> <span class='ocrx_word' id='word_1_525' title='bbox 594 2516 719 2557; x_wconf 83' lang='lat' dir='ltr'>lapsum</span> <span class='ocrx_word' id='word_1_526' title='bbox 752 2528 814 2547; x_wconf 93' lang='lat' dir='ltr'>non</span> <span class='ocrx_word' id='word_1_527' title='bbox 846 2527 940 2558; x_wconf 86' lang='lat' dir='ltr'>posse</span> <span class='ocrx_word' id='word_1_528' title='bbox 970 2516 1062 2557; x_wconf 83' lang='lat' dir='ltr'>dixit,</span> <span class='ocrx_word' id='word_1_529' title='bbox 1093 2528 1156 2548; x_wconf 88' lang='lat' dir='ltr'>non</span> <span class='ocrx_word' id='word_1_530' title='bbox 1183 2517 1286 2558; x_wconf 82' lang='lat' dir='ltr'>magis</span> <span class='ocrx_word' id='word_1_531' title='bbox 1309 2517 1502 2554; x_wconf 85' lang='lat' dir='ltr'>mirandum,</span> <span class='ocrx_word' id='word_1_532' title='bbox 1534 2528 1629 2559; x_wconf 84' lang='lat' dir='ltr'>quam</span> <span class='ocrx_word' id='word_1_533' title='bbox 1654 2517 1756 2548; x_wconf 79' lang='lat' dir='ltr'>multa</span> <span class='ocrx_word' id='word_1_534' title='bbox 1778 2517 1851 2558; x_wconf 81' lang='lat' dir='ltr'>alia,</span> <span class='ocrx_word' id='word_1_535' title='bbox 1882 2528 1964 2559; x_wconf 85' lang='lat' dir='ltr'>quae</span> <span class='ocrx_word' id='word_1_536' title='bbox 1982 2532 2010 2551; x_wconf 65' lang='grc' dir='ltr'>ιε,</span> 
     </span>
     <span class='ocr_line' id='line_1_54' title="bbox 312 2567 1964 2611; baseline 0.001 -13"><span class='ocrx_word' id='word_1_537' title='bbox 312 2568 402 2599; x_wconf 89' lang='lat' dir='ltr'>Deus</span> <span class='ocrx_word' id='word_1_538' title='bbox 427 2567 526 2598; x_wconf 78' lang='lat' dir='ltr'>libero</span> <span class='ocrx_word' id='word_1_539' title='bbox 550 2567 665 2608; x_wconf 81' lang='lat' dir='ltr'>legitur</span> <span class='ocrx_word' id='word_1_540' title='bbox 688 2573 718 2599; x_wconf 89' lang='lat' dir='ltr'>et</span> <span class='ocrx_word' id='word_1_541' title='bbox 742 2567 883 2599; x_wconf 85' lang='lat' dir='ltr'>ereditur</span> <span class='ocrx_word' id='word_1_542' title='bbox 912 2579 975 2599; x_wconf 86' lang='lat' dir='ltr'>non</span> <span class='ocrx_word' id='word_1_543' title='bbox 1003 2579 1108 2609; x_wconf 85' lang='lat' dir='ltr'>posse,</span> <span class='ocrx_word' id='word_1_544' title='bbox 1139 2567 1274 2599; x_wconf 86' lang='lat' dir='ltr'>utillud</span> <span class='ocrx_word' id='word_1_545' title='bbox 1306 2569 1336 2599; x_wconf 92' lang='lat' dir='ltr'>in</span> <span class='ocrx_word' id='word_1_546' title='bbox 1367 2568 1503 2611; x_wconf 81' lang='lat' dir='ltr'>epistola</span> <span class='ocrx_word' id='word_1_547' title='bbox 1534 2569 1705 2600; x_wconf 84' lang='lat' dir='ltr'>Iohannis:</span> <span class='ocrx_word' id='word_1_548' title='bbox 1739 2569 1830 2600; x_wconf 73' lang='lat' dir='ltr'>Deus</span> <span class='ocrx_word' id='word_1_549' title='bbox 1851 2569 1964 2609; x_wconf 79' lang='lat' dir='ltr'>fidelis</span> 
     </span>
    </p>
   </div>
   <div class='ocr_carea' id='block_1_8' title="bbox 311 2665 1960 2802">
    <p class='ocr_par' dir='ltr' id='par_1_12' title="bbox 311 2665 1960 2802">
     <span class='ocr_line' id='line_1_55' title="bbox 421 2665 1960 2700; baseline 0.001 -10"><span class='ocrx_word' id='word_1_550' title='bbox 421 2665 447 2690; x_wconf 54' lang='lat'>1)</span> <span class='ocrx_word' id='word_1_551' title='bbox 473 2665 516 2697; x_wconf 64' lang='lat' dir='ltr'>(js.</span> <span class='ocrx_word' id='word_1_552' title='bbox 542 2675 584 2699; x_wconf 68' lang='lat' dir='ltr'>cp,</span> <span class='ocrx_word' id='word_1_553' title='bbox 613 2665 679 2697; x_wconf 66' lang='lat'>1513,</span> <span class='ocrx_word' id='word_1_554' title='bbox 705 2668 718 2695; x_wconf 65' lang='grc' dir='ltr'>ξ</span> <span class='ocrx_word' id='word_1_555' title='bbox 745 2665 770 2697; x_wconf 71' lang='lat' dir='ltr'>T,</span> <span class='ocrx_word' id='word_1_556' title='bbox 798 2666 868 2699; x_wconf 69' lang='lat'>0111).</span> <span class='ocrx_word' id='word_1_557' title='bbox 893 2667 935 2692; x_wconf 72' lang='lat' dir='ltr'>ed.</span> <span class='ocrx_word' id='word_1_558' title='bbox 963 2666 1065 2692; x_wconf 69' lang='lat' dir='ltr'>llened.</span> <span class='ocrx_word' id='word_1_559' title='bbox 1089 2669 1108 2692; x_wconf 78' lang='lat' dir='ltr'>t.</span> <span class='ocrx_word' id='word_1_560' title='bbox 1128 2666 1167 2698; x_wconf 87' lang='lat' dir='ltr'>II,</span> <span class='ocrx_word' id='word_1_561' title='bbox 1192 2666 1244 2692; x_wconf 76' lang='lat' dir='ltr'>col.</span> <span class='ocrx_word' id='word_1_562' title='bbox 1262 2667 1331 2692; x_wconf 74' lang='lat'><strong>526.</strong></span> <span class='ocrx_word' id='word_1_563' title='bbox 1419 2667 1449 2700; x_wconf 75' lang='lat'>2)</span> <span class='ocrx_word' id='word_1_564' title='bbox 1473 2667 1553 2693; x_wconf 76' lang='lat' dir='ltr'>Ilaec</span> <span class='ocrx_word' id='word_1_565' title='bbox 1578 2666 1661 2692; x_wconf 79' lang='lat' dir='ltr'>verba</span> <span class='ocrx_word' id='word_1_566' title='bbox 1684 2666 1725 2691; x_wconf 79' lang='lat' dir='ltr'>ibi</span> <span class='ocrx_word' id='word_1_567' title='bbox 1747 2675 1799 2692; x_wconf 77' lang='lat' dir='ltr'>non</span> <span class='ocrx_word' id='word_1_568' title='bbox 1823 2666 1960 2700; x_wconf 66' lang='lat' dir='ltr'>leguntur,</span> 
     </span>
     <span class='ocr_line' id='line_1_56' title="bbox 311 2716 1960 2750; baseline 0.001 -9"><span class='ocrx_word' id='word_1_569' title='bbox 311 2717 359 2741; x_wconf 73' lang='lat' dir='ltr'>scd</span> <span class='ocrx_word' id='word_1_570' title='bbox 387 2716 500 2741; x_wconf 72' lang='lat' dir='ltr'>similia.</span> <span class='ocrx_word' id='word_1_571' title='bbox 611 2716 640 2742; x_wconf 65' lang='grc'>3)</span> <span class='ocrx_word' id='word_1_572' title='bbox 673 2716 723 2750; x_wconf 79' lang='lat'><em>011-</em></span> <span class='ocrx_word' id='word_1_573' title='bbox 747 2726 834 2750; x_wconf 74' lang='lat' dir='ltr'>spur..</span> <span class='ocrx_word' id='word_1_574' title='bbox 866 2717 939 2750; x_wconf 72' lang='lat' dir='ltr'>qum!</span> <span class='ocrx_word' id='word_1_575' title='bbox 967 2717 1072 2742; x_wconf 78' lang='lat' dir='ltr'>dicilur</span> <span class='ocrx_word' id='word_1_576' title='bbox 1102 2717 1283 2743; x_wconf 66' lang='lat' dir='ltr'>Cous-titutum</span> <span class='ocrx_word' id='word_1_577' title='bbox 1313 2717 1444 2743; x_wconf 70' lang='lat' dir='ltr'>silvestri</span> <span class='ocrx_word' id='word_1_578' title='bbox 1472 2727 1495 2744; x_wconf 82' lang='lat' dir='ltr'>c.</span> <span class='ocrx_word' id='word_1_579' title='bbox 1516 2718 1562 2750; x_wconf 76' lang='lat'>12,</span> <span class='ocrx_word' id='word_1_580' title='bbox 1593 2717 1732 2744; x_wconf 77' lang='lat' dir='ltr'>Mansit.</span> <span class='ocrx_word' id='word_1_581' title='bbox 1751 2717 1790 2750; x_wconf 82' lang='lat' dir='ltr'>ll,</span> <span class='ocrx_word' id='word_1_582' title='bbox 1819 2717 1872 2744; x_wconf 85' lang='lat' dir='ltr'>col.</span> <span class='ocrx_word' id='word_1_583' title='bbox 1891 2717 1960 2744; x_wconf 77' lang='grc'><strong>629.</strong></span> 
     </span>
     <span class='ocr_line' id='line_1_57' title="bbox 313 2767 1960 2802; baseline 0.001 -10"><span class='ocrx_word' id='word_1_584' title='bbox 313 2768 342 2799; x_wconf 79' lang='lat'>4)</span> <span class='ocrx_word' id='word_1_585' title='bbox 373 2768 405 2793; x_wconf 79' lang='lat' dir='ltr'>L.</span> <span class='ocrx_word' id='word_1_586' title='bbox 437 2767 455 2793; x_wconf 94' lang='lat' dir='ltr'>I.</span> <span class='ocrx_word' id='word_1_587' title='bbox 488 2777 510 2793; x_wconf 81' lang='lat' dir='ltr'>c.</span> <span class='ocrx_word' id='word_1_588' title='bbox 548 2768 591 2799; x_wconf 77' lang='lat' dir='ltr'>ll,</span> <span class='ocrx_word' id='word_1_589' title='bbox 620 2767 691 2801; x_wconf 74' lang='lat' dir='ltr'>Opp.</span> <span class='ocrx_word' id='word_1_590' title='bbox 719 2770 738 2793; x_wconf 74' lang='lat' dir='ltr'>t.</span> <span class='ocrx_word' id='word_1_591' title='bbox 769 2768 808 2799; x_wconf 88' lang='lat' dir='ltr'>II,</span> <span class='ocrx_word' id='word_1_592' title='bbox 838 2768 889 2793; x_wconf 73' lang='lat' dir='ltr'>col.</span> <span class='ocrx_word' id='word_1_593' title='bbox 914 2767 984 2793; x_wconf 81' lang='lat'>438.</span> <span class='ocrx_word' id='word_1_594' title='bbox 1010 2768 1078 2800; x_wconf 68' lang='lat'>4:39,</span> <span class='ocrx_word' id='word_1_595' title='bbox 1110 2777 1152 2793; x_wconf 81' lang='lat' dir='ltr'>nr.</span> <span class='ocrx_word' id='word_1_596' title='bbox 1179 2767 1247 2800; x_wconf 72' lang='lat'>104,</span> <span class='ocrx_word' id='word_1_597' title='bbox 1273 2768 1394 2801; x_wconf 78' lang='lat' dir='ltr'>plenius.</span> <span class='ocrx_word' id='word_1_598' title='bbox 1515 2770 1545 2802; x_wconf 82' lang='lat'>5)</span> <span class='ocrx_word' id='word_1_599' title='bbox 1576 2769 1606 2796; x_wconf 86' lang='lat' dir='ltr'>C.</span> <span class='ocrx_word' id='word_1_600' title='bbox 1634 2769 1680 2801; x_wconf 79' lang='lat'>15,</span> <span class='ocrx_word' id='word_1_601' title='bbox 1710 2768 1810 2795; x_wconf 61' lang='lat' dir='ltr'>,Manss&#39;</span> <span class='ocrx_word' id='word_1_602' title='bbox 1838 2771 1857 2795; x_wconf 78' lang='lat' dir='ltr'>t.</span> <span class='ocrx_word' id='word_1_603' title='bbox 1880 2768 1960 2800; x_wconf 84' lang='lat' dir='ltr'>VIII,</span> 
     </span>
    </p>
   </div>
   <div class='ocr_carea' id='block_1_9' title="bbox 312 2818 2009 2854">
    <p class='ocr_par' dir='ltr' id='par_1_13' title="bbox 312 2818 2009 2854">
     <span class='ocr_line' id='line_1_58' title="bbox 312 2818 2009 2854; baseline 0.001 -11"><span class='ocrx_word' id='word_1_604' title='bbox 312 2819 363 2847; x_wconf 76' lang='lat' dir='ltr'>col.</span> <span class='ocrx_word' id='word_1_605' title='bbox 389 2819 459 2845; x_wconf 74' lang='lat'>327.</span> <span class='ocrx_word' id='word_1_606' title='bbox 547 2819 576 2852; x_wconf 65' lang='lat'>⁸3)</span> <span class='ocrx_word' id='word_1_607' title='bbox 601 2819 653 2851; x_wconf 68' lang='lat' dir='ltr'>Iz&#39;p.</span> <span class='ocrx_word' id='word_1_608' title='bbox 673 2820 720 2846; x_wconf 74' lang='grc'>22,</span> <span class='ocrx_word' id='word_1_609' title='bbox 746 2819 783 2844; x_wconf 72' lang='lat' dir='ltr'>acl</span> <span class='ocrx_word' id='word_1_610' title='bbox 808 2819 948 2849; x_wconf 55' lang='lat' dir='ltr'>Euam-h„</span> <span class='ocrx_word' id='word_1_611' title='bbox 974 2828 1014 2844; x_wconf 78' lang='lat' dir='ltr'>ur.</span> <span class='ocrx_word' id='word_1_612' title='bbox 1034 2820 1060 2851; x_wconf 74' lang='grc' dir='ltr'>ἴ),</span> <span class='ocrx_word' id='word_1_613' title='bbox 1088 2818 1159 2853; x_wconf 77' lang='lat' dir='ltr'>Opp.</span> <span class='ocrx_word' id='word_1_614' title='bbox 1184 2823 1202 2845; x_wconf 78' lang='grc' dir='ltr'>Ι.</span> <span class='ocrx_word' id='word_1_615' title='bbox 1221 2820 1243 2851; x_wconf 84' lang='grc' dir='ltr'>Ι,</span> <span class='ocrx_word' id='word_1_616' title='bbox 1267 2820 1318 2845; x_wconf 80' lang='lat' dir='ltr'>col.</span> <span class='ocrx_word' id='word_1_617' title='bbox 1337 2819 1386 2846; x_wconf 76' lang='lat'>90.</span> <span class='ocrx_word' id='word_1_618' title='bbox 1475 2820 1503 2845; x_wconf 70' lang='grc' dir='ltr'><strong><em>Ἡ</em></strong></span> <span class='ocrx_word' id='word_1_619' title='bbox 1533 2819 1562 2846; x_wconf 87' lang='lat' dir='ltr'>V.</span> <span class='ocrx_word' id='word_1_620' title='bbox 1587 2829 1673 2853; x_wconf 77' lang='lat' dir='ltr'>supra</span> <span class='ocrx_word' id='word_1_621' title='bbox 1695 2829 1724 2854; x_wconf 83' lang='grc' dir='ltr'>ρ.</span> <span class='ocrx_word' id='word_1_622' title='bbox 1744 2820 1791 2846; x_wconf 82' lang='grc'>79.</span> <span class='ocrx_word' id='word_1_623' title='bbox 1981 2826 2009 2844; x_wconf 75' lang='grc' dir='ltr'>ἕιο</span> 
     </span>
    </p>
   </div>
  </div>
 </body>
</html>
