2132 3067
161 261 240 280 Mami.
251 260 299 283 ⁶,ss

189 741 216 759 c(v
228 740 306 759 Manli.

215 770 292 789 11,30.

160 919 223 937 Rom.
237 918 307 940 1:217.

332 155 370 186 16
727 155 878 182 LIBELLI
903 154 1098 181 BERNALDI
1122 151 1360 179 PRESBYTERI
1383 151 1570 179 MONACHI.

329 247 501 285 iudicavit3
531 256 600 276 cum
632 245 721 275 iuxta
751 243 881 274 Domini
912 248 1107 284 preceptum⁴
1130 252 1190 272 nec
1222 241 1352 272 inimico
1382 241 1424 271 sit
1454 239 1721 271 maledicendum.
1767 239 1975 282 Quapropter

330 299 496 329 caritative
519 296 676 327 admoneo
701 301 740 334 te,
766 305 804 324 ne
829 305 968 335 unquam
994 294 1024 323 in
1049 300 1122 324 tuae
1147 291 1311 333 religionis
1335 297 1366 322 et
1389 290 1580 322 eruditionis
1608 291 1849 333 derogationem
1880 290 1973 322 alicui

329 355 393 380 tam
424 347 622 385 maledicam,
654 352 718 377 tam
750 345 912 376 illimatam
947 344 1143 375 transmittas
1176 342 1356 385 epistolam,
1388 353 1427 373 ne
1458 343 1484 373 si
1508 342 1634 384 aliquis,
1662 334 1715 384 qui
1740 341 1877 373 libenter
1898 341 1976 373 velit

329 400 530 438 contendere,
554 405 673 440 tuoque
698 397 809 427 honori
834 407 947 438 parum
971 395 1139 437 providere
1154 400 1173 435 ¹,
1198 395 1299 436 ipsam
1325 395 1508 436 perspiciat,
1532 404 1642 425 omnes
1666 395 1734 426 eius
1759 393 1976 436 blasphemias

329 452 359 482 in
385 457 413 482 te
438 452 541 492 ipsum
566 454 756 490 retorqueat.
1995 457 2008 476 ⁵

984 538 1216 581 [EPIs'rOLA
1248 537 1315 581 IV.]

529 593 629 623 Item
655 590 961 622 contumeliosa
985 591 1215 632 rescriptio
1239 600 1310 631 pro
1335 589 1546 631 superiori
1571 589 1774 631 kapitulo.

435 654 548 691 Fratri,
573 653 649 683 lieu!
675 654 705 683 in
731 657 776 682 tot
797 651 897 692 ydrae
922 651 1029 692 capita
1052 651 1186 682 tumenti
1208 649 1390 693 B[ernaldo]
1418 648 1603 691 A[lboinus]
1628 661 1661 681 se
1685 649 1866 681 nullatenus
1889 650 1976 681 cecis

329 705 515 736 cerasteiw
539 705 653 734 veneni
677 702 828 733 cornibus
853 701 1036 743 periclitari.

433 756 467 786 si
491 766 553 786 non
577 755 636 786 sub
661 764 757 785 suave
783 753 901 784 Christi
926 754 1035 794 iugum
1061 752 1142 783 colla
1165 753 1344 784 submissus
1369 753 1429 782 iam
1455 752 1578 783 dudum
1603 757 1794 784 testamento
1818 752 1907 795 pacis
1930 763 1978 783 re·
1998 762 2025 781 ιο

329 809 450 849 spirare
474 813 669 848 appeterem,
693 806 755 837 tuis
779 805 946 835 maledicis
972 805 1134 845 rescriptis
1152 803 1304 845 dignamb
1321 803 1471 835 talionem
1490 803 1623 835 reddere
1640 815 1704 835 non
1720 803 1978 835 succumberem.

329 859 392 890 Sed
418 870 474 900 per
493 869 579 888 ,nunc
605 857 758 899 temporis
783 857 813 887 id
837 868 853 887 a
879 867 928 887 me
954 856 1031 895 tieri,
1059 857 1130 897 ipsa
1154 856 1275 887 ratione
1298 855 1453 896 magistra
1484 861 1611 887 constat
1638 855 1814 898 prohiberi,
1844 855 1978 894 ratione,

329 909 468 951 iniluam,
494 921 531 940 ne
555 909 649 940 alicui
674 908 790 939 malum
816 919 874 949 pro
893 908 974 938 malo
992 907 1134 938 reddam.
1174 907 1236 938 At⁰
1255 917 1315 946 me,
1340 908 1384 938 uti
1408 908 1471 938 tuis
1495 906 1594 939 literis
1611 900 1734 949 liquido
1751 911 1852 949 patet,
1875 906 1976 946 scisso

328 961 423 1004 peplo
454 961 593 992 Palladis
624 961 714 1002 quasi
745 959 1086 1003 iniuriasconcitasse
1117 959 1266 1000 priorem,
1296 959 1321 989 si
1353 959 1453 989 miliid
1483 958 1592 1001 aliqua
1623 969 1701 990 cura
1728 964 1822 999 esset,
1850 957 1977 989 facilius

328 1013 413 1044 dicto
437 1024 623 1054 expugnare
648 1012 835 1053 potuissem.
870 1010 921 1041 Nil
945 1017 1052 1042 autem
1079 1011 1129 1041 ine
1153 1015 1183 1041 te
1201 1009 1323 1041 dictum
1340 1021 1411 1041 esse
1435 1010 1714 1050 contumeliosum,
1735 1010 1852 1052 cuique
1868 1008 1977 1041 literas
1997 1018 2024 1038 1⁵

329 1066 387 1096 etsi
411 1065 493 1095 male
518 1070 668 1104 tornatas,
694 1069 799 1094 tamen
825 1073 921 1101 meas,
946 1062 1064 1102 legenti
1089 1061 1159 1093 luce
1183 1062 1300 1092 clarius
1324 1061 1359 1092 fit
1381 1068 1563 1103 expertum.
1609 1061 1697 1101 Quid
1729 1062 1760 1092 in
1789 1061 1851 1092 hoc
1877 1059 1976 1091 malis

328 1117 396 1155 feci,
423 1115 471 1146 vel
495 1115 571 1157 quid
597 1115 768 1156 promerui,
793 1115 818 1144 si
843 1125 902 1155 ego
927 1125 945 1144 a
968 1119 999 1144 te
1024 1114 1115 1155 quasi
1140 1113 1276 1145 fideliter
1299 1113 1508 1154 premonitus,
1533 1114 1629 1145 etiam
1652 1124 1745 1144 versa
1767 1113 1840 1144 vice
1862 1117 1894 1144 te
1918 1122 1978 1154 pro

328 1167 435 1209 aliquo
461 1178 647 1209 premonere
671 1166 803 1197 curavi‘?
849 1165 912 1202 Sed
938 1170 971 1196 ut
996 1176 1066 1197 meo
1091 1165 1202 1196 honori
1228 1164 1438 1206 providend0‚
1469 1164 1550 1204 aliis,
1580 1175 1644 1195 non
1673 1164 1742 1204 tibi,
1772 1175 1822 1195 me
1851 1163 1892 1195 de
1918 1163 1979 1194 hae

329 1219 460 1249 infamia
488 1219 681 1249 securiorem
712 1217 856 1254 reddam,
886 1217 973 1257 libet,
1005 1217 1072 1248 utig
1103 1227 1277 1258 parumper
1305 1215 1420 1258 pedem
1450 1216 1616 1248 retrahens
1648 1217 1748 1248 nostri
1771 1216 1892 1258 negotii
1914 1215 1979 1257 pri·
2014 1255 2020 1259 ι

329 1270 453 1301 mordia
487 1269 526 1300 ad
563 1269 702 1300 medium
732 1268 861 1299 ducam.
919 1267 1000 1299 Cum
1033 1279 1082 1298 me
1114 1278 1189 1299 vero
1219 1268 1282 1298 tuis
1313 1268 1526 1299 curatioribus
1558 1269 1688 1309 scriptis
1716 1266 1979 1308 coacervatisque
1998 1275 2026 1294 8⁰

328 1323 508 1352 sanctorum
533 1321 734 1359 testimoniis,
759 1330 817 1350 ceu
840 1319 977 1355 fideliter
998 1319 1229 1362 premonendo,
1254 1330 1272 1350 a
1296 1321 1453 1350 canonica
1477 1318 1588 1361 regula
1611 1319 1759 1351 deviasse
1782 1330 1823 1350 ex
1847 1317 1979 1360 obliquo

327 1374 455 1404 notasti.
480 1372 589 1414 quales
612 1378 730 1413 grates,
755 1371 804 1402 vel
829 1371 905 1414 quid
930 1372 1003 1403 boni
1028 1372 1268 1413 promeruisses,
1291 1377 1361 1401 'non
1385 1371 1462 1402 satis
1479 1370 1579 1402 facile
1603 1371 1749 1402 invenire
1772 1369 1873 1413 potui,
1903 1369 1980 1412 quia

329 1425 468 1455 amicum
493 1425 560 1454 sine
583 1434 681 1454 causa
705 1423 879 1454 admonere
904 1423 981 1465 quid
1005 1429 1062 1461 est,
1087 1423 1146 1453 nisi
1172 1422 1323 1454 infamiae
1347 1421 1504 1453 maculam
1528 1423 1559 1453 in
1585 1421 1683 1453 ullum
1707 1421 1780 1464 plus
1803 1419 1980 1464 spargere?

328 1476 416 1518 Nam
436 1476 489 1506 ubi
514 1486 618 1517 neque
642 1486 691 1506 res
716 1486 819 1516 neque
845 1485 924 1516 opus
949 1473 1141 1506 admonendi
1167 1474 1274 1507 instat,
1298 1473 1364 1511 ubi,
1388 1473 1476 1516 quid,
1501 1473 1640 1516 quando,
1664 1474 1726 1513 cui,
1758 1474 1858 1504 immo
1881 1482 1979 1515 quae-

331 1539 392 1569 que
417 1527 657 1558 circumstantia
680 1533 789 1557 vacat:
814 1538 890 1568 ergo
914 1525 1036 1568 absque
1063 1526 1109 1556 his
1135 1525 1210 1567 quid
1235 1525 1371 1556 alicuius
1395 1525 1568 1557 admonere
1591 1525 1678 1557 aliud
1695 1524 1810 1566 valeat,
1834 1524 1895 1555 nisi
1913 1528 1980 1555 tan·
1999 1532 2027 1552 2⁵

330 1586 409 1614 tum,
440 1584 474 1610 ut
505 1584 636 1620 μωρίη-ἲς
675 1579 774 1609 Omne
804 1575 1045 1619 supervacuum
1072 1577 1168 1619 pleno
1201 1577 1238 1608 de
1259 1581 1389 1618 pectore
1418 1578 1554 1609 manat?
1598 1577 1658 1616 Me⁴
1682 1588 1758 1608 vero
1786 1577 1818 1607 in
1848 1579 1979 1617 recepto

333 1631 501 1662 Sozomeni
531 1631 648 1672 capite,
680 1629 718 1660 de
751 1640 814 1671 quo
845 1629 951 1660 adhuc
982 1630 1041 1660 sub
1072 1629 1178 1660 iudice
1208 1628 1246 1659 lis
1277 1633 1356 1669 est⁸‚
1381 1629 1423 1659 nil
1449 1639 1589 1672 unquam
1614 1639 1633 1659 a
1656 1639 1734 1660 sana
1757 1628 1904 1660 doctrina
1925 1626 1980 1658 de·
2010 1652 2019 1660 .

330 1684 447 1721 viasse,
473 1683 587 1724 cuique
611 1682 693 1726 scire
717 1681 836 1712 volenti
860 1686 946 1722 patet
970 1681 1098 1722 gemina
1124 1681 1256 1720 ratione,
1280 1692 1344 1712 una
1367 1681 1498 1720 scilicet,
1524 1681 1620 1723 qniah
1643 1679 1687 1711 nil
1710 1681 1742 1712 in
1763 1679 1875 1711 eodem
1892 1681 1979 1710 certo

331 1734 410 1772 loco,
433 1739 585 1775 tcmporc,
612 1733 818 1774 probatisque
842 1733 988 1774 personis
1013 1733 1157 1771 recitato,
1183 1734 1314 1774 scripto,
1339 1732 1504 1773 translato,
1535 1733 1596 1763 nisi
1625 1732 1823 1764 autenticum
1855 1735 1887 1762 et
1909 1739 1981 1772 pro-

294 1784 296 1786 ’
332 1785 436 1817 babilo
463 1786 632 1827 perspicio.
678 1784 787 1815 Altera
812 1785 906 1824 enim,
938 1785 963 1814 si
993 1795 1054 1814 non
1080 1784 1238 1826 probabili
1269 1784 1431 1815 meliorem
1463 1783 1660 1824 intellectum
1691 1782 1870 1815 adhibens*
1902 1779 1982 1812 nihil
2001 1789 2028 1809 ³0

332 1837 389 1868 sub
415 1838 482 1868 eius
507 1838 674 1867 occasione
699 1837 842 1878 perversi
866 1835 1065 1877 dogmatizo,
1090 1847 1193 1877 neque
1222 1837 1267 1866 tui
1291 1836 1508 1867 admonitione
1537 1847 1618 1877 opus
1641 1835 1744 1866 habeo
1774 1844 1834 1866 nec
1857 1832 1981 1874 Grego-

333 1890 422 1919 riano
446 1889 640 1920 anathemati
665 1888 826 1918 subiaceo.
871 1887 952 1917 Nam
986 1898 1089 1929 neque
1118 1894 1150 1919 tu
1180 1899 1282 1930 neque
1312 1887 1429 1930 aliquis
1460 1898 1556 1919 sanae
1586 1887 1700 1918 frontis
1730 1885 1819 1918 salva
1846 1885 1982 1916 veritate

333 1942 363 1971 iu
388 1940 503 1971 faciem
528 1939 672 1970 confiteri
691 1944 805 1980 potest,
830 1940 903 1981 quia
914 1940 926 1972 ’ἱ
943 1950 992 1969 me
1010 1950 1150 1981 unquam
1176 1939 1236 1970 sub
1261 1939 1354 1971 liuius
1379 1939 1508 1982 capituli
1522 1939 1703 1971 .occasione
1723 1937 1772 1969 vel
1790 1947 1864 1968 cum
1881 1935 1982 1984 Niko—

332 1992 415 2022 laitis
439 1992 656 2029 comumnes-¹,
680 1990 730 2022 vel
754 2001 826 2021 cum
853 1990 1058 2022 Paulianistis
1083 1992 1230 2032 proprias
1247 2002 1364 2022 uxores
1381 1991 1600 2022 sacerdotibus
1617 1990 1815 2020 concessisse
1837 1987 1982 2027 audiret3

333 2044 387 2074 sed
419 2043 451 2074 id
478 2042 700 2073 tantummodo
731 2047 863 2084 propter
891 2042 1080 2084 quandamm
1111 2043 1367 2085 compassionem
1393 2043 1501 2085 magni
1526 2041 1676 2082 l’afnutii,
1706 2039 1980 2083 quemadmodum
2001 2046 2029 2066 ³⁶

333 2094 494 2136 quoddam
527 2095 760 2135 Gregorianum
793 2094 950 2135 recepisse
982 2105 1032 2125 me
1061 2094 1182 2136 absque
1213 2095 1328 2125 rubore
1352 2094 1463 2126 fateor.
1509 2094 1645 2135 Propter
1672 2103 1767 2135 quam
1799 2103 1866 2123 rem
1890 2089 1981 2123 vela

334 2152 372 2185 te,
398 2146 467 2176 vel¹¹
492 2145 531 2176 ab
553 2145 658 2187 aliquo
684 2157 732 2175 me
757 2145 860 2177 notari
878 2155 940 2175 non
958 2156 1080 2184 vereor,
1105 2146 1200 2187 qniak
1223 2146 1306 2177 sicut
1328 2151 1438 2177 sancto
1456 2145 1616 2187 Greg0r10
1633 2144 1804 2176 sicilianos
1828 2143 1980 2174 diacones

332 2197 373 2228 ab
397 2197 551 2228 uxoribus
577 2208 637 2227 uon
664 2198 693 2226 in
712 2204 854 2238 tempore
873 2196 1043 2237 prohibitis
1062 2197 1215 2228 violenter
1238 2203 1270 2231 et
1287 2197 1466 2228 inordinate
1484 2197 1638 2240 separari,
1662 2196 1853 2227 deteriorem
1871 2205 1981 2226 casum

335 2250 467 2281 timenti.
494 2249 596 2278 minus
622 2248 757 2290 placuit:
781 2249 830 2279 et*
858 2248 903 2278 uti
927 2247 1096 2283 Pafnutius
1120 2255 1193 2279 ante
1217 2244 1490 2280 consecrationem
1519 2248 1662 2290 legitime
1686 2247 1792 2278 ductis
1815 2246 1982 2286 uxoribus,

335 2299 480 2330 similiter
504 2301 704 2330 sit·0.*l>i‹)110111
731 2299 948 2330 fornicationis
971 2299 1156 2338 abhorrens,
1181 2301 1365 2331 sacerdotes
1388 2311 1450 2331 non
1476 2301 1677 2331 commisceri
1701 2297 1913 2330 contradixit:
1937 2297 1983 2328 sic
2001 2303 2029 2322 ⁴⁰

335 2352 431 2381 otiam
458 2351 532 2381 mihi
558 2351 759 2382 homunculo.
783 2351 882 2381 veluti
908 2362 978 2381 cum
1004 2357 1067 2381 tam
1093 2352 1212 2382 sanctis
1231 2352 1307 2382 viris
1332 2352 1362 2382 in
1381 2351 1441 2382 ‘id0
1461 2351 1682 2390 consentienti,
1706 2350 1802 2381 nimis
1825 2359 1863 2380 ac
1886 2349 1983 2380 nimis

335 2396 502 2433 temeraria
532 2403 629 2433 nostri
662 2403 813 2443 temporis
847 2401 1031 2443 prohibitio,
1062 2414 1123 2433 non
1155 2414 1195 2434 ex
1225 2404 1311 2434 omni
1342 2409 1430 2444 parte
1460 2402 1572 2434 beata-'³
1597 2402 1699 2433 videri
1723 2401 1837 2443 potuit.
1881 2399 1982 2432 Verbi

335 2452 447 2493 gratia}
473 2454 566 2494 quial*
591 2465 752 2495 nunquam
777 2454 971 2495 acquisitum
998 2453 1097 2485 multo
1121 2454 1246 2486 facilius
1270 2454 1458 2496 denegatur,
1483 2464 1578 2496 quam
1606 2453 1780 2496 aliquando
1803 2457 1983 2494 acceptum,

445 2543 472 2558 a·
494 2535 616 2558 ‹mimi->is
638 2536 662 2558 3.
721 2536 747 2562 li)
768 2535 875 2565 dignum
898 2535 928 2559 G.
988 2538 1012 2562 e)
1034 2544 1065 2559 ac
1087 2536 1116 2560 G.
1176 2536 1205 2561 d)
1227 2536 1304 2561 modo
1326 2535 1357 2561 G.
1425 2538 1449 2560 el
1473 2540 1526 2560 aut.
1547 2537 1610 2560 item
1632 2535 1695 2560 dict.
1717 2534 1749 2560 G.
1816 2534 1836 2565 f)
1859 2534 1928 2559 male
1949 2533 1982 2559 0.

337 2587 365 2609 g·
386 2581 429 2603 ubi
452 2582 481 2604 (ι’.
554 2581 577 2604 ll:
603 2581 671 2612 quod
694 2582 724 2604 Η.
791 2581 808 2607 ί)
832 2581 959 2605 adhibeas
981 2583 1014 2605 Η.
1085 2582 1114 2611 k)
1135 2582 1204 2614 quod
1227 2582 1257 2606 G.
1315 2583 1336 2606 l'l
1357 2582 1427 2606 dees!
1449 2582 1479 2607 G.
1545 2588 1580 2607 ml
1603 2573 1727 2614 magnam
1749 2580 1780 2606 G.
1838 2581 1866 2611 n)
1890 2584 1936 2605 aut
1956 2580 1978 2606 3.
2001 2583 2029 2602 45

337 2629 363 2653 o)
384 2626 451 2650 idn-m
474 2628 504 2651 G.

446 2700 471 2724 1³
498 2700 541 2731 (js,
563 2699 723 2732 JLvnmwstd.
749 2701 786 2725 «ul
811 2700 911 2726 Goheh.
937 2710 958 2725 c.
978 2701 1004 2730 5,
1032 2701 1132 2727 Libelli
1155 2701 1178 2734 I,
1200 2710 1229 2736 p.
1248 2702 1318 2727 319.
1344 2708 1348 2712 ’
1408 2702 1437 2735 2)
1463 2702 1567 2728 Isidori
1590 2702 1680 2735 Etym.
1705 2700 1775 2734 XII,
1800 2700 1828 2734 4,
1856 2699 1903 2727 18.
1931 2699 1979 2729 23.

338 2750 366 2775 3)
393 2750 492 2776 llarar.
519 2751 570 2775 :lrs
593 2755 662 2783 pasl.
690 2761 712 2776 ι’.
739 2752 807 2776 ῖὶξῖι.
897 2752 925 2777 41
951 2752 1022 2778 Ιίιίά.
1048 2762 1071 2778 υ.
1099 2752 1146 2778 is.
1235 2753 1264 2787 5)
1290 2753 1390 2780 Horat.
1418 2753 1510 2780 Carm.
1535 2753 1553 2780 I.
1579 2753 1620 2786 II,
1640 2752 1685 2785 16,
1710 2762 1737 2779 υ.
1761 2751 1818 2778 27.·
1842 2750 1914 2778 nihil
1938 2754 1983 2794 ent

338 2801 374 2826 :ib
399 2801 474 2827 omni
500 2807 580 2835 parto·
608 2801 733 2827 beatum.
1704 2813 1710 2816 ·
