2132 3067
96 464 109 483 5

83 721 110 740 10

83 977 110 997 15

81 1235 109 1254 2⁰

81 1491 108 1510 25

81 1749 109 1768 ³0

82 2006 109 2025 35

83 2263 112 2283 40

84 2518 113 2538 46

529 157 683 184 LIBELLI
708 158 904 184 BERNALDI
928 158 1161 186 PRESBYTERI
1188 161 1372 189 MONACHI.
1753 162 1772 190 ἵ)

123 258 221 289 papa
255 258 286 278 a.
314 246 402 278 1074.
433 250 461 276 et
490 245 578 277 1075.
614 251 728 277 contra
763 247 999 278 incontinentes
1029 248 1161 279 clericos
1187 250 1398 291 promulyata
1429 258 1456 282 et
1484 264 1521 283 ea
1554 254 1772 293 matrimonia,

128 309 213 339 quae
235 298 417 329 sacerdotes
439 299 505 329 iam
530 303 628 328 antea
653 299 904 328 contraxissent.
949 299 1107 329 Alboinns
1132 301 1215 331 enim
1240 302 1411 342 contendit,
1442 303 1499 333 illa
1531 304 1657 334 decreta
1689 305 1772 335 nihil

128 349 235 380 valere
259 349 303 380 ad
326 349 584 380 imminuendam
606 350 891 379 matrimoniorum
916 351 988 389 vim,
1012 362 1095 391 quae
1112 356 1208 381 antea
1234 353 1318 382 inita
1341 359 1450 385 essent.
1496 354 1655 390 Quoniam
1675 355 1771 386 disci-

123 400 225 443 plina
248 401 470 432 continentiae
493 401 559 431 iam
583 400 641 431 din
668 411 733 430 non
758 405 828 430 erat
851 401 1029 441 observatu,
1058 403 1184 432 decreta
1211 402 1364 444 Greglorii
1390 405 1454 435 VII.
1480 417 1561 436 nova
1587 418 1651 436 esse
1674 407 1773 445 dicit,-

128 463 228 483 novas
252 456 357 482 autem
380 451 465 492 leqes
489 450 643 490 adfacta
658 453 836 492 praeterita
854 463 917 482 non
937 455 1094 491 revocari,
1120 455 1228 495 itaque
1244 456 1432 495 sacerdotes,
1455 458 1511 498 qui
1529 468 1645 487 uxores
1662 458 1772 488 (lua-is-

129 507 208 543 sent,
235 504 454 534 continentiae
484 502 608 543 leqibns
639 502 805 533 obstrictos
835 514 899 534 non
931 514 1014 541 esse;
1046 516 1128 545 quae
1157 517 1226 536 cnm
1259 506 1296 535 de
1328 506 1419 537 rebus
1447 512 1521 537 ante
1545 510 1627 538 actis
1650 509 1772 539 tuenda

128 559 239 593 essent,
269 555 306 585 in
331 559 497 596 posterum
528 553 599 584 illos
627 553 760 584 clericos
790 555 953 585 continere
986 560 1140 595 oportere,
1171 558 1228 598 qui
1260 558 1392 588 ordines
1421 570 1531 588 sacros
1565 560 1774 600 suscipientes

129 606 361 637 continentiam
384 605 548 636 voluntate
565 605 709 646 professi
723 605 859 645 fuerint
873 611 891 637 ¹.

237 656 344 692 Quam
375 661 546 698 utramque
578 657 770 687 sententiam
801 669 873 687 cum
898 662 1038 688 naturae
1063 660 1110 688 rei
1133 663 1196 689 tum
1223 670 1326 689 sanae
1351 661 1433 690 iuris
1457 660 1623 691 doctrinae
1648 673 1774 702 respon-

128 708 204 739 dere
226 709 300 749 quis
322 707 541 748 infitiabitur?
587 707 749 739 Alboinus
773 713 878 738 tamen
904 719 959 739 eas
983 710 1232 740 auctoritatibus
1258 710 1451 751 probandas
1481 723 1544 742 esse
1571 713 1704 751 censuit,
1729 714 1775 743 uti

129 764 206 790 tunc
229 760 328 790 moris
344 764 423 790 erat.
463 758 502 790 Ut
519 760 624 801 igitur
640 759 862 799 comprobaret
883 761 1027 800 priorem
1054 760 1141 791 illam
1161 763 1363 800 sententiani,
1388 762 1555 802 adferebat
1571 775 1609 793 e.1:
1626 764 1774 794 Historia

129 811 300 852 tripartita
331 809 524 852 capitulum,
555 810 641 852 quod
674 810 868 841 Sozomenns
899 811 937 841 de
967 810 1156 852 Paphnutio
1187 813 1384 853 scripseram·
1416 814 1510 855 z'(lqne
1541 815 1659 854 optimo
1695 815 1774 854 iure,

130 863 391 903 adfirmandam
408 862 623 904 posteriorem
647 862 837 892 sententiam
857 861 1024 903 epistolam
1046 864 1262 904 proponebat,
1286 876 1380 906 qnam
1401 865 1580 907 Greqorius
1597 866 1622 896 I.
1646 866 1683 895 de
1707 866 1775 896 sub-

129 914 282 945 diaconis
307 913 446 945 Siciliae
470 913 515 944 ad
538 913 667 943 Petrum
691 913 834 953 miserat,
856 924 958 954 neque
982 914 1016 944 id
1040 915 1206 948 immerito.

235 965 278 996 At
308 964 488 1006 Greqorius
520 964 587 995 VII.
616 975 712 1005 papa
740 975 801 1004 per
833 965 960 995 decreta
994 965 1049 995 illa
1081 966 1292 1008 disciplinam
1323 966 1474 998 ecclesiae
1495 967 1675 1007 Romanae,
1697 980 1777 1009 quae

129 1017 287 1058 inprimis
311 1015 384 1057 cap.
396 1016 423 1048 7.
447 1015 603 1056 epistolae
621 1015 740 1047 Siricii
763 1016 807 1046 ad
825 1016 1005 1047 Himerium
1025 1017 1275 1057 demonstratur,
1304 1017 1388 1049 illico
1410 1020 1536 1049 cunctis
1558 1019 1778 1049 sctczrclotz'ltzis

129 1068 245 1110 ubique
273 1073 437 1099 terrarum
469 1068 589 1098 abiecto
619 1078 683 1098 usu
706 1069 884 1098 'inveterato
914 1069 1114 1108 imperiosa²
1145 1069 1290 1110 quadam
1321 1069 1470 1100 violentia
1494 1071 1656 1110 imposuit.
1703 1070 1775 1105 Qua

124 1119 409 1161 praecipiebatur,
439 1124 474 1150 ut
503 1120 649 1150 ministri
678 1119 798 1150 altaris
834 1124 891 1149 aut
926 1130 1045 1150 uoeores
1077 1125 1133 1150 ant
1164 1121 1382 1151 ministerium·
1409 1132 1538 1151 sacrum
1574 1122 1777 1160 dimitterent,

130 1175 224 1213 atque
254 1171 290 1201 in
323 1171 525 1213 exsequendo
549 1175 724 1212 praecepto
756 1171 850 1202 etiam
880 1171 1008 1202 modum
1041 1170 1159 1202 Siricii
1187 1172 1269 1202 adeo
1300 1173 1445 1212 eoecessit,
1473 1177 1506 1202 ut
1533 1173 1776 1203 matrimonium

130 1222 335 1253 sacerdotum
364 1223 484 1253 crimen
504 1222 749 1264 fornicationis
780 1223 956 1253 declarans
985 1222 1142 1263 populum
1175 1224 1296 1264 officiis
1328 1223 1367 1253 ab
1393 1225 1433 1254 iz's
1463 1223 1630 1254 celebratis
1664 1224 1776 1254 adesse

129 1278 261 1313 vetaret,
284 1274 342 1315 qui
364 1275 394 1305 si
416 1285 536 1305 uoeores
559 1285 623 1304 non
648 1274 856 1312 dimitterent,
877 1275 1058 1315 proscripti
1082 1275 1176 1316 vnlqo
1197 1275 1348 1317 plebique
1371 1276 1542 1305 contemtui
1566 1280 1678 1305 essent.

237 1325 351 1367 Itaque
376 1325 468 1356 haud
490 1325 680 1356 mirandum
705 1331 761 1364 est,
784 1325 869 1366 quod
894 1325 1052 1355 Alboinns
1077 1326 1235 1356 decretum
1268 1327 1423 1368 synodale
1455 1338 1484 1356 a.
1512 1326 1601 1364 1075,
1633 1338 1693 1367 qno
1716 1325 1774 1356 cle-

130 1378 212 1409 ricis
244 1377 541 1418 coniugatis,.nisi
569 1377 780 1416 abstinerent,
810 1376 921 1417 officia
946 1377 1123 1407 interdicta
1154 1383 1239 1417 sunt,
1271 1382 1433 1418 tamqnam
1466 1379 1654 1408 sententiam
1680 1379 1776 1408 nimis

128 1429 338 1459 temerariam
362 1428 627 1470 conquerebatur.
1724 1461 1728 1464 .

236 1479 358 1512 Contra
376 1479 566 1511 Bernaldus
589 1481 710 1511 canoni
729 1480 758 1509 3.
783 1479 914 1510 concilii
931 1479 1071 1510 Nicaeni
1095 1480 1264 1511 insistebat
1286 1481 1332 1511 vel
1346 1481 1458 1521 potius
1482 1481 1776 1520 interpretationem

129 1533 197 1563 eius
215 1531 433 1573 proponebat,
457 1543 540 1573 quae
556 1542 620 1562 non
640 1532 748 1562 minus
762 1531 860 1572 falsa
884 1536 964 1569 erat,
989 1542 1085 1571 qnam
1109 1542 1293 1573 conyrnens
1317 1543 1387 1562 cnm
1407 1531 1463 1562 illa
1481 1530 1657 1572 disciplina
1682 1530 1775 1561 eccle-

129 1584 198 1615 siae
228 1583 417 1622 Romanae;
449 1584 654 1614 contrarium
684 1594 757 1613 vero
786 1588 887 1623 caput
917 1582 1097 1622 Sozomeni,
1130 1589 1286 1624 quantum
1310 1588 1450 1624 poterat,
1476 1583 1592 1613 elidere
1619 1582 1775 1612 studebat.

129 1635 299 1674 Pontifices
322 1635 407 1665 enim
425 1635 592 1665 Romanos
612 1634 748 1666 decretis
772 1635 843 1665 suis
867 1635 914 1666 nil
938 1634 1182 1674 alizulfecisse,
1208 1635 1271 1665 nisi
1294 1639 1458 1665 exsecutos
1481 1645 1546 1664 esse
1570 1644 1724 1664 canonem
1746 1634 1775 1663 23.

130 1686 263 1718 concilii
277 1685 424 1717 Nicaeni
433 1686 584 1727 putabat.
619 1686 701 1717 Inde
717 1685 826 1727 liquet,
843 1697 903 1717 cur
914 1685 1107 1716 Bernaldus
1129 1691 1356 1726 arynmentum
1378 1685 1468 1723 illud,
1488 1685 1573 1727 quod
1594 1689 1626 1714 nt
1646 1686 1773 1725 yravis-

129 1739 246 1768 simum
262 1737 422 1769 Alboinus
441 1737 606 1777 attulerat,
630 1748 731 1768 novas
754 1737 838 1778 leqes
863 1737 907 1767 ad
926 1739 1044 1778 priora
1067 1737 1157 1767 tralzi
1174 1748 1234 1766 non
1249 1748 1352 1778 posse,
1377 1737 1569 1768 mamiato-e
1591 1735 1775 1777 neqleaeerit,

130 1790 251 1831 quippe
282 1789 340 1830 qui
370 1787 583 1830 disciplinam
616 1799 731 1819 novam
763 1800 873 1820 recens
899 1794 1111 1829 praeceptam
1141 1799 1206 1818 esse
1238 1789 1390 1830 neyando
1421 1788 1604 1829 antiquitus
1638 1786 1775 1817 concilio

129 1840 277 1872 Nicaeno
308 1840 530 1871 introductam
561 1851 681 1871 rursus
710 1840 908 1881 praedicari
937 1840 1130 1880 affirmaret.
1177 1839 1263 1870 Nam
1293 1840 1366 1880 quis
1398 1851 1500 1870 ansus
1521 1839 1628 1879 fuerit
1660 1838 1775 1876 dicere,

129 1903 286 1923 canonem
322 1891 463 1933 aliquem
496 1891 630 1922 concilii
660 1891 807 1923 Nicaeni
841 1903 941 1933 aeque
976 1896 1010 1921 ut
1044 1890 1246 1932 evanqelium
1282 1891 1463 1921 venerandi
1497 1890 1562 1921 ullo
1591 1895 1729 1930 tempore
1755 1900 1775 1918 a

129 1943 239 1985 viqore
262 1942 445 1974 excidisse?
489 1941 584 1979 Quod
607 1947 712 1974 autem
736 1943 926 1974 Bernaldus
948 1942 1039 1973 illius
1063 1943 1191 1981 decreti,
1216 1954 1276 1983 quo
1301 1947 1429 1972 auctore
1453 1941 1678 1972 Hildebranclo
1703 1939 1773 1970 Ale-

129 1995 260 2026 aeander
275 1994 319 2026 II.
331 2005 428 2036 papa
447 1994 607 2036 populum
626 2006 647 2025 a
663 1995 772 2025 missis
788 1994 980 2025 clericorum
1003 1995 1251 2034 coniujsatorum
1273 1993 1485 2035 prohibuerat
1508 2004 1547 2022 ne
1564 1993 1598 2022 in
1613 1996 1775 2032 postrema

131 2046 260 2088 quidem
290 2045 426 2088 epistola
454 2057 517 2077 sua
544 2047 735 2077 mentionem
757 2046 853 2086 fecit,
884 2056 950 2076 non
981 2045 1170 2075 mirandum
1202 2050 1256 2085 est,
1287 2055 1482 2086 quamquam
1508 2044 1541 2073 id
1566 2043 1599 2073 in
1623 2042 1774 2072 chronico

130 2108 188 2129 suo
209 2098 312 2138 paulo
336 2102 412 2129 ante
434 2098 562 2138 incepto
574 2097 757 2139 protulerat
768 2101 790 2128 ³.
834 2096 921 2127 Nam
946 2108 1017 2126 cnm
1034 2096 1172 2126 Alboino
1196 2097 1412 2127 concertantis
1430 2094 1590 2125 Rernalcli
1615 2094 1777 2132 intererat,

130 2150 252 2180 maiore
275 2160 374 2191 quam
396 2148 592 2190 apostolicae
615 2149 702 2179 seclis
726 2148 932 2187 auctoritate,
956 2158 1039 2188 quae
1060 2158 1154 2188 papa
1179 2148 1380 2186 decrevisset,
1404 2145 1587 2187 defendere.

236 2199 340 2242 Atque
362 2202 430 2243 ipse
454 2200 635 2241 Greyorius
666 2199 734 2231 VII.
761 2211 859 2240 papa
885 2200 917 2229 in
943 2199 1065 2229 decreto
1090 2199 1209 2240 synodi
1231 2198 1402 2229 Romanae
1426 2209 1456 2228 a.
1478 2197 1581 2229 1074.⁴
1605 2195 1775 2226 concilium

130 2251 315 2283 Nicaenum
334 2256 572 2293 provocaverat
596 2252 704 2282 eodem
728 2262 789 2293 quo
815 2249 1005 2281 Bernalclus
1028 2261 1135 2280 errore
1159 2255 1286 2290 captus.

237 2303 290 2334 Ex
313 2303 462 2334 omnibus
485 2303 629 2345 epistolis
651 2314 776 2344 maqna
801 2302 995 2342 opinionum
1019 2301 1178 2332 dissensio
1205 2301 1313 2339 elucet,
1343 2311 1426 2342 qnae
1439 2300 1587 2341 sortasse
1615 2297 1776 2338 „ea-plicari

128 2359 233 2395 potest
255 2365 300 2393 επ,
318 2355 450 2386 diversa
471 2355 609 2393 ratione,
634 2365 700 2396 qua
723 2354 900 2394 scriptores
923 2353 1054 2383 educati
1067 2353 1212 2392 fuerint.
1257 2351 1416 2383 Alboinus
1447 2355 1558 2391 aperte
1587 2349 1774 2379 sententiam

131 2406 336 2447 sequebatur,
354 2406 570 2448 presbyteros,
594 2406 662 2436 nisi
684 2417 745 2435 sua
768 2409 879 2445 sponte
895 2403 1083 2434 coelibatum
1105 2403 1332 2444 suscepissent,
1356 2403 1401 2433 ad
1424 2401 1650 2433 continentiam
1677 2399 1775 2438 obser-

131 2457 277 2489 vandam
299 2458 374 2500 coqi
403 2469 470 2489 non
489 2468 603 2498 posse‚·
632 2456 824 2488 Bernaldus
848 2454 1032 2486 coelibatum
1063 2460 1227 2496 tamquam
1253 2453 1351 2495 leqem
1375 2454 1486 2484 ordini
1508 2450 1705 2482 sacerdotali
1728 2451 1775 2480 ita

132 2509 317 2550 impositam
336 2509 554 2548 existimabat,
578 2513 612 2539 ut
630 2508 820 2539 clericorum
841 2507 1085 2537 matrimonium
1107 2507 1169 2536 iam
1194 2506 1328 2536 castitas
1348 2516 1411 2535 non
1436 2505 1486 2535 sit.
1524 2503 1683 2534 Alboinus
1698 2501 1775 2532 litte-

242 2605 270 2640 1)
292 2605 338 2632 Ita
361 2606 500 2632 decretum
519 2609 556 2632 est
577 2604 696 2631 concilio
714 2604 869 2630 Wintoniae
889 2603 1054 2636 Lanfranco
1075 2603 1252 2635 praesidente
1274 2602 1367 2627 habito
1391 2600 1529 2633 a.1076;
1553 2599 1650 2625 Mansi
1672 2602 1689 2624 t.
1709 2598 1775 2629 XX,

134 2656 188 2684 col.
211 2656 282 2685 459.
370 2657 400 2690 2)
423 2656 692 2683 Pseudo-Udalrz'cz'
715 2655 802 2689 epist„
827 2654 930 2680 Libellz‘
952 2654 976 2690 I,
996 2662 1026 2687 p.
1053 2653 1122 2680 255.
1211 2653 1239 2685 3)
1268 2653 1312 2678 Ad
1343 2662 1370 2678 a.
1398 2652 1486 2678 1061.
1511 2655 1533 2676 et
1558 2661 1584 2676 a.
1612 2650 1699 2681 1083,
1730 2647 1775 2674 ubi

134 2707 272 2734 decretum
295 2708 453 2734 Alexandri
474 2708 515 2735 II.
541 2716 596 2741 pro
625 2707 686 2733 sola
709 2707 797 2732 Italia
827 2714 969 2732 emanasse
998 2705 1091 2737 refert,
1123 2704 1176 2730 SS.
1208 2704 1237 2736 Γ,
1266 2713 1295 2737 p.
1321 2704 1390 2729 4218.
1416 2703 1484 2728 430.
1594 2701 1622 2733 4)
1646 2699 1775 2725 Mariani

135 2758 226 2785 Scotti
248 2759 349 2786 Chr-on.
373 2760 413 2786 ad
435 2768 462 2786 α.
489 2758 568 2784 1096
593 2758 712 2792 (1074),
736 2757 804 2783 ibid.
826 2766 856 2790 p.
883 2756 959 2787 560,·
984 2757 1032 2782 tzoc
1056 2756 1163 2781 decreto
1187 2755 1310 2789 capitula
1338 2755 1364 2781 ἶ.
1389 2758 1411 2779 et
1439 2754 1484 2779 1⁶2.
1515 2753 1591 2786 (pist.
1616 2751 1715 2778 Siriciz'
1737 2750 1774 2774 nd

87 2817 116 2838 ⁵0
135 2810 243 2838 Himer.
268 2810 459 2845 conglutinata
483 2814 555 2836 sunt.
