2132 3067
184 468 285 488 nomas.
294 468 334 487 λδ.

184 678 337 697 Manna-221.

212 830 234 850 ib
255 831 288 853 17,
300 831 334 850 27.

229 1087 280 1107 Gal.
291 1089 309 1111 1,
319 1088 338 1108 8.

272 1295 307 1321 ⁴1¹.

227 1863 340 1884 t-f.11‚1‹3‚

203 2178 242 2196 ion
265 2179 296 2199 ri,
309 2178 343 2196 ετ.

209 2226 345 2249 M..ut1..¹=,a.

358 163 418 194 188
784 163 835 188 DE
858 161 1028 188 UNITATE
1050 160 1258 187 ECCLESIAE
1281 159 1577 186 CONSERVANDA.

353 256 499 286 timorem
525 252 574 283 vel
599 251 752 282 honorem
777 250 910 287 deferre,
935 260 1042 281 nonne
1065 260 1122 291 per
1146 249 1205 280 hoc
1236 254 1393 280 rectorum
1425 254 1456 279 et
1487 249 1668 290 principum
1700 249 1811 279 merito
1842 248 1874 278 in
1904 254 2006 279 semet

354 308 442 347 ipsos
465 316 554 336 arma
577 309 800 334 converterent
823 307 853 332 et
878 307 1100 342 persecutores
1124 301 1254 343 quidem
1278 311 1354 331 suos
1377 299 1589 340 excusabiles,
1614 306 1715 330 semet
1734 300 1822 341 ipsos
1845 309 1921 330 vero
1941 297 2005 330 cul-

355 356 477 399 pabiles
505 356 670 386 facerent?
708 353 778 384 Non
804 353 886 384 enim
913 353 974 383 iam
999 352 1083 391 fidei,
1106 353 1162 384 sed
1188 353 1403 384 contumatiae
1427 362 1525 382 causa
1548 352 1731 393 impugnari
1755 351 1952 390 viderentur,
1975 355 2007 381 et

355 415 439 440 esset
470 408 507 438 iis
539 417 635 437 eausa
667 405 796 448 quidem
830 405 941 435 mortis
965 404 1072 446 digna,
1105 405 1253 435 meritum
1279 414 1355 434 vero
1380 403 1491 434 mortis
1515 403 1693 444 indignum.
1739 402 1810 433 Hoc
1834 413 1911 443 ergo
1936 412 2005 443 pro-

354 460 466 491 videns
491 459 569 489 dicit
593 457 767 499 apostolus,
792 457 890 487 immo
915 467 972 498 per
993 455 1175 498 apostolum
1200 457 1246 486 sic
1269 456 1398 487 ordinat
1415 455 1580 486 Christus:
1605 454 1744 485 Reddite
1761 454 1906 485 omnibus
1923 453 2006 484 debi-

355 517 440 542 tum:
465 512 519 541 cui
535 510 701 549 tributum,
725 509 901 547 tribueum;
926 510 981 539 cui
998 508 1144 549 vectigal,
1163 508 1320 549 vectiyal;
1345 508 1400 538 cui
1416 508 1570 546 timorem,
1586 507 1749 545 ἤπιον-επις
1774 506 1828 536 cui
1845 505 2007 543 honorem,

357 563 526 600 honoren1;
551 561 674 592 nemini
698 561 871 602 quicquam
896 560 1048 600 debeatis,
1073 560 1140 589 visi
1163 565 1197 590 ut
1220 560 1358 590 invicem
1382 558 1542 599 diligatis.
1590 557 1631 588 Et
1659 558 1729 599 ipse
1760 568 1817 588 rex
1841 568 1952 599 regum
1976 564 2008 587 et

356 614 506 645 dominus
529 613 763 643 dominantium
782 611 871 642 Iesus
888 610 1044 647 Christus,
1069 610 1220 651 dignatus
1243 609 1422 641 secundum
1448 610 1553 641 carnis
1577 608 1848 650 dispensationem
1867 608 2010 640 describi

357 667 436 697 civis
461 665 634 702 Romanus,
659 663 800 704 regulam
827 674 921 705 quam
947 663 1113 694 constituit
1135 673 1234 704 super
1259 662 1317 700 his,
1340 661 1468 692 dicens:
1491 661 1630 691 Reddite
1654 671 1737 702 quae
1760 665 1835 690 sunt.
1861 661 2009 691 caesaris

357 718 486 749 caesari
509 722 536 747 et
561 728 643 757 quae
666 720 743 746 sunt
769 715 831 745 Dei
857 715 942 745 Deo:
968 714 1058 754 hanc,
1084 714 1225 755 inquam,
1249 724 1325 744 suae
1351 713 1588 744 constitutionis
1613 711 1755 753 regulam
1782 712 1912 754 proprio
1936 722 2008 742 con-

359 769 497 799 firmavit
527 766 686 809 exemplo.
733 767 825 798 Dixit
856 767 941 797 enim
971 765 1011 796 ad
1043 766 1182 804 Petrum,
1215 772 1384 807 postquam
1414 763 1600 795 ostenderat
1622 775 1656 795 se
1679 775 1697 795 a
1721 763 1839 795 tributo
1863 762 2010 802 liberum,

358 826 467 862 utpote
492 821 576 860 regis
601 819 712 858 filium,
742 825 774 849 et
803 817 979 849 secundum
1006 828 1131 848 carnem
1157 822 1189 848 et
1211 817 1385 847 secundum
1411 817 1576 858 spiritum:
1605 816 1643 846 U!
1668 820 1784 855 antem,
1808 815 1922 857 inquit,
1945 826 2008 846 ποπ

357 872 619 903 scandalizemus
650 882 712 911 eos,
744 870 775 900 id
805 876 854 900 est
883 881 921 900 ne
952 880 1009 900 nos
1044 870 1164 900 caesari
1196 869 1454 900 contradicentes
1487 866 1701 898 tumultuandi
1734 867 1780 897 eis
1807 867 2008 898 occasionem

359 924 584 966 praebeamus,
610 923 689 953 rude
712 922 756 952 ad
780 933 868 952 mare
892 927 918 950 er
944 923 1028 952 mitte
1052 921 1192 960 hamum,
1216 926 1243 952 et
1266 932 1336 951 eum
1357 922 1476 962 piscem
1502 921 1559 961 qui
1583 920 1712 960 primus
1734 919 1916 950 ascenderit
1938 918 2011 949 tolle

358 981 385 1007 et
402 981 515 1016 aperto
533 986 586 1005 ore
603 975 673 1005 eius
698 975 842 1004 invenies
865 974 1054 1004 statherem:
1081 973 1169 1003 illum
1195 984 1332 1010 sumens,
1358 972 1401 1002 rla
1418 973 1463 1002 eis
1482 983 1547 1012 pro
1564 983 1611 1002 me
1635 976 1662 1001 et
1685 975 1722 1001 te.
1761 970 1853 1009 Quae
1876 981 1948 1001 cum
1967 971 2010 1001 ita

359 1028 422 1058 sint
438 1039 455 1058 a
472 1027 542 1058 Deo
561 1026 716 1067 disposita
740 1030 771 1055 et
787 1025 918 1066 scriptis
938 1031 1034 1066 atque
1050 1023 1208 1066 exemplis
1225 1023 1445 1065 comprobata,
1469 1033 1574 1053 nonne
1593 1022 1653 1052 Dei
1671 1022 1862 1053 ordinationi
1881 1022 2011 1056 resistit,

359 1080 412 1122 qui
438 1077 650 1120 potestatibus
675 1076 819 1108 resistit?
843 1076 929 1118 quali
953 1087 1011 1106 nec
1036 1076 1274 1107 obaudiendum
1299 1074 1466 1117 apostolus
1484 1075 1651 1116 praecipit,
1675 1075 1802 1105 etiamsi
1819 1074 1956 1115 angelus
1973 1074 2011 1104 de

359 1131 446 1161 caelo
472 1129 567 1160 aliter
591 1141 687 1171 quum
713 1128 972 1169 euanyelizrttum
992 1133 1036 1158 est
1057 1127 1315 1169 praedicaverit.
1342 1145 1378 1150 —
1407 1125 1560 1165 Quidam,
1584 1126 1721 1168 inquit1,
1744 1126 1916 1157 Romanus
1929 1136 2011 1167 pon-

359 1182 441 1223 tifex
466 1193 567 1222 reglem
595 1181 799 1211 Francorum
830 1191 892 1209 non
925 1184 988 1210 tam
1019 1190 1080 1220 pro
1109 1181 1178 1210 suis
1209 1179 1452 1220 irzae'qw'late‘b113‚
1485 1190 1581 1219 quom
1611 1189 1674 1218 pro
1706 1189 1749 1215 eo,
1782 1177 1869 1218 quod
1899 1181 2012 1208 tantae

356 1235 510 1274 potestati
535 1244 597 1263 non
621 1237 691 1262 erat
717 1231 814 1270 utilis,
839 1243 858 1261 α
884 1242 982 1272 rayno
1007 1231 1166 1272 deposuit.
1206 1230 1363 1271 Superius
1385 1229 1515 1271 quidem
1543 1229 1661 1260 dietum
1687 1236 1744 1269 est,
1768 1235 1799 1259 et
1822 1239 1898 1259 vere
1922 1229 2012 1259 iuxta

317 1297 336 1316 τ.
359 1285 453 1315 tidem
485 1284 691 1315 historiarum
717 1283 836 1313 dictum
863 1290 922 1319 est,
953 1282 1145 1312 Zachariam
1171 1293 1288 1323 papam
1315 1281 1476 1312 communi
1502 1282 1683 1322 principum
1714 1280 1754 1312 de
1777 1291 1877 1321 regno
1900 1280 2012 1311 'Fran-

359 1348 468 1367 corum
494 1335 647 1377 legationi
672 1345 861 1365 eonsensutn
888 1334 1085 1375 praebuisse,
1110 1335 1164 1375 qui
1189 1333 1407 1370 decreverant,
1432 1344 1490 1374 pro
1509 1332 1685 1371 HUderico,
1709 1332 1795 1374 apud
1814 1343 1908 1373 quem
1926 1331 2014 1363 nulla

359 1387 409 1418 vcl
434 1388 524 1429 regia
549 1392 688 1429 potestas
713 1385 762 1416 vel
787 1386 875 1425 regia
899 1385 1051 1426 dignitas,
1083 1385 1139 1416 sed
1168 1385 1271 1416 solum
1303 1386 1427 1426 regium
1453 1395 1568 1416 nomen
1593 1392 1670 1425 erat,
1702 1384 1832 1426 dignam
1857 1384 1889 1415 in
1914 1395 2012 1426 regno

361 1451 530 1482 personam
563 1440 755 1470 constituere
786 1444 826 1476 et,
855 1443 889 1467 ut
920 1437 1023 1467 omnis
1055 1437 1175 1468 exhinc
1204 1437 1330 1468 occasio
1363 1436 1518 1467 tumultus
1547 1435 1684 1474 abesset,
1715 1436 1908 1467 monasterio
1940 1446 2012 1467 eum

360 1492 546 1532 mancipare
557 1497 578 1525 ²,
603 1502 660 1532 pro
685 1501 721 1521 eo
746 1490 831 1531 quod
857 1488 1028 1519 videbatur
1051 1488 1149 1519 fuisse
1173 1489 1301 1529 dignior
1324 1489 1469 1519 coronari
1495 1495 1626 1520 tonsura
1645 1488 1792 1519 monachi
1810 1498 1906 1530 quam
1924 1488 2013 1529 regio

360 1542 550 1574 diademate.
592 1542 655 1573 Sed
680 1542 778 1572 nostri
806 1541 961 1582 temporis
986 1552 1041 1572 rex
1066 1546 1097 1571 et
1121 1542 1304 1582 imperator.
1333 1547 1426 1571 natus
1450 1546 1481 1570 et
1504 1541 1642 1571 nutritus
1666 1541 1697 1571 in
1722 1550 1832 1581 regno,
1856 1546 2013 1582 quantum

361 1600 485 1636 spectat
508 1595 547 1625 ad
575 1594 746 1624 humanum
773 1593 938 1633 iudicium,
967 1592 1085 1634 dignus
1109 1592 1239 1635 quidem
1265 1592 1392 1623 videtur
1416 1593 1562 1634 imperio,
1587 1604 1658 1623 cum
1683 1603 1723 1623 cx
1749 1592 1880 1634 propria
1895 1592 2013 1622 virtute

361 1653 426 1677 tum
452 1658 492 1677 ex
517 1648 672 1676 maiorum
698 1656 827 1675 suorum
854 1646 967 1676 merito
990 1651 1021 1676 et
1045 1645 1211 1685 dignitate.
1257 1645 1409 1675 Conferte
1438 1656 1531 1683 nunc,
1563 1645 1588 1674 si
1618 1643 1732 1685 placet,
1763 1643 1850 1674 iilum
1883 1643 2013 1674 exhere-

362 1700 470 1730 datum
497 1699 593 1729 totius
618 1698 724 1737 regiae
749 1697 915 1738 dignitatis
946 1708 984 1727 ac
1013 1698 1120 1738 regiae
1148 1697 1317 1738 potestatis
1344 1696 1543 1727 Hildericnm
1568 1707 1638 1727 cum
1669 1695 1730 1726 hoc
1762 1695 1815 1726 tali
1838 1696 1918 1735 viro,
1950 1695 2013 1734 eui,

362 1751 506 1781 ut'salva
529 1750 666 1781 dixerim
691 1749 764 1784 fide,
794 1760 855 1780 non
881 1749 1044 1780 invenitur
1068 1749 1098 1778 in
1128 1754 1193 1778 toto
1220 1748 1415 1779 Francorum
1446 1759 1546 1789 reguo
1576 1748 1682 1789 aptior
1710 1758 1846 1789 persona
1869 1746 2014 1778 Romano

363 1803 507 1844 imperio.
533 1814 626 1844 quem
653 1813 709 1843 per
733 1807 833 1832 totum
860 1808 986 1842 tempus
1011 1801 1206 1831 imminentis
1233 1799 1317 1833 belii.
1343 1800 1428 1842 quod
1453 1801 1515 1830 iam
1547 1811 1604 1842 per
1625 1799 1719 1830 Xx'll
1743 1804 1864 1830 annos³
1887 1805 2012 1840 gestum

362 1862 418 1894 est,
445 1854 535 1884 Dens
561 1852 748 1884 mirabiliter
772 1852 955 1892 custodivit,
981 1863 1074 1894 quem
1093 1857 1124 1883 et
1149 1852 1180 1882 in
1205 1853 1354 1883 omnibus
1378 1851 1516 1894 praeliis,
1542 1851 1657 1893 quibus
1679 1851 1805 1882 sexies⁴
1829 1861 1900 1882 cum
1919 1849 2014 1881 hosti-

364 1906 422 1936 bus
447 1904 601 1945 conflixit,
627 1905 779 1936 ineffabili
804 1905 898 1935 modo
923 1905 1063 1946 protexit
1087 1910 1117 1935 et
1141 1904 1268 1945 eripuit.
1316 1903 1434 1935 Hostes
1458 1905 1577 1946 quippe
1607 1904 1675 1933 eius
1707 1908 1806 1943 erant,
1837 1903 1890 1944 qui
1923 1903 2015 1933 iuxta

363 1959 485 1997 regium
512 1968 631 1987 morem
657 1962 860 1987 sacramento
885 1957 912 1986 ei
938 1956 1033 1986 fidem
1059 1955 1232 1997 aliquando
1257 1957 1481 1997 promiserant,
1506 1956 1560 1997 qui
1584 1966 1641 1997 pro
1659 1965 1696 1985 eo
1713 1954 1752 1985 ad
1777 1953 2015 1985 confirmandas

363 2009 542 2050 supradicti
568 2020 670 2050 papae
689 2007 902 2039 Ilildebrandi
927 2014 1034 2049 partes
1058 2007 1138 2038 duos
1163 2008 1269 2049 potius
1293 2008 1456 2039 invasores
1481 2008 1569 2047 regni
1588 2018 1683 2048 quani
1702 2017 1803 2047 reges,
1827 2017 1925 2036 unum
1943 2012 2017 2047 post

366 2072 473 2095 imum,
498 2071 596 2101 super
620 2072 652 2091 se
677 2061 918 2094 constituerant,
943 2070 1078 2101 quorum
1105 2065 1206 2090 unus⁵
1231 2060 1261 2089 in
1291 2059 1410 2101 praelio
1434 2059 1560 2097 cecidit,
1592 2058 1693 2090 alter⁶
1718 2060 1748 2089 in
1773 2058 2015 2100 expugnatione

366 2113 458 2142 unius
489 2112 629 2143 castelliv
655 2111 882 2143 miserabiliter
911 2111 1073 2142 occubuit.
1125 2111 1179 2141 sie
1209 2109 1259 2141 ille
1291 2111 1455 2142 Romanus
1487 2110 1630 2153 pontifex
1663 2121 1774 2152 pacem
1805 2109 2016 2149 confirmavit,

365 2175 459 2205 quam
493 2163 639 2195 Christus
671 2163 760 2194 dedit
791 2163 940 2194 fidelibus
971 2170 1067 2205 atque
1099 2161 1236 2204 reliquit.
1285 2163 1396 2194 Pacem
1422 2175 1534 2202 meam,
1565 2163 1679 2204 inquit,
1709 2162 1749 2193 (Io
1774 2162 1872 2200 vobis,
1899 2172 2016 2203 pacem

366 2216 513 2257 relinquo
541 2215 637 2246 vobis.
684 2215 737 2246 Et:
760 2216 859 2246 Beati
879 2216 1027 2256 pactjt'ci,
1051 2215 1204 2256 quoniam
1222 2214 1291 2253 filii
1319 2215 1379 2245 Dei
1402 2215 1612 2246 *vocabnnt'mn

469 2267 498 2297 4.
546 2266 631 2297 1⁴:000
661 2273 768 2298 autem
797 2272 865 2297 erat
895 2267 978 2297 inter
1009 2266 1086 2297 haec
1115 2266 1314 2297 I-Ierimanno
1341 2267 1475 2298 Metensi
1500 2267 1654 2308 episcopo
1679 2276 1742 2296 non
1766 2263 1895 2296 modica
1917 2268 2016 2295 cura·

366 2318 417 2347 vel
442 2318 481 2348 de
504 2317 706 2349 obedit—ntiae
731 2319 890 2349 sententia
906 2317 956 2348 vei
973 2318 1012 2349 de
1030 2317 1101 2348 tidei
1119 2328 1196 2348 suae
1214 2317 1457 2357 observatione;
1481 2325 1613 2349 noverat
1630 2318 1726 2356 enim,
1744 2328 1778 2348 se
1799 2316 2015 2348 obedientiam

367 2369 484 2399 debere
511 2369 654 2400 Romano
679 2371 822 2411 pontifici
849 2376 980 2411 propter
1008 2370 1179 2411 primatum
1213 2369 1299 2400 sedis
1330 2369 1535 2412 apostolicae,
1567 2375 1699 2401 noverat
1729 2369 1836 2409 etiam,
1866 2379 1901 2399 se
1931 2367 2017 2406 fidei,

368 2431 462 2462 quam
495 2422 671 2452 iuramento
701 2423 891 2462 promiserat
924 2422 1003 2463 regi,
1034 2421 1211 2453 debitorem
1237 2422 1344 2455 fuisse.
1376 2433 1511 2464 quorum
1541 2421 1728 2453 alterutrum
1760 2420 1879 2451 violare
1907 2419 2017 2461 magni

479 2517 504 2543 lt
527 2518 614 2551 ιΙαχὶ),
642 2519 714 2545 Ιῖῑὸἶ.
739 2524 757 2545 ί.
776 2519 815 2550 ΙΙ,
840 2529 869 2552 ρ.
887 2520 956 2546 458,
1026 2519 1054 2553 ’2)
1080 2520 1124 2551 Cf.
1142 2520 1213 2545 Anu.
1234 2519 1314 2545 l-Jinla.
1341 2529 1368 2547 u.
1385 2519 1454 2545 750.
1478 2524 1500 2545 e!
1518 2521 1589 2549 Ami,
1607 2519 1690 2545 Fuld.
1715 2528 1742 2545 α.
1759 2518 1828 2545 ἷ52.
1895 2517 1925 2552 3)
1949 2517 2015 2545 C'um

369 2570 465 2595 bellum
491 2580 563 2595 amm
593 2570 678 2594 tow.
702 2570 798 2595 initum
823 2571 866 2602 sil,
892 2571 958 2596 haec
983 2571 1065 2597 verbu
1091 2580 1165 2597 anno
1192 2571 1281 2598 1090.
1306 2571 1412 2605 scripta
1437 2580 1494 2597 esse
1516 2575 1644 2605 apparet.
1716 2571 1746 2604 4)
1769 2570 1868 2596 Animo
1891 2568 2018 2595 auctor-'n

369 2621 419 2646 illa
446 2621 572 2653 pericula
603 2621 779 2646 observantia
810 2630 867 2647 esst·
897 2623 1033 2655 videntur,
1064 2623 1162 2656 quibus
1187 2632 1235 2649 rex
1259 2623 1406 2655 desum-tus
1433 2626 1470 2648 es!
1499 2623 1576 2656 opud
1600 2622 1745 2656 Homlmrq
1768 2631 1795 2648 α.
1815 2621 1911 2656 1075‚·
1941 2621 2018 2655 apud

372 2671 576 2697 ‚ilellrichsmdt
606 2681 632 2697 ιι.
655 2672 750 2704 tosti,-
785 2674 862 2705 npud
886 2673 1044 2699 Flarcheim
1073 2683 1100 2700 (t.
1123 2674 1216 2707 1080,-
1251 2675 1328 2708 apud
1353 2675 1553 2700 [lolaenmislsen
1584 2684 1611 2701 α.
1633 2674 1728 2707 ¹080,·
1761 2673 1840 2707 apud
1861 2672 2018 2705 Pleichseld

370 2722 513 2750 a.1086,·
544 2723 621 2756 ‹ipml
645 2723 773 2748 Glet'chen
798 2724 935 2750 ‹1.1038.
983 2725 1106 2750 Eundem
1136 2735 1277 2751 munte-rum
1307 2729 1389 2760 atque
1417 2727 1538 2752 ordinem
1565 2726 1735 2761 proeliorum
1765 2725 1865 2751 habent
1894 2723 2018 2750 Annales

370 2774 401 2801 S.
422 2774 554 2799 Dinibodi
577 2778 599 2799 ct
627 2774 817 2800 Ottonhurani.
928 2775 956 2809 5)
981 2776 1130 2809 liudolfus.
1242 2778 1270 2805 (5)
1295 2777 1494 2804 Iler-imamms.
1606 2777 1634 2811 7)
1659 2777 1773 2804 ΟοοΙιειη
1796 2777 1834 2803 ad
1857 2775 2017 2803 Mosellam.

372 2827 400 2858 S)
425 2824 502 2855 Quae
526 2825 608 2851 rerba
633 2834 715 2858 qnam
740 2834 804 2851 vera
829 2826 891 2858 sint,
915 2830 1034 2860 apparet
1059 2836 1092 2852 er
1116 2827 1194 2853 initio
1218 2828 1352 2862 epistolae
1376 2829 1451 2855 illius
1474 2829 1574 2864 (Jafse'
1596 2829 1614 2856 I.
1630 2829 1650 2856 I.
1672 2838 1700 2864 p.
1720 2828 1804 2862 458).

2029 725 2060 743 to

2032 982 2060 1001 15

2034 1501 2064 1520 25

2035 1759 2064 1778 30

2036 2018 2064 2037 ³⁵

2035 2275 2067 2294 ΔΟ

2037 2575 2068 2595 4⁵

2036 2832 2068 2853 ὅθ
