2101 3072
66 677 91 696 10

67 907 91 927 15

65 1147 92 1166 20

63 1383 90 1401 25

63 1622 90 1641 80

63 1917 89 1937 ³⁵

65 2185 92 2202 ⁴0

66 2697 93 2716 50

430 155 613 182 GOFFRIDI
637 155 800 183 ABBATIS
826 156 1119 184 VINDOCINENSIS
1143 157 1329 185 LIBELLL'S
1353 159 1433 185 VIII.
1689 155 1749 185 1399

112 249 228 274 humana
250 256 301 280 per
320 247 491 279 imperatores
517 251 540 272 et
565 255 638 279 reyes
665 248 764 271 saeculi
784 247 857 272 Deus
884 248 1037 272 diso-ibuita
1063 249 1203 274 aecclesiae
1228 258 1300 274 snae.
1340 251 1453 275 Possunt
1481 252 1570 283 itaque
1592 252 1648 275 siue
1669 251 1749 275 offen-

111 299 184 323 sione
208 305 285 330 reges
307 300 368 328 post
391 296 547 321 electionem
568 297 721 320 canonicam
746 300 772 320 et
796 290 927 322 liberam
952 299 1178 322 consecrathJuem
1201 306 1248 329 per
1262 299 1445 324 investituram
1468 301 1584 331 reg-alexii
1607 301 1633 324 iu
1650 300 1749 324 aeecle-

111 347 226 372 siasticis
251 345 479 378 possessionibus,
506 346 722 374 concessionem,
754 345 881 369 auxilium
910 349 935 370 et
963 345 1144 370 defensionem
1171 348 1296 379 episcopo
1324 348 1400 372 dare:
1432 349 1501 380 quod
1529 349 1648 381 quolibet
1674 350 1750 380 signo

110 393 209 418 factum
236 392 362 422 extiterit,
388 392 445 422 regi
466 390 508 414 vel
529 390 650 423 pontifici
670 398 717 414 seu
739 391 888 415 catholicae
912 391 974 415 fidei
996 400 1046 416 non
1067 392 1183 416 nocebit.
1222 393 1311 418 Voluit
1332 395 1416 418 bonus
1437 395 1558 418 dominus
1579 398 1605 419 et
1625 396 1752 425 magister

111 442 200 463 noster
213 437 334 463 Christus
348 437 514 469 spiritualem
529 436 647 468 gladium
669 441 695 460 et
716 437 881 461 materialem
903 445 961 461 esse
982 438 1008 461 in
1024 438 1178 462 defensione
1200 439 1360 464 aecclesiae.
1391 441 1467 469 Quod
1488 441 1509 464 si
1531 441 1598 464 ulter
1619 441 1652 464 nb
1667 440 1750 465 altero

111 483 268 513 retunditur,
293 484 344 507 hoc
369 483 398 507 fit
425 486 519 507 contra
545 482 616 507 illius
637 482 812 506 voluntatem.
853 483 912 507 Hac
933 485 1075 508 occasione
1098 484 1129 507 de
1149 491 1231 515 reguo
1252 485 1357 509 iusticia
1377 486 1486 517 tollitur,
1513 490 1538 510 et
1565 495 1615 519 pax
1638 487 1670 510 de
1691 495 1750 510 aec-

111 531 204 559 clesia,
224 529 355 554 seandala
374 530 537 554 suscitantur
558 533 584 553 et
604 530 746 553 scismata:
768 532 794 553 et
814 528 842 552 fit
862 530 1008 553 animarum
1031 530 1150 562 perdicio
1171 530 1248 554 simul
1271 534 1296 555 et
1317 539 1463 563 corporum,
1486 537 1510 556 ct
1526 533 1586 557 (lum
1602 541 1710 563 regnum
1727 536 1751 556 et

110 576 296 602 sacerdocium
323 583 404 600 unum
428 575 461 599 ab
487 575 572 599 altero
599 575 779 606 impugnatur,
805 575 971 606 periclitatur
996 579 1146 608 utrumque.
1185 577 1253 600 Nam
1274 585 1318 600 rex
1341 581 1366 601 et
1386 578 1520 602 Romanus
1546 578 1664 610 pontifex
1693 587 1750 602 cum

112 631 177 648 unus
198 625 291 646 contra
311 622 402 650 alium,
426 621 494 645 alter
513 629 559 653 pro
580 621 655 652 regni
676 621 878 651 consuetudine,
907 621 975 645 alter
995 630 1040 653 pro
1061 623 1211 647 aecclesiae
1239 621 1383 647 libertateb
1405 624 1521 655 erigitur,
1550 633 1659 655 regnum
1679 624 1750 648 illam

113 668 334 694 consuetudinem
348 669 469 700 optinere
488 675 540 691 non
558 670 648 699 potest
667 674 717 691 nec
738 667 847 699 poterit:
870 670 896 691 et
916 667 1051 692 aecclesia
1071 676 1134 692 suae
1151 667 1283 693 libertatis
1304 670 1401 694 amittit
1421 670 1570 702 plurimum.
1601 671 1657 694 Rex
1678 678 1753 702 prae-

111 719 185 741 terea
205 717 377 739 sacrosancta
398 714 584 738 communione
611 714 711 745 pariter
731 718 758 737 et
778 714 853 745 regia
874 713 1004 745 dignitate
1024 715 1155 746 privatur:
1182 722 1197 737 a
1217 715 1337 739 Romano
1357 724 1420 739 vero
1441 716 1566 748 pontifice
1586 716 1683 746 multis,
1709 717 1753 748 qui

111 762 162 787 sibi
188 761 335 785 deservire
356 760 513 789 debuerant,
537 760 697 784 necessitate
726 763 850 791 cogente,
877 761 998 784 servitur.
1038 760 1073 784 Et
1092 761 1137 792 qui
1157 769 1172 784 a
1191 761 1317 793 pontifice
1339 761 1474 786 docendus
1495 767 1550 786 crat
1572 766 1597 786 et
1617 761 1754 786 ducendus

112 817 128 832 a
147 815 219 840 rege.
240 815 286 831 rex
306 810 333 831 et
350 806 471 839 pontifex
491 805 618 838 populum
639 806 768 837 sequitur.
808 806 914 830 Habeat
933 810 1022 830 autem
1043 806 1179 830 aecclesia
1198 815 1291 839 pacem
1313 811 1339 831 et
1357 815 1466 839 regnum
1488 809 1635 832 iusticiam:
1657 808 1753 831 habeat

112 862 158 879 rex
173 853 403 883 consuetudinem,
424 851 471 877 sed
486 852 592 882 bonam,
607 855 633 876 et
647 860 699 876 nou
714 859 791 883 quam
807 851 876 876 male
890 853 1014 884 reposcit,
1031 853 1078 876 sed
1094 861 1173 884 quam
1188 861 1267 885 supra
1282 852 1405 881 diximus,
1426 854 1617 878 investituram.
1648 854 1755 877 Habeat

112 900 248 925 aecclesia
267 907 342 924 suam
363 898 523 929 libertatem,
548 898 596 922 sed
616 906 784 930 summopere
805 902 908 928 caveat,
935 906 967 922 ne
989 898 1050 922 dum
1072 899 1150 923 nimis
1172 900 1329 929 emunxerit,
1349 899 1439 923 eliciat
1459 901 1625 932 sanguinem.
1647 904 1672 924 et
1694 900 1754 924 dum

112 947 262 978 rubiginem
283 945 316 970 de
337 953 400 970 vase
422 948 533 970 conatur
554 944 673 975 eradere,
694 952 740 968 vas
761 945 846 976 ipsum
868 944 1014 976 frangatur.
1054 944 1114 968 Hoc
1140 949 1179 969 est
1205 946 1378 977 praecipuum
1407 945 1573 970 discretionis
1599 946 1753 975 membrum,

112 1004 145 1020 ne
169 989 294 1028 quilibet
321 993 427 1020 rector
455 986 632 1019 aecclesiae
660 998 718 1018 sua
747 993 865 1025 qualibet
887 994 991 1017 actione
1015 1002 1029 1017 a
1053 997 1145 1017 satana
1169 994 1399 1018 circumveniatur.
1443 995 1517 1018 Tunc
1541 995 1609 1018 enim
1632 998 1717 1018 rector
1740 1003 1755 1018 a

112 1048 207 1070 satana
227 1043 443 1074 circumvenitur,
469 1042 575 1074 quando
599 1041 647 1066 sub
669 1042 760 1074 specie
780 1041 898 1065 iustitiae
919 1049 966 1073 per
986 1042 1094 1065 nimiam
1115 1042 1254 1066 tristiciam
1275 1043 1420 1073 regendum
1442 1043 1527 1075 perire
1549 1044 1689 1074 contingit,
1710 1044 1754 1075 qui

112 1091 198 1124 potuit
215 1090 325 1115 liberari
345 1097 392 1122 per
411 1088 616 1120 indulgentiam.
655 1088 782 1112 Preterea
806 1087 891 1111 bonus
913 1091 939 1112 et
960 1087 1091 1112 discretus
1112 1089 1276 1120 Augustinus
1303 1090 1329 1113 in
1354 1089 1469 1121 epistola
1497 1089 1530 1113 ad
1552 1090 1753 1113 Parmeuiauum

112 1138 192 1163 dicit:
217 1136 268 1161 Vix
287 1141 334 1161 aut
353 1144 499 1167 numquam
519 1133 800 1159 excommunicandum
820 1141 878 1157 eum
903 1141 964 1164 esse,
992 1133 1038 1165 qui
1056 1134 1084 1158 in
1104 1134 1172 1158 malo
1193 1143 1270 1166 opere
1290 1134 1447 1159 obstinatam.
1466 1135 1659 1159 multitudinem
1680 1135 1755 1159 habet

111 1192 206 1209 secum.
251 1183 318 1208 Nam
339 1181 506 1207 tolerabilius
526 1180 632 1204 videtur
651 1180 695 1204 uni
717 1187 836 1212 parcere,
863 1188 895 1203 ne
921 1181 947 1203 in
972 1180 1107 1204 aecclesia
1131 1182 1229 1204 scisma
1249 1181 1393 1205 seminetur
1412 1181 1594 1213 plurimorum.
1640 1181 1674 1205 Et
1693 1181 1755 1204 bea<

111 1231 229 1256 tissimus
250 1229 345 1254 doctor
365 1232 391 1252 et
410 1231 511 1259 martyr
531 1226 680 1259 Cyprianus
707 1226 811 1256 asserit,
839 1225 945 1250 dicens:
971 1225 1072 1250 Scisma
1096 1235 1149 1250 non
1175 1231 1211 1251 est
1225 1227 1393 1258 faciendum,
1419 1227 1522 1251 etiamsi
1541 1226 1568 1251 in
1589 1227 1682 1251 eadem
1700 1227 1756 1258 fide

111 1280 134 1302 et
153 1275 182 1301 in
202 1276 294 1301 eadem
314 1272 458 1299 traditione
476 1281 529 1298 ‘non
549 1275 704 1304 permaneat
724 1271 771 1303 qm*
794 1271 899 1296 recedit.
945 1271 980 1296 Et
1000 1272 1127 1297 Salomon
1152 1274 1179 1296 in
1201 1273 1406 1307 Ecclesiastiee:
1435 1272 1564 1297 Scindens
1590 1273 1662 1305 Iiyna
1684 1273 1755 1304 peri-

111 1322 246 1348 clitabitur
265 1321 294 1346 in
321 1321 366 1350 eis,
392 1319 415 1344 si
440 1318 567 1344 exciderit
588 1318 704 1350 ferrum.
751 1318 817 1342 ltem
839 1319 864 1341 in
886 1318 995 1342 Exodo:
1020 1317 1055 1342 In
1073 1319 1149 1343 domo
1170 1308 1225 1343 una
1246 1319 1401 1349 comedelur,
1427 1328 1479 1343 ‘non
1500 1318 1596 1344 eicieris
1623 1319 1656 1343 de
1680 1319 1755 1343 domo

111 1381 218 1398 carnem
236 1373 328 1404 foras.
372 1370 413 1394 Ex
441 1369 535 1401 quibus
558 1368 645 1392 verbis
675 1367 815 1399 colligitur,
845 1360 929 1402 quod
959 1362 999 1392 Slt
1026 1361 1211 1392 tolerandus
1241 1362 1280 1394 ab
1308 1361 1463 1393 aecclesia
1492 1369 1537 1400 qui
1563 1368 1755 1392 multitudinem

112 1420 192 1444 habet
211 1427 313 1450 secum,
334 1426 366 1442 ne
387 1417 448 1442 dum
470 1425 549 1441 unum
571 1417 705 1447 corrigere
726 1416 842 1446 nitimur,
863 1415 978 1448 perditio
999 1416 1045 1440 fiat
1065 1416 1214 1440 multorum.
1254 1417 1314 1440 Hoc
1336 1417 1414 1441 etiam
1430 1417 1597 1441 leronimusc
1619 1417 1653 1440 ad
1668 1417 1757 1447 Augu-

111 1467 209 1492 stinum
230 1465 333 1493 scribit,
355 1464 459 1488 dicens:
484 1462 559 1493 Quod
579 1462 724 1486 secundum
745 1461 879 1486 beatorum
901 1462 1077 1494 apostolorum
1098 1462 1172 1487 Petri
1191 1466 1214 1487 et
1234 1462 1315 1487 Pauli
1330 1463 1503 1494 prudentiam
1523 1462 1756 1494 dispensationem-

111 1521 160 1545 que
180 1512 316 1537 honestam
335 1509 482 1542 aliquando
501 1508 566 1541 fieri
584 1516 687 1533 necesse
708 1512 753 1537 est,
774 1508 844 1539 qnod
865 1508 922 1532 iure
941 1508 1152 1540 reprehenditur,
1179 1517 1210 1533 ne
1238 1509 1398 1533 christianae
1420 1509 1491 1540 plebi
1508 1509 1576 1541 fidei
1600 1508 1756 1533 scandalum

111 1563 224 1589 oriatur.
268 1554 302 1585 Si
326 1564 401 1585 vero
431 1552 636 1594 imperatoris
664 1557 695 1582 et
723 1551 808 1592 regis
838 1561 1010 1592 personae,
1040 1562 1103 1582 non
1134 1558 1240 1583 tamen
1270 1551 1355 1582 illius
1385 1557 1489 1583 terrae
1520 1551 1694 1594 aliquando
1724 1552 1754 1582 iu

111 1617 238 1638 summa
266 1605 396 1636 iusticia
423 1603 620 1646 parcendum
651 1607 712 1643 est,
743 1614 782 1633 ne
813 1614 939 1633 summa
969 1608 1093 1634 crescat
1123 1602 1196 1634 inde
1225 1603 1366 1642 malicia,
1399 1604 1552 1634 ministris
1583 1603 1757 1634 aecclesiae

113 1657 261 1700 penitus<¹
283 1656 504 1695 interdicatur,
527 1666 567 1686 ne
591 1654 678 1697 quod
702 1655 821 1685 iustum
845 1659 894 1684 est
917 1654 1032 1685 iniuste
1054 1660 1301 1696 consequantur.

220 1713 262 1737 De
282 1714 422 1745 praesente
444 1711 555 1735 materia
575 1710 597 1733 si
619 1710 704 1733 minus
724 1709 767 1733 vel
787 1709 864 1733 aliter
887 1709 940 1733 dixi
962 1717 1040 1741 quarn
1062 1709 1149 1739 debui,
1174 1710 1342 1741 ignorantiae
1370 1709 1511 1742 deputetur
1535 1713 1559 1734 et
1587 1709 1756 1740 indulgeatur

111 1758 326 1785 misericorditer.
366 1757 394 1783 Si
415 1761 504 1781 autem
525 1756 602 1783 bene,
624 1756 738 1787 benigne
758 1756 919 1788 suscipiatur
940 1760 966 1779 et
986 1756 1144 1780 observetur
1164 1755 1316 1787 diligenter.

740 1832 989 1869 LIBELLUS
1017 1832 1120 1868 VIII.

113 1901 431 1948 [G[OFFR1DUS]⁹
457 1900 807 1932 VINDOCINENSIS
837 1900 994 1943 ABBAS]
1020 1900 1080 1930 DE
1105 1898 1491 1940 PROMISSIONIBUS,
1521 1899 1639 1938 QUAS
1670 1899 1754 1929 Plu>

190 1952 566 1987 CONSECRATIONE
592 1951 675 1982 sUss
700 1950 876 1982 NOMINE
902 1950 1220 1983 PROFESSIONIS
1246 1951 1450 1981 AssssATES
1475 1950 1673 1982 FACIUNT

815 2002 1055 2034 EPISCOPIS.

215 2067 306 2099 Deus
330 2072 360 2098 et
384 2066 532 2097 dominus
556 2070 664 2096 noster
686 2064 777 2095 Iesus
801 2064 947 2095 Christus
977 2065 1008 2094 in
1032 2063 1200 2105 euangelio
1225 2069 1334 2094 monet
1357 2069 1387 2094 et
1410 2062 1504 2093 dicit:
1529 2063 1643 2094 Gratis
1668 2075 1753 2093 occe-

109 2121 217 2161 pistis,
239 2120 347 2162 gratis
364 2118 447 2157 date,
472 2123 503 2149 et
526 2117 611 2159 quod
630 2122 738 2147 monet
754 2116 862 2156 verbo,
886 2115 970 2146 facto
995 2115 1178 2157 complevit.
1224 2115 1299 2156 Ipse
1323 2115 1406 2145 enim
1424 2115 1527 2155 gratia
1550 2125 1609 2145 nos
1635 2114 1757 2145 creavit

113 2178 145 2203 et
165 2171 302 2203 redemit
325 2169 552 2201 misericordia.
599 2168 674 2199 Suis
697 2168 805 2210 itaque
829 2166 1030 2198 sermonibus
1055 2172 1163 2198 monet
1186 2172 1216 2198 et
1240 2167 1333 2197 docet
1356 2167 1507 2208 operibus
1532 2177 1663 2197 munera
1690 2177 1757 2206 sun,

113 2228 244 2255 sanctae
260 2221 411 2253 videlicet
433 2220 609 2252 aecclesiae
627 2224 836 2259 sacramenta,
860 2224 891 2250 et
912 2220 1012 2259 gratis
1035 2219 1139 2261 accipi
1164 2218 1280 2250 debere
1304 2223 1335 2250 et
1357 2219 1457 2259 gratis
1482 2217 1561 2256 dari,
1587 2218 1662 2259 quia
1685 2217 1759 2249 licet

113 2274 222 2306 haberi
254 2274 387 2316 possint,
418 2284 480 2304 non
513 2278 647 2314 possunt
676 2277 781 2302 tamen
812 2271 990 2312 comparari
1022 2270 1106 2301 dona
1130 2271 1269 2311 Spiritus
1294 2271 1409 2309 sancti3
1446 2276 1476 2300 ct
1505 2269 1664 2300 hereticus
1689 2281 1758 2300 esse

113 2327 237 2358 ratione
265 2331 297 2357 et
324 2326 516 2357 auctoritate
539 2324 741 2355 convincitur
765 2323 818 2365 qui
843 2321 928 2364 quod
953 2322 1205 2363 incomparabile
1229 2323 1348 2352 factum
1373 2327 1420 2352 est
1442 2333 1459 2351 a
1483 2321 1555 2352 Deo
1585 2321 1686 2352 credit
1707 2320 1757 2352 vel

112 2379 239 2410 actione
262 2377 429 2420 praedicat
452 2387 546 2418 posse
571 2376 751 2417 comparari
774 2375 814 2406 ab
832 2374 969 2405 homine.
1009 2373 1085 2404 Ideo
1104 2374 1226 2414 Symon
1251 2385 1366 2415 magus
1391 2373 1549 2404 hereticus
1573 2373 1676 2404 factus
1699 2379 1758 2411 est,

81 2441 89 2446 ’
114 2431 190 2472 quia
213 2429 331 2460 donum
357 2429 419 2461 Dei
443 2440 476 2459 se
500 2439 593 2470 posse
617 2427 778 2459 estimavit
801 2425 958 2468 pecunias
983 2425 1160 2467 possidere.
1207 2425 1278 2456 Non
1302 2430 1350 2456 est
1374 2425 1483 2467 utique
1507 2425 1757 2455 venundandum

113 2481 164 2513 vel
194 2480 363 2513 emendum
395 2479 569 2511 aecclesiae
601 2478 767 2521 quodlibet
798 2483 1045 2517 sacramentum,
1077 2477 1162 2518 quod
1194 2482 1242 2508 est
1273 2476 1391 2507 donum
1417 2477 1518 2508 sancti
1544 2476 1693 2518 Spiritus,
1718 2488 1758 2507 ex

114 2544 178 2576 quo
207 2537 239 2565 et
265 2534 298 2563 in
328 2543 390 2574 quo
422 2539 453 2563 ct
480 2543 536 2573 per
567 2542 661 2573 quem
694 2530 803 2561 divina
832 2529 985 2570 mysteria
1008 2529 1077 2558 iure
1101 2528 1335 2570 celebranturg,
1366 2534 1397 2560 et
1428 2534 1633 2570 peccatorum
1665 2529 1759 2559 datur

113 2584 269 2625 remissio,
299 2588 330 2615 et
357 2584 424 2615 sine
453 2594 516 2625 quo
543 2582 629 2613 nulla
652 2582 871 2613 sanctificatur
895 2580 1022 2611 oblatio,
1070 2580 1171 2621 Igitur
1194 2581 1420 2611 aecclesiarum
1446 2586 1477 2611 et
1501 2581 1662 2610 hominum
1687 2591 1758 2610 con-

113 2636 310 2667 secrationes
340 2635 408 2667 sive
438 2634 679 2666 benedictiones
712 2634 841 2664 omnino
871 2633 970 2673 gratis
1002 2632 1069 2662 ficri
1103 2632 1238 2673 debent,
1274 2643 1332 2663 nec
1362 2632 1505 2674 quolibet
1536 2633 1665 2673 ingenio
1700 2642 1757 2673 pro

112 2687 294 2719 huiusmodi
317 2687 400 2718 facto
424 2687 590 2728 quippiam
615 2687 773 2727 exigatur,
799 2696 847 2725 ne,
872 2684 945 2715 dum
972 2683 1051 2714 falsa
1076 2684 1239 2725 queritur¹¹
1264 2684 1438 2723 beatitudo,
1464 2694 1539 2715 vera
1563 2684 1690 2714 miseria
1714 2684 1757 2713 in-

223 2782 251 2815 a)
274 2783 346 2808 distr.
367 2783 432 2813 cccl.
453 2783 506 2806 loco
526 2791 586 2806 ruso
609 2784 634 2805 3.
705 2782 734 2807 ω
754 2782 894 2810 libertate?
913 2781 938 2805 3.
1009 2780 1036 2810 c)
1057 2779 1222 2804 Ilieronimus
1244 2780 1268 2804 4.
1345 2780 1374 2811 d)
1395 2781 1500 2812 penitus
1521 2781 1544 2804 3,
1622 2784 1647 2803 e]
1669 2779 1699 2803 G.
1725 2794 1755 2796 ἡ

115 2830 196 2854 abbas
217 2829 270 2854 des.
292 2830 316 2853 4.
392 2829 413 2854 f)
436 2837 492 2861 pec.
515 2830 538 2852 4.
615 2830 642 2859 g)
663 2828 758 2852 celebr.
781 2828 805 2851 4.
882 2827 910 2850 hi
932 2825 1049 2858 queritur
1069 2827 1094 2850 4.

1476 2877 1523 2899 58“

1772 255 1777 272 l
1792 256 1819 274 il·⁴
1833 255 1868 275 lx'.

1779 291 1799 308 p.
1810 286 1860 303 ³1:12.

1778 1185 1806 1203 ib,
1818 1185 1888 1208 1v.‹=93

1776 1279 1910 1299 livorum&

1777 2077 1852 2094 naith.
1863 2076 1925 2099 1¹³,8.
