2080 3047
353 125 413 154 fl-fg
700 121 880 147 ‹;‹·1·‘1·'R11)1
906 120 1067 147 AssBATls
1091 118 1387 145 VINDOCINENSIS
1411 118 1599 145 LIBELLUS
1622 120 1644 146 Ι.

353 214 505 244 vaih-»lica
524 213 687 254 potuisset.
734 211 766 240 Si
791 209 936 246 obicitur,
962 208 1047 251 quod
1073 209 1164 238 inviti
1187 208 1321 238 forsitan
1340 213 1537 249 paterentur,
1561 213 1593 238 et
1616 207 1734 239 idcireo
1751 219 1862 239 eorum
1881 209 1989 251 passio

353 266 533 296 ew-deretnr
557 264 760 293 infructuosa,
790 261 874 301 quod
899 266 1077 302 spontanea
1107 260 1236 290 minime
1261 259 1435 293 videretur,
1467 265 1498 289 et
1521 259 1650 290 iterum:
1683 260 1792 291 Poena
1815 266 1990 303 martyrem

354 330 414 347 non
431 316 529 356 facis,
560 315 614 345 secl
638 326 736 344 eausa
752 319 775 343 ¹:
806 323 902 342 causa
926 313 1036 354 utique
1059 311 1175 342 idonea
1205 316 1236 341 et
1259 310 1394 341 multum
1427 311 1542 341 idonea
1566 316 1643 350 erat,
1672 311 1748 353 quia
1779 322 1875 343 eausa
1905 312 1989 350 fidei,

352 379 411 409 qna
438 365 547 396 melior
577 377 638 395 non
665 371 789 406 poterat
814 363 958 396 inveniri,
1006 363 1066 393 Pro
1097 362 1156 393 hae
1186 363 1292 395 etiam,
1324 363 1348 392 si
1381 361 1474 392 aliter
1500 373 1562 392 non
1588 368 1727 403 possent,
1757 369 1869 395 contra
1899 374 1989 395 suam

351 419 543 449 voluntatem
563 418 640 446 mori
660 416 857 446 debuissent:
883 415 957 456 quia
981 425 1038 444 nec
1055 415 1102 445 sic
1119 414 1262 455 martyrii
1281 412 1387 455 palma
1403 413 1544 444 fraudari
1562 414 1753 455 potuissent.
1799 414 1990 447 Innocentes

352 471 466 501 etenim
491 469 602 505 saneti,
627 469 680 509 qui
705 478 763 497 nec
786 478 863 497 voce
887 477 945 496 nec
970 465 1133 496 voluntate
1157 466 1347 506 martyrium
1374 465 1550 507 quaesiisse
1574 464 1732 507 leguntur,
1757 467 1908 508 quoniam
1933 478 1990 509 pro

354 522 490 552 Domino
515 520 722 561 pertulerunt,
753 529 870 549 corona
901 518 1046 558 martyrii
1079 528 1141 547 non
1167 518 1345 558 privantur.
1393 516 1460 547 Hos
1484 522 1594 547 sancta
1617 516 1774 548 aecclesia
1800 529 1862 549 non
1887 518 1989 550 solum

352 582 505 613 martyres
529 584 608 611 csse,
641 582 747 601 verum
779 571 873 600 etiam
899 576 1074 610 martyrum
1106 569 1202 599 flores
1226 568 1404 598 confitetur.
1450 567 1545 599 Unde
1569 568 1702 600 firmiter
1725 569 1919 601 credendum
1944 577 1992 602 est

351 631 381 655 et
405 624 582 654 nullatcnus
607 621 829 659 dubitandum,
859 620 945 662 quod
976 620 1172 662 supplicium
1204 621 1314 650 mortis
1347 630 1403 660 pro
1434 618 1497 650 fide
1527 619 1647 651 Christi
1680 620 1799 652 homini
1830 621 1991 661 collatum,

351 676 472 707 etiamsi
499 685 555 716 pro
579 675 684 705 earnis
705 673 886 703 infirmitate
904 672 1041 703 noluerit
1064 678 1095 703 et
1118 678 1224 703 tamen
1249 682 1310 703 non
1336 672 1512 712 negaverit,
1536 673 1687 713 martyris
1710 672 1854 705 vindicat
1875 684 1991 706 nomen

351 733 379 758 et
404 727 590 768 praemium.
637 726 670 755 Si
694 731 799 755 autem
823 723 902 754 adeo
934 724 1069 754 fuissent
1093 724 1268 765 degeneres
1292 722 1359 762 filii,
1392 723 1477 765 quod
1501 734 1520 754 a
1544 728 1637 764 porta
1659 724 1822 766 paradysi,
1853 725 1905 756 cui
1928 736 1990 756 non

351 779 518 809 Teutonici
550 778 634 818 regis
662 776 835 817 impietate,
866 775 920 806 sed
946 777 1001 817 qui
1026 775 1107 806 bene
1139 774 1229 805 malis
1261 775 1306 805 uti
1338 775 1505 806 consuevit
1529 775 1661 806 Domini
1686 776 1805 817 pietate
1835 777 1897 807 iam
1921 788 1991 819 pro-

351 831 593 871 pinquaverant,
624 834 707 859 retro
733 827 847 868 pedem
877 827 953 858 darc
978 826 1126 869 negando
1150 826 1336 866 voluissent,
1368 827 1550 857 constantia
1573 827 1672 868 patris
1704 832 1736 858 et
1760 829 1843 860 ratio
1865 829 1992 871 spiritui

351 882 528 923 propiciare
552 880 657 921 potius
681 878 846 917 debuerat,
877 890 972 921 quam
998 880 1096 919 carni,
1128 889 1247 920 eosque
1271 879 1303 908 in
1326 877 1388 909 fide
1415 883 1527 909 sancta
1549 878 1773 910 exhortatione
1796 879 1934 922 firmare,
1965 882 1990 912 si

350 934 522 964 necessitas
546 930 753 970 incumberet,
777 931 899 972 primus
923 941 980 972 pro
1004 931 1139 961 veritate
1163 928 1394 969 subcumbere,
1419 934 1450 960 et
1473 929 1580 961 sieuta
1598 929 1710 961 beatus
1727 930 1840 962 Sixtus
1863 930 1990 963 beatum

350 984 555 1015 Laurentium
587 982 626 1013 ad
651 983 748 1012 vitam
773 983 940 1023 praevenit
963 988 1135 1020 aeternam,
1165 982 1228 1012 itab
1252 987 1283 1012 et
1307 981 1377 1022 ipse
1407 991 1462 1011 eos
1487 982 1693 1023 praevenire:
1721 993 1762 1014 ne
1784 982 1911 1015 illorum
1935 984 1989 1015 im-

349 1036 543 1078 perfectione
575 1033 764 1065 universalis
795 1032 953 1064 aeeclesia
982 1039 1102 1064 cartam
1133 1033 1239 1073 fideic,
1271 1033 1427 1064 castitatis
1455 1044 1493 1064 ac
1523 1031 1680 1065 libertatis
1703 1033 1862 1076 perderet,
1893 1046 1987 1077 quam

351 1088 497 1118 Salvator
521 1098 574 1117 ore
598 1097 655 1116 suo
680 1085 831 1116 dictatam
857 1090 887 1115 et
911 1084 1081 1125 sigillatam
1107 1085 1138 1115 in
1163 1095 1257 1115 eruce
1282 1083 1430 1115 manibus
1460 1085 1600 1127 propriis
1627 1085 1811 1117 christianis
1839 1087 1989 1119 omnibus

349 1139 479 1171 tradidit
502 1139 531 1169 in
557 1138 696 1180 pignus‘J
720 1143 751 1168 et
773 1142 915 1167 tenorem
941 1141 1040 1167 suaee
1063 1136 1252 1167 dilectionis.
1300 1136 1342 1167 Et
1365 1137 1517 1178 quoniam
1541 1135 1635 1179 culpa
1659 1136 1737 1169 haec
1759 1138 1991 1170 inexcusabilis

349 1191 527 1222 nullatenus
565 1189 732 1220 dubitatur
761 1195 790 1219 et
819 1188 1004 1219 excusando
1034 1189 1147 1229 augeri
1178 1192 1298 1229 potest,
1327 1199 1390 1219 non
1423 1189 1534 1228 minui,
1573 1188 1683 1220 relicto
1713 1200 1821 1220 errore
1855 1190 1992 1222 scienter

349 1243 528 1282 commisso,
553 1242 621 1272 sine
647 1241 798 1272 dilatione
824 1241 1014 1281 corrigatur,
1038 1251 1076 1270 ne
1101 1245 1202 1270 mater
1225 1245 1336 1271 nostra
1359 1239 1546 1281 spiritualis,
1571 1251 1654 1282 quae
1671 1241 1764 1283 quasi
1782 1242 1990 1273 novissimum

349 1295 494 1336 spiritum
519 1293 624 1333 trahit,
655 1293 784 1322 omnino
809 1292 973 1323 moriatur.
1020 1291 1111 1332 Fide,
1135 1292 1281 1323 castitate
1313 1302 1351 1322 ac
1375 1291 1523 1323 libertate
1547 1292 1628 1324 vivit
1649 1303 1687 1324 ac
1711 1293 1799 1334 viget
1822 1292 1991 1325 aecclesia:

349 1357 430 1388 quae
455 1346 479 1375 si
505 1356 567 1375 non
592 1344 696 1382 habet,
730 1342 860 1384 languet
883 1350 913 1374 et
937 1348 1107 1385 separatur
1130 1354 1149 1374 a
1172 1343 1248 1374 vita.
1294 1343 1376 1374 Nam
1400 1343 1463 1375 fide
1486 1343 1649 1383 fundatur,
1681 1349 1813 1376 ornatur
1837 1345 1992 1385 castitate,

348 1397 493 1428 libertate
519 1396 646 1437 tegitur.
692 1395 755 1426 Sed
781 1406 853 1425 cum
878 1394 990 1426 laicam
1016 1395 1252 1434 investituram,
1284 1406 1366 1437 quae
1390 1395 1565 1427 secundum
1596 1395 1784 1428 traditiones
1807 1403 1990 1429 sanctorum

350 1455 475 1490 patrum
507 1448 629 1487 heresis
661 1447 899 1488 comprobatur,
934 1457 996 1477 non
1028 1447 1229 1485 contradicit,
1264 1447 1320 1478 sed
1350 1448 1518 1490 praecipit,
1548 1458 1623 1478 cum
1653 1448 1893 1490 corrumpitur‘
1922 1450 1992 1491 ipsa

351 1500 545 1538 muneribus,
569 1510 641 1529 eum
668 1498 820 1530 saeculari
839 1499 988 1540 potestati
1005 1499 1177 1530 subicitur:
1202 1499 1292 1540 fides,
1317 1500 1449 1530 castitas
1473 1505 1504 1530 et
1527 1498 1658 1530 libertas
1682 1500 1711 1531 ei
1727 1499 1821 1532 simul
1838 1500 1992 1540 aufertur,

349 1558 379 1583 et
403 1563 484 1593 quae
507 1552 604 1582 vitam
635 1562 696 1581 non
728 1550 823 1581 habet
854 1561 912 1581 nec
937 1551 1096 1582 immerito
1121 1557 1247 1582 mortua
1270 1550 1420 1582 ereditur.
1467 1551 1574 1582 Huius
1606 1552 1716 1582 mortis
1746 1557 1910 1584 auctorem
1941 1551 1991 1584 vel

349 1604 556 1633 novissimum
587 1602 763 1633 aecclesiae
787 1602 988 1633 membrum&
1011 1602 1150 1642 credere,
1180 1603 1306 1634 etiamsi
1336 1609 1446 1644 pastor
1475 1602 1634 1642 videatur,
1665 1613 1773 1634 errare
1803 1609 1861 1636 est.
1906 1603 1992 1636 Huic

348 1656 445 1686 errori
471 1655 664 1696 quicumque
688 1654 849 1695 inheserit,
881 1653 1055 1685 merebitur
1078 1654 1118 1685 ab
1142 1655 1212 1696 ipsa
1236 1655 1321 1686 vitae
1349 1655 1457 1686 radice
1481 1654 1636 1696 praecidi.
1682 1654 1789 1697 Super
1811 1655 1861 1687 his
1883 1660 1990 1688 autem

348 1707 372 1737 si
398 1707 468 1747 quis
493 1705 585 1736 aliter
601 1706 745 1744 senserit,
769 1716 832 1736 non
857 1711 903 1736 est
920 1705 1110 1745 catholicus,
1135 1706 1358 1738 manifestetur
1381 1711 1413 1737 et
1431 1707 1577 1737 veritatis
1593 1712 1784 1747 argumento
1801 1706 1992 1750 probabitur

348 1770 416 1789 esse
434 1758 602 1796 hereticus.
648 1757 848 1787 Tolerandus
866 1757 996 1798 quidem
1014 1763 1061 1788 est
1078 1764 1197 1799 pastor,
1214 1764 1249 1789 ut
1265 1769 1404 1789 canones
1428 1757 1541 1789 dicunt
1551 1764 1573 1797 ²,
1589 1769 1648 1800 pro
1665 1759 1813 1801 reprobis
1830 1758 1989 1791 moribus:

349 1811 373 1840 si
399 1820 471 1839 vero
496 1808 725 1840 exorbitaverit
747 1820 765 1839 a
788 1809 860 1842 fide.
893 1810 953 1839 iam
980 1820 1042 1840 non
1068 1815 1115 1840 est
1138 1815 1257 1851 pastor,
1289 1810 1345 1841 sed
1369 1810 1584 1850 adversarius,
1612 1821 1631 1841 a
1654 1810 1799 1853 quolibet
1821 1816 1990 1854 peccatore

348 1867 469 1892 tantum
501 1860 656 1891 catholico
687 1860 902 1892 detestandus.
956 1860 1046 1892 Licet
1075 1863 1157 1892 enim
1189 1861 1368 1893 secundum
1400 1868 1583 1893 sanctorum
1613 1862 1745 1894 decreta
1774 1862 1990 1894 Romanorum

349 1913 530 1954 pontificum
555 1913 648 1943 etiam
674 1912 831 1942 meretrici
851 1923 1051 1944 communem
1077 1914 1250 1945 aecclesiae
1268 1913 1375 1951 tidem,
1399 1924 1494 1956 quam
1519 1925 1610 1944 suam
1634 1914 1735 1946 credit
1758 1920 1789 1946 et
1813 1914 1992 1955 confitetur,

347 1964 532 1995 detenderet
557 1963 654 1994 multo
679 1964 775 2004 igitur
798 1963 935 2004 amplius
959 1971 1054 2006 atque
1073 1965 1246 2006 perfectius
1270 1965 1454 2006 religiosum
1481 1965 1675 1996 catholicum
1699 1965 1794 1997 decet
1816 1965 1990 2007 hereticam

348 2016 534 2056 pravitatem
560 2016 764 2056 impugnare:
789 2027 846 2045 nec
863 2016 1055 2046 christianae
1073 2016 1151 2057 legis
1169 2017 1334 2048 veritatem
1361 2017 1414 2058 qui
1439 2016 1634 2048 christianus
1657 2023 1706 2048 est
1728 2018 1760 2048 in
1782 2018 1837 2049 tali
1861 2019 1991 2060 negotio

347 2067 440 2097 ‹lebct
465 2066 636 2097 occultare.
682 2066 763 2097 Sunt
786 2067 917 2108 qnidam
942 2069 1097 2110 episcopi,
1129 2079 1209 2110 quos
1240 2080 1298 2099 nec
1329 2068 1434 2100 clerus
1465 2080 1524 2100 nec
1548 2069 1686 2111 populus
1711 2069 1817 2111 elegit,
1849 2070 1905 2101 sed
1935 2080 1990 2101 eos

348 2126 468 2149 tantum
500 2118 579 2148 laica
604 2129 739 2159 persona
770 2119 941 2152 investivit,
998 2120 1048 2150 llii
1081 2125 1190 2151 contra
1221 2120 1450 2151 catholicorum
1483 2125 1601 2152 statuta
1631 2126 1757 2162 patrum
1788 2126 1821 2153 et
1849 2122 1990 2153 maxime

348 2178 456 2199 contra
481 2170 652 2199 veridicam
683 2169 766 2200 beati
793 2170 940 2210 Gregorii
973 2172 1099 2212 septimi
1133 2183 1235 2213 papae
1266 2183 1395 2213 vocem,
1425 2173 1478 2214 qui
1503 2183 1561 2214 pro
1585 2172 1773 2204 defensione
1797 2173 1893 2204 huius
1915 2173 1991 2204 fidei

349 2228 491 2251 mortuus
523 2229 569 2251 est
601 2222 630 2251 in
657 2221 763 2255 exilio,
797 2222 1014 2253 investituram
1041 2222 1219 2264 palliantes,
1249 2234 1317 2254 eain
1351 2229 1506 2265 negarent
1530 2223 1667 2266 heresim
1699 2236 1779 2264 esse,
1810 2224 1919 2256 verbis
1949 2224 1988 2256 ad

348 2273 562 2302 seducendum
588 2274 783 2313 compositis.
808 2274 832 2302 si
859 2279 999 2314 possent.
1046 2277 1189 2313 Quorum
1216 2277 1343 2306 stateris
1367 2275 1486 2307 dolosis
1503 2277 1580 2307 viris
1604 2276 1677 2308 fidei
1702 2287 1765 2308 non
1780 2276 1989 2319 appenditur:

349 2325 402 2354 hos
420 2325 501 2353 ‹·nim
521 2325 658 2354 eust-ulit
678 2325 736 2354 Dei
754 2325 895 2365 spiritus,
920 2337 982 2366 qno
1001 2333 1163 2366 reguntur.
1209 2327 1338 2358 Fratres
1362 2328 1425 2366 isti,
1450 2328 1582 2368 utinam,
1607 2329 1633 2359 si
1650 2327 1718 2359 fieri
1735 2333 1853 2370 posset,
1877 2327 1990 2360 fratres

348 2376 504 2408 catholiei,
529 2377 581 2416 qni
608 2387 667 2405 non
692 2388 709 2405 a
734 2387 789 2405 suo
808 2385 1041 2409 eonsecramre.
1066 2378 1121 2409 sed
1139 2386 1250 2409 contra
1267 2379 1374 2410 claves
1391 2379 1587 2411 aecclesiaeh
1612 2391 1630 2410 a
1653 2379 1744 2411 laicis
1767 2380 1988 2412 investituram

349 2436 554 2467 snm-eperunt
572 2426 619 2456 vel
639 2428 827 2468 suseipinnt.
852 2428 926 2458 dum
946 2429 1123 2470 quemlibet
1146 2437 1307 2462 auctorem
1335 2431 1428 2462 huius
1452 2432 1595 2462 criminis
1616 2430 1792 2463 moliuntur
1807 2430 1988 2471 defendere,

349 2478 406 2507 >nli
440 2478 520 2507 illins
553 2479 737 2508 defensionu-
770 2492 812 2516 se,
845 2480 899 2510 sed
931 2482 1020 2522 quasi
1053 2481 1219 2522 productis
1244 2482 1394 2513 verendis
1422 2482 1633 2526 natibusquei
1658 2482 1798 2524 nudatis,
1828 2483 1987 2525 aperiunt.

459 2592 481 2605 a,
508 2584 550 2607 κίῖν,
572 2584 687 2613 smlm'lur
709 2584 777 2607 loc-as
800 2594 875 2607 rasas
897 2586 921 2609 3.
999 2586 1026 2610 b]
1048 2587 1137 2611 cmlcm
1160 2596 1240 2611 manu
1262 2597 1392 2620 superat-r.
1415 2589 1437 2613 2,
1520 2588 1546 2615 ο)
1567 2588 1628 2622 fidei
1649 2589 1674 2613 3.
1757 2588 1787 2616 d)
1806 2589 1941 2621 impigrius
1961 2589 1986 2615 3.

348 2638 370 2650 ιη
394 2629 462 2651 dm:
488 2625 523 2652 lb.
546 2630 570 2651 li.
646 2630 666 2652 sl
688 2639 751 2654 mrr,
775 2638 804 2653 rr.
825 2632 963 2663 corripitur
987 2629 1023 2656 μ’.
1099 2634 1128 2664 gl
1150 2635 1286 2659 menbrum
1309 2635 1333 2659 2.
1412 2636 1440 2659 ht
1461 2635 1546 2666 ecclic
1567 2635 1591 2659 2.
1667 2633 1688 2666 i)
1709 2635 1815 2660 natibus
1837 2631 1876 2660 1¹³.

458 2727 482 2751 1¹
507 2727 652 2758 ,tuffusossn'
679 2727 764 2760 lz'pr'sn
789 2729 856 2754 coxi,
881 2730 919 2753 «id
945 2730 1097 2755 lauritium
1123 2734 1136 2761 ξ
1161 2732 1187 2757 4.
1224 2732 1352 2766 0pp.11,
1378 2733 1428 2758 col.
1449 2733 1506 2759 765·
1524 2734 1560 2761 G.
1584 2737 1608 2760 ec
1633 2734 1723 2768 Epist.
1741 2733 1790 2761 89.
1815 2733 1853 2760 ad
1876 2733 1986 2772 Fentam

350 2782 359 2805 55
387 2779 412 2803 ·.‘.
440 2778 504 2803 ιἸιίιί.
530 2778 579 2802 rol.
600 2779 706 2803 :1:3⁴⁸ss
796 2780 823 2803 Ἣ
848 2780 973 2804 annana*
1002 2781 1088 2813 [φῖ-εἰ.
1110 2782 1146 2814 ΙΙ,
1172 2792 1194 2808 c.
1213 2783 1260 2815 39,
1287 2784 1439 2810 Himchv'us
1459 2794 1488 2818 p.
1508 2785 1556 2812 85.

2015 685 2040 704 10

2014 941 2040 961 1⁵

2013 1199 2039 1218 20

2011 1718 2039 1738 80

2009 2237 2037 2256 ⁴0
