2132 3067
559 160 582 186 1.
620 161 671 186 DE
695 160 999 189 INCONTINENTIA
1024 162 1288 190 SACERDOTUM.
1703 163 1741 193 21

104 251 167 282 tius
183 250 242 280 hac
260 248 462 290 blasphemia
474 259 537 279 non
554 254 601 279 est
617 248 885 287 dehonestandus,
908 250 1006 281 immo
1025 250 1234 289 Sozomenus,
1257 253 1305 282 cui
1330 252 1413 282 idem
1425 258 1436 272 ³
1454 258 1551 294 caput
1572 254 1746 294 assignavit

106 301 328 334 Cassiodorus.

209 352 476 392 Quantiscunque
505 356 612 382 autem
642 351 748 381 verbis
778 363 828 382 res
857 351 919 382 sibi
952 353 1110 383 invicem'o
1139 355 1345 385 adversantes
1374 354 1580 386 reconciliare
1611 356 1745 395 coneris,

102 415 266 446 nunquam
290 408 398 433 tamen
420 402 504 434 adeo
528 401 695 444 desipiam,
720 409 754 433 ut
779 403 990 434 Sozomenum
1018 403 1291 446 beat0·G1·egorio
1317 406 1346 435 in
1372 405 1515 447 predicto
1545 407 1650 448 capite
1673 418 1745 437 con-

74 469 87 488 s
105 455 242 488 sensisse
265 465 423 485 censeam.
470 453 544 495 Ipse
567 454 650 484 enim
678 455 875 484 Sozomenus
903 455 995 496 fingit
1025 456 1055 485 in
1080 455 1199 487 Nicen-a
1231 456 1353 497 synodo
1384 456 1582 497 coniugalem
1615 458 1745 488 inconti-

103 507 243 538 nentiam
273 504 494 537 sacerdotibus
526 515 588 535 non
620 516 689 551 esse
720 505 926 547 prohibitam,
957 507 1013 537 sed
1044 507 1151 548 potius
1178 518 1236 548 pro
1260 508 1406 538 castitate
1431 514 1625 548 reputatam:
1650 519 1744 550 quam

103 563 232 590 sanctus
264 556 442 598 Gregorius
473 567 531 586 nec
555 555 745 587 diaconibus
770 556 897 588 Siciliae
926 558 957 587 in
977 558 1117 599 'epistola
1140 569 1197 588 sua
1220 561 1394 598 concessit,
1419 559 1474 590 sed
1499 560 1527 589 in
1553 559 1745 600 quibusdam

72 629 82 635 -
103 620 213 642 eorum
237 608 278 638 ad
303 614 431 650 tempus
454 612 579 638 tantum
604 607 846 645 dissimulando,
872 619 933 639 non
960 608 1077 640 licitam
1102 610 1284 647 asserendo,
1316 621 1378 640 nou
1408 622 1477 640 cum
1511 610 1669 641 diaconiie
1692 611 1746 641 ad—

103 661 346 707 ministratione,
369 659 426 690 sed
450 659 510 690 sub
534 658 656 690 altioris
679 659 799 700 gradus
822 659 1039 701 prohibitione
1063 661 1178 702 legitur
1202 661 1362 692 tolerasse.
1402 662 1548 703 Denique
1573 661 1647 692 nihil
1665 662 1744 692 adeo

56 726 82 746 ιο
102 711 199 745 alicui
229 711 387 753 reperitur
418 710 583 749 dissimile,
616 710 702 752 quod
733 721 796 741 non
821 721 892 741 cum
918 712 1029 742 eodem
1053 713 1190 753 aliquem
1217 713 1433 743 similitudinis
1459 713 1573 744 habeat
1596 713 1744 751 colorem,

102 775 174 796 cum
198 763 317 794 etiamd
339 763 408 804 ipse
431 761 579 793 diabolus
602 772 636 792 se
659 762 691 792 in
714 761 863 802 angelum
889 762 969 793 lucis
993 763 1094 794 soleat
1117 764 1351 796 transformare.
1387 764 1470 803 Quid
1496 765 1591 804 igitur
1608 754 1746 794 mirum?

101 816 128 847 si
150 821 186 846 tu
210 815 332 856 scripta
354 814 478 844 sanctie
503 813 652 855 Gregorii
676 809 838 854 figmentis
863 814 1031 845 Sozomeni
1056 826 1183 856 quoquo
1201 815 1295 846 modo
1319 814 1513 855 assimilasti,
1539 826 1610 845 cum
1637 822 1744 846 tamen

101 867 181 899 adeo
211 865 420 904 dissentiant,
450 871 485 895 ut
515 864 610 895 huius
644 865 798 906 figmenta
832 864 1014 909 nullatenus
1050 866 1287 907 Gregoriauum
1323 866 1492 897 anathema
1526 866 1745 907 subterfugere

101 917 254 950 valeant?

54 983 82 1002 15
206 969 384 1000 Iustissime
399 972 595 999 autemnon
618 966 701 999 hane
726 968 934 1010 temporalem
959 976 989 999 et
1013 968 1279 1010 dispensatoriam
1297 969 1397 999 sancti
1415 967 1566 1008 Gregorii
1591 968 1746 998 toleratio-

101 1033 184 1059 nem,
207 1020 264 1052 sed
285 1018 449 1061 generalia
469 1019 571 1060 ipsius
595 1025 626 1050 et
649 1019 843 1061 reliquorum
869 1025 995 1061 patrum
1021 1019 1147 1051 decreta
1179 1020 1370 1061 generaliter
1400 1020 1458 1050 lioc
1487 1025 1628 1060 tempore
1660 1019 1746 1050 iube-

62 1068 64 1070 ·
101 1072 191 1104 mur?
214 1071 396 1111 observare,
420 1082 491 1102 cum
516 1070 630 1101 beat‘us
654 1082 739 1112 papa
755 1070 819 1101 Leo
832 1077 853 1109 ¹,
879 1078 951 1102 tuae
975 1069 1074 1113 partis
1098 1078 1278 1102 assentator
1302 1079 1334 1102 ut
1351 1072 1490 1109 estimas,
1514 1069 1552 1101 ad
1578 1071 1745 1112 episcopos

100 1123 313 1156 Mauritaniae
337 1123 419 1154 hanc
441 1122 625 1164 generalem
650 1122 793 1163 proferat
816 1123 1024 1153 sententiam:
1056 1115 1131 1154 Now}
1157 1134 1234 1164 eryo
1260 1124 1291 1153 [η
1321 1124 1512 1163 cuiusquam
1535 1133 1678 1162 persona
1703 1127 1746 1151 est

97 1175 409 1217 pretermittendum,
433 1175 520 1216 quod
540 1175 577 1205 in
600 1174 808 1215 yenerallhus
832 1176 962 1205 statutis
987 1176 1179 1205 continetur.
1219 1174 1316 1215 Atqui
1342 1174 1372 1203 in
1396 1173 1598 1214 generalibus
1622 1173 1746 1204 statutis

54 1239 82 1258 2⁰
101 1237 160 1269 per
182 1226 405 1258 auctoritatem
429 1226 533 1256 sancti
557 1224 706 1266 Gregorii
730 1225 760 1255 in
786 1226 909 1266 synodo
933 1224 1073 1266 generali
1098 1225 1308 1267 promulgatis
1340 1226 1407 1266 ipsa
1438 1235 1499 1255 non
1528 1229 1649 1254 tantuin
1675 1234 1746 1254 con-

101 1277 261 1317 dormitio,
284 1277 341 1308 sed
365 1277 460 1308 etiam
485 1276 680 1307 cohabitatio
706 1276 909 1308 sacerdotum
935 1288 1007 1307 cum
1032 1277 1169 1314 feminis,
1194 1283 1224 1308 et
1248 1278 1364 1309 omnia,
1393 1287 1474 1318 quae
1499 1276 1597 1306 sacris
1621 1276 1747 1306 canoni-

101 1329 162 1360 bus
185 1328 406 1369 adversantur,
431 1328 490 1360 sub
514 1328 649 1359 terribili
673 1328 875 1359 anathemate
899 1327 1101 1371 damnantur.

210 1380 298 1411 Haec
315 1380 412 1421 igitur
429 1381 507 1411 situ
531 1379 667 1411 fideliter
690 1380 892 1411 attendisses.
917 1390 1081 1421 nunquam
1107 1381 1138 1410 iu
1162 1380 1206 1410 tui
1232 1378 1407 1420 periculum
1425 1378 1533 1408 domni
1557 1378 1745 1420 apostolici²

101 1433 293 1464 sententiam
315 1433 449 1463 nimium
475 1432 643 1463 temerarie
667 1442 815 1462 vocasses
840 1432 1055 1462 temerariam.
1081 1442 1162 1472 quae
1186 1437 1309 1461 tantum
1337 1430 1538 1471 symoniacos
1563 1436 1592 1460 et
1615 1429 1747 1460 inconti-

55 1499 82 1518 2⁵
101 1489 212 1516 nentes
235 1483 442 1526 presbyteros
465 1495 485 1515 a
508 1484 689 1525 pernicioso
714 1482 775 1513 sibi
800 1483 906 1514 officio
931 1483 1102 1514 clementer
1126 1490 1299 1523 separarat.
1324 1493 1403 1524 quos
1428 1487 1554 1511 sanctus
1572 1482 1746 1522 Gregorius

103 1546 175 1566 cum
210 1534 342 1578 reliquis
377 1545 537 1566 canonum
571 1534 764 1565 adversariis
804 1535 897 1565 simul
933 1546 995 1565 uno
1030 1540 1174 1576 tempore
1213 1533 1271 1563 sub
1307 1533 1509 1563 severissimo
1547 1532 1746 1563 anathemate

103 1587 280 1618 damnarat.
355 1587 544 1618 Nullatenus
568 1591 698 1617 ‘camene
722 1587 790 1627 ipse
815 1597 847 1616 se
865 1585 924 1616 hac
941 1586 1146 1616 damnatione
1163 1584 1330 1625 obligavit,
1354 1584 1426 1614 lic-et
1445 1583 1658 1626 Sic-iliensium
1683 1582 1747 1613 dia-

102 1649 256 1670 conorum
279 1638 543 1670 incontinentiam
568 1636 812 1676 dissimulandO,
836 1648 900 1668 non
925 1638 1016 1678 quasi
1041 1636 1159 1667 licitam
1185 1635 1413 1667 concedendoe
1438 1635 1630 1666 toleraverit.
1680 1634 1746 1675 Ipsi

100 1691 184 1723 enim
201 1690 315 1722 Niceni
332 1695 439 1732 patres
463 1688 645 1720 nullatenus
667 1688 865 1730 apostolicae
892 1688 960 1719 sedi
982 1689 1155 1729 primatum
1180 1689 1247 1718 sive
1267 1687 1470 1729 privilegium
1496 1686 1650 1718 adimunt.
1673 1696 1745 1715 cuin

55 1755 83 1775 so
103 1743 247 1774 omnium
270 1742 366 1773 etiam
389 1741 652 1783 provinciarum3
676 1741 833 1771 antistites
858 1735 947 1770 iuxta
973 1750 1091 1770 morem
1118 1739 1251 1770 Romani
1278 1739 1437 1780 pontilicis
1466 1738 1594 1779 propria
1618 1737 1747 1767 iubeant

66 1804 72 1810 '
103 1793 273 1834 observare
297 1792 476 1835 privilegia.
522 1791 580 1823 Est
603 1798 710 1823 autem
736 1791 937 1833 privilegium
962 1791 1099 1821 Romani
1123 1790 1284 1832 pontificis
1309 1791 1397 1820 iuxta
1415 1790 1620 1819 assertionem
1646 1788 1745 1817 sancti

104 1845 294 1888 Sylvestri⁴,
319 1843 462 1876 Gelasii⁵
487 1850 518 1875 et
541 1843 735 1885 reliquorum
761 1850 899 1884 patrum,
924 1851 957 1873 ut
979 1843 1048 1884 ipse
1071 1842 1109 1873 de
1127 1842 1276 1872 omnibus
1293 1841 1456 1871 aecclesiis
1478 1840 1617 1870 iudicare
1635 1838 1745 1878 valeat,

101 1908 162 1928 nec
191 1897 328 1928 alicuius
356 1895 477 1926 iudicio
508 1895 689 1934 subiaceat,
721 1900 751 1926 et
782 1901 815 1925 ut
845 1895 988 1936 ipsorum
1019 1904 1175 1924 canonum
1208 1894 1297 1924 sivess
1321 1894 1518 1923 decretorum
1544 1890 1744 1921 severitatem

102 1959 162 1991 pro
191 1949 346 1990 temporis
378 1947 569 1978 necessitate
599 1945 714 1991 valeat,
745 1947 842 1976 immo
874 1945 989 1977 debeat
1022 1945 1180 1986 mitigare.
1227 1945 1331 1975 Huius<
1367 1942 1525 1984 privilegii
1560 1943 1746 1972 auctoritate

57 2011 84 2031 ³⁵
104 2000 239 2032 beatush
269 1999 447 2041 Gregorius
475 2010 539 2032 non
570 1997 790 2040 impugnando
823 2008 971 2037 canones,
1002 1996 1056 2027 sed
1086 1996 1287 2027 observando
1319 1995 1505 2025 diaconibus
1533 1992 1658 2023 Siciliae
1693 1992 1745 2022 ali-

104 2051 294 2094 quantulum
319 2051 359 2082 ad
381 2056 510 2093 tempus
534 2051 688 2092 pepercit,
712 2060 775 2080 non
799 2050 844 2080 eis
869 2060 940 2079 cum
960 2048 1137 2079 Sozomeno
1161 2047 1317 2088 peccandi
1341 2046 1500 2077 licentiam
1518 2044 1615 2075 dedit.
1653 2042 1746 2073 Unde

103 2114 163 2134 nec
187 2114 222 2135 se
243 2103 350 2144 ipsum
375 2113 447 2133 cum
471 2101 664 2133 adversariis
688 2106 866 2131 canonum⁰
891 2100 1021 2141 proprio
1041 2098 1247 2130 *anathemate
1272 2097 1436 2138 obligavit.
1467 2096 1522 2126 >fed
1547 2096 1635 2126 iuxta
1660 2101 1745 2124 tuam

99 2155 206 2197 'ipsius
231 2155 452 2194 assertionem,
476 2161 506 2184 te
530 2153 633 2184 solum
659 2163 722 2182 non
746 2151 816 2182 dico
841 2162 912 2182 cum
938 2151 1097 2189 Pafnutio,
1122 2150 1176 2180 sed
1203 2149 1345 2192 [etiami]
1379 2159 1449 2178 cum
1479 2147 1626 2177 onniibus
1651 2146 1747 2175 Sozo-

107 2205 423 2250 meni-sectatoribus
448 2205 507 2236 sub
531 2204 644 2236 eodem
669 2203 870 2235 anathemate
894 2202 1031 2243 reliquit.
1077 2201 1142 2242 Ipsi
1166 2201 1248 2231 enim
1275 2206 1456 2230 sanctoruni
1482 2204 1606 2240 patrum
1632 2202 1748 2227 statuta

59 2258 200 2289 ao‘etiam
224 2256 391 2288 annullare
415 2262 614 2298 presumunt,
638 2255 711 2286 licet
729 2255 782 2285 ‘eis
807 2253 926 2284 nullum
946 2253 1147 2294 privilegium
1166 2263 1304 2283 canones
1321 2251 1545 2288 concesserint,
1570 2257 1603 2278 ut
1626 2247 1745 2289 aliquid

1765 774 1911 797 2.Cor.11‚14.

107 2319 148 2340 ex
173 2308 365 2350 'apostolicis
401 2309 528 2340 statutis
563 2307 668 2338 saltim
703 2307 852 2347 mitigare
888 2305 1019 2346 possint.
1109 2303 1286 2335 Anatlienia
1318 2303 1422 2346 otiam,
1454 2301 1538 2342 quod
1571 2300 1776 2339 subiungis,‘

107 2361 248 2391 maxime
281 2361 433 2392 convenit
468 2358 681 2391 sectatoribus
717 2357 898 2393 Sozomeni,
933 2363 963 2387 et
999 2363 1031 2386 ut
1066 2355 1324 2396 compendiosius
1358 2353 1473 2384 dicam.
1510 2351 1747 2390 sozomenistis,

108 2411 164 2454 qui
194 2422 258 2442 non
288 2411 361 2442 dico
395 2411 593 2453 approbant,
625 2410 722 2440 immo
753 2420 848 2439 causa
881 2415 911 2439 et
943 2416 1039 2449 caput
1070 2414 1152 2444 sunt,
1187 2414 1220 2437 ut
1251 2405 1408 2436 seculares
1440 2404 1609 2434 incitentur
1639 2408 1747 2432 contra

108 2462 300 2496 sacerdotes.
346 2462 413 2504 Ipsi
440 2463 524 2494 enim
556 2473 613 2492 sua
644 2461 874 2492 nefandissima
904 2459 1112 2500 persuasione
1143 2457 1351 2498 simpliciores
1380 2456 1584 2497 presbyteros
1615 2453 1653 2483 ad
1679 2464 1749 2483 con-

61 2571 90 2591 45
219 2567 245 2599 a)
266 2567 294 2592 id
315 2567 346 2592 G.
422 2568 451 2597 b)
471 2568 536 2599 ipsis
557 2566 588 2590 G.
660 2573 684 2593 c)
704 2566 795 2590 literae
817 2566 833 2588 ii
855 2565 907 2589 loco
929 2573 988 2587 raso
1009 2564 1034 2587 3.
1109 2562 1135 2586 d)
1159 2566 1183 2586 et
1205 2563 1235 2585 (ι’,
1303 2568 1327 2588 e)
1350 2561 1419 2585 dces!
1441 2560 1470 2583 (ἶ.
1541 2559 1562 2582 f»
1583 2559 1700 2582 iubemus
1721 2557 1745 2580 3,

108 2612 137 2645 g)
159 2615 187 2637 et
205 2612 236 2638 G.
312 2613 339 2644 h)
361 2613 386 2638 b.
407 2613 486 2645 Greg.
507 2613 561 2638 des.
584 2612 614 2637 G.
690 2613 709 2642 i)
730 2611 798 2635 deest
821 2612 846 2633 3.

219 2709 247 2745 1)
270 2700 325 2746 ΕΖ).
352 2711 400 2747 12,
431 2720 454 2738 e.
480 2710 506 2742 ἰ),
541 2710 611 2744 Opp.
637 2709 697 2735 edd.
721 2708 873 2734 Ballerfnii
895 2707 961 2747 l.'I,
987 2707 1037 2732 col.
1063 2705 1146 2732 G's'l..
1228 2704 1258 2738 2)
1291 2703 1422 2737 (ἅτεροι-εἲ
1452 2702 1512 2729 1'll.
1611 2700 1639 2733 3)
1665 2700 1693 2726 C.
1719 2699 1744 2724 O,

110 2760 265 2788 Hineehn'ue
282 2771 314 2796 p.
332 2762 402 2788 258.
503 2761 532 2794 4)
555 2760 713 2795 Synmlalia
737 2763 814 2793 qesta
837 2767 913 2792 spur.
938 2767 960 2785 c.
987 2757 1020 2782 ⁴2.-
1044 2755 1160 2783 Hiasch.
1183 2764 1212 2788 p.
1231 2754 1300 2781 440.
1403 2754 1431 2787 ὃ)
1455 2752 1581 2786 I-:p,‘14,
1606 2760 1628 2777 c.
1650 2751 1681 2783 l;
1705 2750 1745 2775 erl.

115 2811 202 2838 Thiee'
213 2821 245 2847 p.
270 2807 340 2840 36²2.
