2132 3067
73 473 86 493 5

538 165 589 191 DE
612 164 782 192 UNITATE
805 164 1015 191 ECCLESIAE
1038 164 1332 193 CONSERVANDA,
1696 161 1757 192 277

106 254 270 294 monachi,
293 266 356 285 non
381 255 502 294 verbis,
527 254 585 285 sed
607 253 714 294 factis,
746 255 790 284 ita
821 254 1057 284 constituerunt
1085 260 1116 284 et
1144 258 1314 285 tenuerunt
1342 254 1472 285 modum
1497 260 1594 296 atque
1617 254 1759 296 regulam

103 307 299 338 monasticae
323 307 434 344 vestis,
457 312 492 337 ut
514 313 597 337 esset
621 306 661 336 ad
684 305 946 336 aedificationem
969 316 1006 335 ea
1029 305 1194 336 utentibus
1218 311 1248 336 et
1270 305 1311 336 ad
1335 307 1573 338 venerationem
1596 306 1674 337 foris
1690 318 1760 338 eam

103 358 347 401 aspicientibus,
393 357 502 396 Unde,
533 359 616 388 sicut
645 357 796 399 egregius
820 357 868 387 vir
891 355 1086 387 Cassianus¹
1112 356 1225 387 scribit
1248 358 1279 387 in
1304 363 1416 399 quarto
1440 357 1522 389 libro
1545 357 1585 389 de
1609 358 1761 389 institutis

103 410 347 449 monachorum,
372 410 504 451 quidam
529 409 568 440 de
591 410 710 440 sanctis
740 408 887 451 patribus
910 409 955 439 ita
978 409 1116 439 instituit
1138 409 1220 439 inter
1243 415 1369 440 caetera
1392 410 1553 451 quendam
1576 411 1759 441 venientem

104 462 144 493 ad
168 462 387 493 conversionis
411 461 570 492 studium:
593 461 749 500 IVoveris,
780 461 900 502 inquit,
932 460 970 490 ab
1003 459 1161 491 hodierno
1193 460 1246 490 die
1274 461 1350 492 huic
1374 462 1496 492 mundo
1521 467 1548 492 ct
1572 462 1698 493 actibus
1723 474 1761 492 ac

104 513 280 545 desideriis
303 514 373 544 eius
397 525 464 544 esse
486 512 676 553 defunctmn
699 518 789 554 teque
812 512 990 543 secundum
1014 511 1195 552 apostolum
1227 512 1348 542 mundo
1372 513 1449 544 hnic
1478 525 1543 544 esse
1566 515 1760 554 crucifiaeum

104 565 225 607 tibique
247 565 333 596 lianc
357 565 536 600 mundunH
559 564 731 595 considera
756 576 830 605 erqo
847 563 1051 594 conditiones
1068 564 1187 602 crucis,
1211 563 1268 593 sub
1287 564 1408 594 huiusa
1432 569 1459 594 te
1476 565 1630 606 deinceps
1646 577 1759 596 sacra-

104 621 208 647 mento
232 622 355 657 oportet
378 618 414 647 in
439 617 499 647 hac
523 616 593 646 luce
616 617 754 656 versari,
786 618 865 656 quia
900 616 967 646 iam
991 620 1026 645 ίιι
1050 626 1115 645 non
1142 616 1236 652 vives,
1271 616 1327 645 sed
1358 616 1439 646 vivet
1471 618 1503 647 in
1529 622 1556 647 te
1578 619 1635 659 qui
1657 618 1760 647 cruci-

97 668 193 708 fiaeus
216 674 261 698 est
280 680 344 709 pro
367 673 403 698 te.
443 668 490 698 Eo
515 679 603 709 erqo,
626 667 740 709 inquit,
764 667 877 698 habita
903 678 940 698 ac
956 666 1086 707 fissum>
1111 678 1177 707 qua
1197 678 1261 707 pro
1286 667 1378 697 nobis
1404 669 1435 698 z'n
1456 668 1605 709 patibulo
1618 669 1692 709 fnit
1710 668 1761 699 ille

61 731 88 750 10
105 731 294 760 suspensus,
325 731 384 750 nos
414 730 537 761 quoque
569 730 695 750 necesse
725 724 769 749 est
799 720 834 750 in
858 719 921 749 hac
952 719 1017 748 vita
1050 719 1175 759 deffere,
1206 724 1240 748 ut
1277 718 1398 750 scilicet
1433 721 1609 751 secundum
1647 721 1761 752 Dauid

59 988 84 1007 15

59 1246 86 1264 20

57 1504 84 1523 25

58 1765 86 1784 :50

59 2023 86 2042 35

59 2281 86 2299 -ΙΓΙ

59 2565 87 2584 45

59 2838 86 2858 50

105 770 313 813 affliqentesh
342 771 381 802 de
411 772 522 802 timore
546 771 684 801 Domini
711 782 828 801 carnes
858 775 998 810 nostras,
1030 771 1201 800 uniuersas
1232 770 1411 801 voluntates
1435 783 1473 802 ac
1504 772 1670 802 desider-ia
1694 784 1759 802 ‘non

105 827 236 853 nostrae
259 823 543 863 concupiscentiae
567 823 758 862 servientia,
789 823 844 853 sed
873 822 1120 861 mortificationi
1151 823 1221 852 eius
1245 822 1422 852 habeamus
1447 823 1564 863 affiaea,
1611 823 1706 854 Unde
1731 829 1761 854 ct

105 874 335 905 monachorum
360 879 451 915 pater
474 873 691 904 Benedictus²
714 874 844 912 docens,
876 873 1038 915 quomodo
1063 879 1210 914 oporteat
1233 875 1454 905 renuntiantes
1478 875 1605 905 saeculo
1631 886 1761 906 conver-

105 926 169 956 sari
199 927 231 956 in
256 925 343 956 scola
366 925 466 956 divini
494 926 634 956 servitii:
667 925 891 964 Passionibus,
922 926 1035 967 inquit,
1070 925 1192 957 Christi
1212 936 1274 966 per
1294 927 1487 966 patientiam
1509 928 1761 968 participemur,

105 983 139 1008 ut
162 979 258 1019 regni
280 979 351 1008 eius
374 983 535 1008 consortes
558 989 624 1008 esse
647 989 838 1009 mereamur.
884 977 989 1018 Igitur
1012 976 1148 1016 cuculla,
1173 988 1254 1019 quae
1280 979 1385 1008 minor
1408 977 1487 1008 cella
1503 979 1763 1020 intei'pretatur³‚

106 1048 143 1052 ——
159 1035 256 1071 atque
275 1029 348 1060 ideo
373 1030 456 1060 sicut
479 1029 654 1060 monachus
678 1035 726 1060 est
749 1029 944 1060 vocabulum
970 1029 1133 1071 quoddam
1159 1030 1317 1070 mysterii,
1341 1031 1386 1060 sic
1409 1036 1439 1061 et
1463 1029 1586 1061 cuculla
1603 1036 1651 1061 est
1668 1041 1763 1072 quae-

104 1080 177 1110 dam
202 1081 304 1111 virtus
331 1082 536 1122 sacramenti,
565 1092 662 1123 super
692 1081 818 1123 qualem
851 1080 975 1112 scilicet
1004 1081 1203 1122 spiritualem
1234 1080 1379 1112 habitum
1412 1081 1529 1123 legitur
1559 1082 1691 1124 quidam
1722 1082 1762 1113 de

104 1133 223 1162 sanctis
248 1132 394 1174 patribus
418 1133 537 1164 vidisse
561 1133 695 1164 eandem
719 1134 869 1164 virtutem
896 1139 996 1173 stare,
1029 1143 1125 1174 quam
1156 1133 1236 1163 vidit
1266 1144 1362 1174 super
1392 1133 1589 1175 baptismum
1614 1139 1698 1164 stare
1723 1154 1761 1156 —

105 1183 231 1214 cuculla
253 1190 378 1224 autem,
411 1185 443 1215 id
475 1191 523 1216 est
553 1186 657 1215 minor
682 1184 774 1222 cella,
807 1184 923 1215 dieitur
954 1185 1051 1215 vestis
1083 1184 1242 1215 cucullata
1269 1190 1402 1227 propter
1426 1185 1603 1226 cucullum,
1635 1186 1690 1227 qui
1715 1191 1762 1217 est

103 1236 218 1277 capitis
243 1237 494 1278 operimentum3
518 1237 557 1267 de
582 1247 644 1279 quo
669 1237 715 1267 sic
739 1236 852 1267 scribit
875 1237 1030 1278 quidam*
1054 1236 1093 1267 de
1117 1237 1258 1278 antiquis
1284 1242 1467 1278 poetarum:

525 1289 683 1329 Tempora
710 1290 888 1320 »Santonico
914 1288 1000 1320 velas
1025 1289 1185 1329 adoperta
1207 1288 1344 1320 cucullo.

104 1339 210 1381 Igitur
232 1339 359 1371 cuculla
381 1346 428 1372 est
453 1341 561 1371 tunica
584 1341 693 1371 talaris
717 1347 747 1371 et
772 1340 931 1371 cucullata
953 1347 1050 1382 atque
1075 1340 1235 1371 manicata
1260 1340 1381 1371 habens
1407 1341 1547 1382 speciem
1573 1341 1678 1371 crucis
1707 1351 1764 1382 per

105 1397 255 1433 quattuor
278 1398 386 1433 partes
410 1398 579 1431 extensae,
611 1399 645 1422 ut
668 1403 755 1430 eum,
788 1393 841 1433 qui
873 1392 1047 1423 crucifixus
1071 1398 1119 1422 est
1142 1392 1279 1432 mundo,
1310 1391 1389 1422 haec
1421 1393 1580 1434 quadriga
1611 1404 1652 1423 ex
1676 1393 1762 1423 omni

103 1448 193 1484 parte
217 1443 387 1474 concludat
409 1451 504 1486 atque
529 1443 684 1485 perducat
707 1443 746 1474 ad
771 1443 938 1484 caelestia,
962 1443 1085 1475 scilicet
1110 1443 1297 1485 prudentia,
1322 1444 1460 1483 iustitia,
1488 1444 1642 1475 fortitudo
1666 1450 1762 1486 atque

103 1496 328 1537 temperantia,
352 1496 395 1526 ita
418 1500 452 1526 ut
476 1495 648 1537 prudentia
672 1495 838 1526 desursum
864 1495 1013 1537 copulata
1036 1497 1076 1526 sit
1100 1506 1173 1525 cum
1197 1496 1328 1534 iustitia,
1358 1506 1494 1537 quarum
1518 1502 1634 1527 neutra
1657 1502 1764 1537 potest

103 1558 174 1579 esse
190 1548 259 1578 sine
278 1547 388 1585 altera,
411 1547 493 1578 duae
511 1559 586 1578 vero
603 1547 792 1578 altrinsecus
811 1548 957 1585 virtutes⁷
982 1548 1014 1578 id
1031 1553 1078 1578 est
1094 1546 1247 1578 fortitudo
1264 1553 1360 1588 atque
1378 1548 1600 1588 temperantia,
1624 1548 1671 1578 sic
1689 1553 1763 1578 sunt

104 1604 259 1640 cognatae
275 1598 437 1640 prioribus
452 1605 549 1641 atque
569 1600 769 1640 coniunctae,
794 1605 837 1637 ut,
854 1598 929 1629 dum
949 1599 1084 1630 dextera
1101 1598 1266 1630 contendit
1282 1598 1531 1631 imbecillitatem
1550 1600 1761 1630 ‘infirmorum
1784 1606 1809 1623 ‘·
1844 1610 1860 1625 a*

105 1651 277 1690 sustinere,
301 1652 431 1682 sinistra
462 1657 705 1692 contemperata
728 1652 769 1682 sit
791 1656 822 1682 et
846 1650 998 1690 sollicita,
1023 1651 1185 1690 ordinem,
1209 1651 1341 1681 modum
1366 1658 1462 1693 atque
1485 1652 1761 1693 opportunitatem

105 1701 200 1733 rebus
223 1702 358 1743 singulis
382 1714 556 1734 reservare.
604 1702 694 1734 Haec
716 1703 809 1734 iuxta
832 1704 1023 1734 sententiam
1049 1702 1134 1734 beati
1159 1702 1374 1744 Hieronymi-⁵
1405 1708 1433 1734 et
1464 1708 1653 1734 ornamento
1686 1708 1763 1734 sunt

105 1759 134 1784 et
156 1755 397 1794 munimento⁰;
428 1766 490 1796 quo
520 1755 642 1785 scilicet
671 1755 787 1786 monili
809 1755 895 1786 nillil
919 1760 979 1795 est,
1010 1755 1130 1797 inquit,
1158 1756 1350 1796 pretiosius,
1381 1755 1466 1786 nihil
1497 1767 1534 1786 ea
1561 1767 1761 1797 9emmarwn.

106 1807 265 1837 varietate
288 1806 487 1847 distinctius,
511 1807 645 1848 quando
669 1818 708 1836 ex
732 1809 819 1837 omni
838 1812 933 1848 parte
956 1807 1135 1845 decoraris,
1160 1808 1305 1848 01'71987·2's
1329 1811 1424 1847 alque
1438 1808 1629 1848 protegeris.
1668 1806 1763 1837 Unde

106 1862 136 1888 et
158 1857 254 1888 docet
276 1856 356 1888 liber
378 1857 646 1897 Ecclesiasticus,
677 1859 847 1900 quoniam:
874 1858 1000 1889 Beatus
1023 1860 1084 1898 vir,
1107 1860 1165 1899 qui
1188 1859 1224 1889 in
1248 1859 1415 1899 sapientia
1439 1859 1631 1897 morabitur,
1655 1863 1682 1888 ct
1706 1859 1763 1899 qui

108 1910 143 1939 in
166 1910 296 1940 iustitia
318 1921 380 1940 sua
403 1911 615 1941 meditabitur
631 1916 658 1939 et
676 1912 709 1940 in
727 1922 823 1941 sensu
841 1911 995 1951 coyicabit
1011 1911 1329 1952 circumspectionem
1349 1910 1430 1948 Dez';
1455 1910 1589 1940 statuitd
1613 1909 1763 1940 casulam

107 1961 173 1991 sive
197 1961 353 1991 cucullam
380 1962 425 1991 ad
448 1974 566 1992 manus
591 1962 680 1992 [ttius
697 1967 725 1992 et
741 1962 877 1992 scatm'td
903 1963 999 1993 simul
1014 1961 1107 2001 ji'lios
1124 1973 1199 1992 suos
1215 1962 1272 1991 snb
1290 1962 1429 2001 teslmine
1447 1960 1547 1999 illius,
1572 1966 1604 1991 ut
1624 1962 1762 2002 requies-

107 2017 204 2043 cant⁰
228 2012 312 2043 bona
335 2025 396 2054 per
419 2025 531 2044 aevum
557 2015 592 2044 in
617 2014 732 2045 casula
756 2014 823 2044 sive
847 2014 878 2043 in
903 2013 1029 2044 cuculla
1051 2015 1131 2044 eius.
1171 2013 1263 2044 'Sicut
1286 2013 1369 2043 enim
1395 2012 1508 2044 scribit
1529 2012 1672 2043 Isidorus
1697 2013 1762 2054 epi-

107 2070 247 2105 scopus⁶
272 2065 303 2094 in
329 2064 409 2095 libro
433 2065 574 2096 XVIIII.
591 2065 888 2106 Etymologiarum:
919 2065 1040 2096 Casula
1062 2071 1108 2095 est
1131 2067 1226 2096 vestis
1252 2065 1433 2104 cucullata,
1462 2065 1551 2095 dicta
1577 2075 1639 2105 per
1669 2065 1762 2096 dimi-

108 2117 272 2147 nutionem
297 2128 316 2146 a
341 2128 436 2156 casa,
467 2128 501 2147 eo
531 2117 618 2158 quod
648 2122 745 2147 totum
776 2118 932 2148 hominem
964 2121 1051 2158 tegat
1074 2118 1171 2158 qnasi
1193 2118 1302 2147 ‘minor
1324 2127 1424 2155 casa;
1455 2117 1534 2147 inde
1563 2121 1590 2146 et
1622 2117 1761 2154 cuculla,

107 2167 227 2209 inquit,
259 2169 353 2209 quasi
382 2170 488 2199 ‘niinor
514 2169 604 2199 cella.
651 2168 771 2199 Scribit
800 2174 907 2199 autem
940 2168 1167 2198 monachorum
1201 2174 1294 2209 pater
1326 2167 1560 2198 Benedictus7:
1592 2167 1762 2208 Sufficere,

106 2219 272 2261 inquiens,
303 2221 464 2251 credimus
493 2221 662 2251 monachis
686 2232 750 2262 per
781 2219 929 2262 sinyulos
959 2220 1119 2251 cucullam
1151 2225 1179 2249 et
1207 2221 1353 2251 tunicam
1379 2224 1407 2251 et
1431 2220 1607 2260 scapulare
1629 2225 1762 2261 propter

106 2282 220 2311 opera.
259 2271 345 2302 Ecce
368 2272 472 2313 primo
496 2271 571 2302 facit
593 2272 774 2312 generalem
795 2282 894 2312 super
917 2276 1004 2302 veste
1021 2272 1170 2302 monachi
1189 2271 1448 2313 descriptionem,
1473 2282 1511 2302 ac
1534 2271 1650 2302 deinde
1668 2272 1763 2303 infert

106 2334 276 2354 numerum
301 2330 332 2354 et
355 2322 558 2365 qualitatem:
583 2323 718 2364 Sufficit
741 2325 837 2361 enim,
862 2323 996 2364 inquit⁸‚
1023 2323 1182 2354 monacho
1207 2324 1290 2354 duas
1314 2323 1462 2355 cucullas
1486 2323 1602 2353 hahere
1625 2329 1652 2353 ct
1676 2324 1761 2354 duas

107 2376 235 2406 tunicas
259 2381 398 2416 propter
428 2380 532 2406 noctes
562 2380 589 2405 ct
614 2380 753 2417 propter
781 2375 915 2406 laum-ef
946 2376 1041 2416 ipsas
1070 2387 1131 2406 res.
1177 2376 1302 2406 Tunica
1334 2376 1455 2417 quippe
1485 2386 1557 2405 cum
1590 2376 1631 2405 sit
1661 2376 1761 2406 vestis

107 2426 307 2458 diversarum
330 2426 523 2465 formarum,
547 2428 615 2458 sive
639 2427 734 2458 fuerit
756 2426 856 2467 linea,
888 2427 957 2458 sive
980 2426 1088 2466 lanea,
1118 2429 1185 2458 sive
1217 2427 1352 2469 pellicea
1379 2433 1475 2469 atque
1507 2426 1570 2457 alia
1601 2426 1761 2457 eiusmodi

108 2477 254 2519 plurima,
278 2478 330 2508 hic
354 2478 470 2509 dicitur
493 2483 579 2510 certe
603 2478 674 2509 talis
698 2479 818 2518 tunica,
842 2478 944 2521 qualis
967 2485 1015 2510 est
1039 2480 1183 2517 camisia,
1216 2490 1350 2520 quarum
1377 2479 1458 2510 duae
1482 2490 1499 2508 a
1524 2484 1633 2509 sancto
1658 2479 1759 2509 Bene-

217 2562 243 2592 a)
266 2561 340 2585 cuius
361 2560 431 2586 Cass.
496 2561 524 2586 bl
547 2561 697 2593 adfigentes
719 2561 790 2586 Cass.
856 2567 881 2587 c)
903 2562 1025 2585 tutamini
1047 2561 1123 2586 Hier.
1190 2562 1217 2590 d)
1239 2566 1337 2586 statuet
1358 2561 1432 2594 Vuly.
1502 2562 1525 2591 e)
1549 2564 1574 2584 ct
1595 2562 1761 2593 requiescent

115 2605 189 2639 Vulq.
264 2607 288 2638 f)
312 2611 338 2631 et
359 2607 423 2631 add.
446 2609 468 2632 l.

216 2682 244 2714 1)
274 2681 319 2706 De
349 2682 434 2707 instit.
467 2682 578 2708 coenob.
608 2681 666 2714 IV,
698 2691 721 2708 c.
747 2682 798 2713 34,
831 2683 874 2708 ed.
905 2682 1067 2716 Petschenig
1095 2682 1124 2714 1,
1151 2691 1183 2716 p.
1209 2682 1257 2709 w.
1382 2682 1411 2715 2)
1442 2682 1547 2708 Bened.
1578 2682 1648 2715 Περ.
1674 2681 1759 2711 Prot,

106 2731 206 2765 Miyne
228 2732 336 2758 Patrol.
360 2733 471 2766 LXVI,
495 2733 546 2759 col.
573 2734 642 2759 218.
732 2734 761 2767 3)
787 2733 830 2766 Cf.
854 2733 935 2766 infra
960 2737 1015 2760 not.
1040 2734 1066 2760 6.
1152 2734 1181 2767 4)
1204 2734 1332 2760 Juvenal.
1357 2733 1435 2766 VIII,
1464 2734 1532 2759 145.
1616 2733 1644 2766 5)
1669 2733 1757 2765 Epist.

107 2784 145 2809 ad
167 2784 356 2818 Nepotianum
380 2787 394 2815 ξ
421 2785 466 2813 13.
491 2785 509 2811 l.
534 2785 552 2811 ἰ.
576 2785 627 2813 col.
653 2785 723 2811 266.
750 2786 819 2811 2⁴55.
916 2785 945 2820 6)
971 2786 1000 2812 C.
1027 2786 1075 2817 24,
1104 2785 1156 2819 17‚·
1182 2785 1273 2819 Opera
1299 2785 1350 2817 111⁷,
1372 2795 1403 2819 p.
1429 2785 1499 2811 458.
1598 2784 1628 2815 7)
1654 2784 1758 2808 lienosi.

108 2834 217 2869 Regula
240 2845 263 2862 c.
281 2836 330 2870 55,
355 2836 372 2861 l.
391 2836 408 2862 ι,
434 2836 485 2862 coi.
505 2836 573 2864 771.
663 2837 692 2870 s)
716 2836 789 2862 md.

1785 1854 1892 1873 Ilm-[14.

1785 1884 1805 1895 „s
1829 1884 1851 1895 or
1874 1886 1899 1895 „-
