2132 3067
290 1838 345 1858 ·r.8.

362 146 424 176 414
719 143 880 171 BENONIS
906 141 1159 174 ALIORUMQUE
1181 141 1452 168 CARDINALIUM
1475 141 1645 168 SCRIPTA.

364 237 487 279 quidem
506 234 871 276 92·ad11.Ravennutem³
890 231 1138 271 heresiarcham,
1155 231 1323 262 Romanae
1342 231 1517 261 aecclesiae
1531 231 1727 270 invasorem,
1745 242 1816 262 cum
1828 231 2005 268 Hsenrico]

366 299 447 328 resse,
471 287 609 317 eiusdem
633 284 859 326 perversitatis
881 284 997 324 capite,
1022 282 1060 312 ab
1083 282 1228 313 omnibus
1245 282 1418 313 aecclesiae
1441 281 1620 313 catholicae
1641 281 1788 313 membris
1813 282 1955 313 alienum
1978 287 2007 312 et

363 349 499 368 eaecomm
507 349 523 367 u
531 338 673 367 nia-atum
687 347 752 366 csse
765 345 936 366 censemus.
962 333 1109 364 Deindeb
1123 345 1174 364 eos
1183 339 1205 373 ⁰,
1222 335 1280 375 qui
1293 334 1405 373 armis,
1420 334 1576 374 pecunia,
1594 333 1728 363 consilio
1743 338 1799 364 aut
1813 333 2005 369 obedientia,

364 390 618 420 aecclesiasticos
640 388 780 418 maaeime
805 385 936 417 ordines
946 385 959 404 ‘¹
984 390 1041 415 aut
1065 385 1203 415 honores
1227 385 1266 415 ab
1291 385 1336 415 eis
1361 389 1419 414 aut
1441 396 1551 415 eorum
1571 384 1769 424 fautoribus
1801 384 2007 425 accipiendo,

363 452 469 471 eorum
496 440 660 481 nequitiae
684 437 897 469 aminiculum
922 437 1182 467 subministrant.
1228 436 1297 467 Hos
1321 437 1425 477 igitur
1438 434 1675 477 principaliter
1695 436 1915 467 anathematis
1938 437 2007 467 vin-

363 490 444 522 culis
468 492 697 531 astringentes,
722 490 756 519 in
780 489 877 519 tercio
901 487 1011 529 qradit
1037 489 1310 519 communicantes
1333 489 1379 518 eis
1403 493 1481 519 nose
1505 487 1635 529 quidem
1659 499 1723 518 non
1749 489 2008 519 eaecommunica-

366 554 433 572 nius
457 541 540 572 coss.
587 541 652 572 Sed
675 541 751 582 quia
777 541 843 581 ipsi
867 551 898 569 se
921 551 1027 569 eorum
1052 541 1275 570 communione
1298 540 1558 578 contaminantss',
1588 540 1624 569 in
1655 543 1801 569 nostram
1831 550 1882 570 eos
1909 540 2006 570 socie—

363 599 457 624 tatem
488 603 693 634 nequaquam
723 593 793 622 sine
820 591 1040 633 poenitentiae
1071 590 1192 621 ultione
1216 595 1243 621 et
1267 590 1467 621 absolutione
1498 591 1686 631 recipimus.
1732 590 1865 621 Sanctis
1887 591 2008 633 quippe

364 644 560 676 canonibus¹
587 648 716 674 cautum
742 648 876 680 constat,
907 646 951 680 ut,
982 643 1039 684 qui
1068 643 1356 672 excommunicatis
1380 643 1676 680 communicaverit,
1705 642 2007 673 eaecommunicetur.

364 696 475 737 Ipsius
505 700 610 725 tamen
640 695 858 735 poenitentiae
891 698 985 735 atque
1017 693 1229 724 absolutionis
1259 693 1369 724 modos
1400 705 1436 723 ea
1467 693 1688 724 moderatione
1712 692 1933 733 discrevimus,
1963 698 2008 733 ut,

364 748 555 789 quicumque
585 757 640 777 seu
671 746 866 787 iquorantia
897 756 951 776 seu
983 746 1096 776 timore
1127 756 1182 776 seu
1213 746 1400 776 necessitate
1432 745 1554 786 neqotii
1584 745 1778 786 cuiusquam
1800 745 1940 775 maaeimi
1961 745 2009 776 vel

366 800 504 830 maxime
527 799 707 828 necessarii
729 797 780 828 se*¹
805 798 962 836 convictu,
986 797 1194 835 salutatione,
1219 797 1372 834 oratione,
1397 796 1612 827 osculationei
1632 796 1914 836 contaminaverit,
1937 807 2009 827 cum

367 851 501 880 minoris
522 850 742 891 poenitentiae
767 849 1041 890 absolutionisque
1066 848 1229 879 medicina
1254 849 1417 879 societatis
1441 852 1573 878 nostrae
1598 847 1819 889 participium
1842 848 2010 878 sortiatur.

369 901 430 932 Eos
464 913 546 941 vero,
577 901 634 942 qui
665 905 722 931 aut
753 900 910 931 scienterk
941 905 997 930 aut
1028 899 1233 942 neqleqenter
1262 899 1452 938 inciderint,
1484 899 1542 930 sub
1573 910 1612 929 ea
1643 898 1790 930 volumus
1813 898 2010 941 disciplinae

364 953 549 983 cohercione
573 953 708 994 suscipi,
733 957 767 982 ut
790 953 925 983 caeteris
947 956 1049 983 metus
1072 952 1271 983 incuciatur.
1328 951 1430 982 Cuius
1453 951 1653 992 disciplinae
1677 951 1905 981 moderamina
1927 951 2012 993 quod

365 1005 409 1034 ad
433 1015 545 1034 curam
571 1004 778 1034 nostrarum¹
805 1008 938 1045 spectat,
963 1014 1022 1034 nos
1045 1008 1120 1034 tuae
1140 1003 1380 1044 providentiae,
1405 1008 1506 1044 prout
1529 1007 1675 1043 oportere
1698 1002 1832 1040 videris,
1851 1013 1915 1043 pro
1938 1007 2011 1033 tem-

360 1057 454 1097 poris
477 1061 503 1085 et
523 1067 743 1096 personarum
761 1056 1003 1096 competentiam
1024 1055 1191 1086 servanda
1207 1056 1443 1085 committimus.
1482 1054 1586 1085 Porro
1604 1053 1642 1085 de
1658 1054 1795 1094 clericis,
1819 1055 1876 1096 qui
1898 1054 1937 1086 ab
1960 1064 2012 1086 εω-

364 1108 610 1138 communicatis
626 1112 701 1137 sunt
717 1108 882 1148 episcopis
899 1107 1054 1144 ordinati,
1079 1106 1236 1137 necdumn
1253 1107 1443 1137 sententiam
1460 1106 1601 1145 fiaeimus
1609 1110 1632 1144 ⁰,
1657 1106 1738 1147 quia
1753 1105 1918 1147 generalis
1932 1104 2013 1136 mali

364 1160 550 1198 conta-(sium
581 1158 746 1200 generalis
776 1158 888 1189 sinodi
918 1163 963 1189 est
991 1159 1134 1189 cauterio
1163 1157 1422 1189 comburendum.
1480 1157 1570 1188 Tuae
1593 1162 1699 1187 tamen
1714 1156 1931 1198 fraternitati
1953 1157 2012 1188 hoc

366 1211 595 1252 respondemus
619 1210 664 1240 ad
682 1221 829 1252 presens,
860 1214 893 1239 ut
917 1209 957 1240 ab
981 1211 1278 1249 excommunicatis,
1309 1209 1472 1251 quondam
1504 1214 1609 1239 tamen
1637 1207 1816 1249 catholicis,
1847 1209 2012 1250 episcopis

365 1262 544 1301 ordinatip,
575 1262 605 1292 si
635 1262 763 1304 quidem
795 1261 926 1292 ordines
958 1263 1048 1302 ipsos
1079 1273 1144 1292 non
1175 1262 1362 1304 symoniace
1393 1265 1610 1302 acceperunt‘l
1633 1266 1661 1291 et
1683 1261 1713 1291 si
1735 1261 1902 1302 episcopos
1924 1261 2013 1302 ipsos

366 1325 428 1345 non
453 1314 655 1356 symoniacos
669 1314 782 1355 fuisse
805 1314 993 1352 constiterit,
1024 1313 1068 1343 ad
1092 1313 1148 1344 hoc
1170 1313 1200 1344 si
1223 1324 1333 1344 eorum
1356 1312 1540 1353 reliyiosior
1562 1314 1631 1343 vita
1642 1318 1664 1352 f,
1687 1312 1833 1343 doctrine
1854 1323 2010 1354 preroga-

364 1367 433 1397 tiva
455 1366 527 1396 visa
541 1365 650 1405 fuerit
671 1365 864 1405 promereri,
884 1366 1138 1407 poenitentiams
1163 1365 1344 1396 indictamS
1362 1375 1460 1406 quam
1477 1375 1655 1405 conyruam
1673 1363 1842 1402 ‹tamer-ist,
1865 1364 1900 1394 in
1916 1364 2011 1404 ipsis,

364 1428 444 1459 quos
476 1421 702 1458 acceperuntu,
732 1415 903 1447 ordinibus
933 1427 1065 1446 manere
1092 1418 1286 1458 permittas,·
1315 1415 1360 1446 ad
1388 1417 1574 1457 superiores
1604 1420 1709 1446 autem
1741 1415 1915 1446 ascendere
1945 1426 2011 1446 non

365 1469 582 1508 concedimus,
614 1469 682 1499 nisi
711 1469 885 1499 necessitas
916 1472 943 1498 ct
966 1467 1092 1499 utilitas
1115 1469 1261 1498 maaeima
1279 1467 1491 1509 flayitaverit
1515 1472 1542 1497 et
1568 1468 1715 1508 ipsorum
1741 1471 1858 1497 sancta
1881 1477 2011 1497 conver-

364 1521 449 1551 satio
467 1520 695 1562 promeruerit.
740 1519 780 1549 Et
805 1520 861 1550 hoc
885 1524 992 1550 tamen
1016 1521 1123 1561 ipsum
1147 1521 1263 1550 rarius
1280 1531 1349 1550 cum
1368 1519 1496 1550 cautela
1516 1520 1678 1560 precipua
1701 1524 1746 1550 est
1761 1517 2011 1549 concedendum.

367 1572 414 1601 De
442 1572 640 1612 presbiteris,
671 1571 831 1609 diaconis,
861 1571 1082 1611 subdiaconis,
1111 1572 1168 1614 qui
1196 1576 1270 1612 post
1301 1576 1465 1612 acceptum
1498 1570 1645 1601 ordinem
1674 1571 1710 1601 in
1740 1570 1852 1612 aliquo
1875 1569 2013 1601 crimine

364 1624 455 1664 lapsi
474 1623 618 1664 fuerint,
648 1623 713 1653 sive
742 1623 867 1664 palam,
897 1624 962 1654 sive
992 1622 1085 1661 clam,
1117 1627 1243 1654 constat
1272 1622 1398 1664 quidem
1423 1633 1584 1653 canonum
1611 1632 1753 1652 censura
1776 1621 1816 1652 ab
1839 1620 2010 1652 aecclesia-

365 1675 456 1705 sticis
493 1686 544 1705 eos
580 1673 699 1714 ‹ffficiis
730 1674 881 1705 inhiberi.
944 1674 1031 1705 Tuae
1064 1680 1194 1705 tamenv
1228 1674 1421 1705 discretioni
1451 1674 1744 1715 providentiaeque
1777 1673 2012 1713 committimus,

366 1731 474 1757 utrum
485 1732 504 1745 “”
530 1726 646 1767 aliqui,
677 1726 734 1767 qui
763 1731 870 1757 tamen
894 1727 1058 1767 ‘infamiae
1081 1727 1165 1757 notis
1189 1737 1253 1756 non
1277 1725 1412 1766 fuerint
1437 1726 1575 1766 aspersi,
1606 1725 1817 1756 necessitate¹
1839 1724 2012 1756 aecclesiae

369 1782 525 1819 urguente
548 1782 574 1808 et
601 1778 743 1818 ipsorum
767 1782 884 1808 sancta
908 1778 1152 1808 conversatione
1170 1782 1384 1818 promerente,
1409 1778 1443 1807 in
1467 1779 1537 1808 suis
1561 1776 1722 1819 gradibus
1745 1777 1939 1817 recuperari
1960 1775 2012 1807 de-

367 1829 469 1860 beant.
517 1829 586 1860 Hoc
609 1834 714 1860 autem
737 1829 913 1860 secundum
938 1829 1180 1871 indulyentiam
1203 1829 1300 1867 ⁸dico,
1324 1840 1389 1859 non
1413 1828 1589 1859 secundum
1612 1829 1798 1870 imperium,
1826 1832 1884 1858 utY
1905 1828 2012 1858 maior

369 1882 399 1911 in
426 1882 540 1911 vestris
560 1881 713 1921 partibus
737 1881 895 1911 habeatur
919 1882 1112 1921 auctoritas,
1135 1879 1229 1911 salva
1252 1885 1358 1911 tamen
1377 1881 1570 1911 auctoritate
1590 1891 1752 1911 canonum
1775 1884 1803 1911 et
1824 1883 2012 1910 sanctorum

364 1937 499 1972 patrum
529 1931 744 1963 decretalibus
777 1933 944 1963 instituti&
991 1932 1030 1963 Si
1061 1943 1151 1974 quem
1182 1943 1266 1971 vero,
1297 1932 1383 1974 quod
1413 1933 1506 1971 absit,
1539 1937 1595 1962 aut
1621 1936 1695 1973 post
1724 1936 1889 1972 acceptum
1913 1935 2010 1969 [autz

369 1988 442 2013 unte
467 1988 649 2024 acceptum]
673 1983 809 2024 ‹iffist'wss
836 1985 1008 2025 contigerit
1029 1985 1267 2026 peremptorio²³
1292 1985 1358 2015 sive
1388 1984 1468 2015 clam
1499 1984 1564 2014 sive
1589 1983 1705 2025 palam
1733 1987 1925 2024 occupatum
1949 1983 2011 2013 cri-

370 2036 452 2065 mine
477 2035 631 2073 inveniri,
663 2046 715 2066 eos
738 2036 887 2076 maoeime,
918 2037 975 2077 qui
1002 2036 1122 2067 mundo
1151 2036 1260 2066 adhuc
1287 2037 1411 2075 vivunt,
1441 2035 1480 2066 ab
1505 2036 1591 2066 omni
1613 2045 1666 2065 eos
1689 2034 1808 2066 altaris
1829 2034 2012 2066 ministerio

368 2091 615 2127 sequestramus.
662 2086 754 2117 Sicut
777 2088 860 2118 enim
881 2088 1106 2128 poenitentiab
1131 2098 1228 2129 ayere
1256 2098 1321 2118 non
1353 2086 1540 2118 conceditur
1563 2087 1715 2129 cuiquam
1739 2085 1940 2124 clericorum,
1963 2085 2012 2116 ita

369 2143 395 2167 et
417 2142 486 2178 post
508 2137 731 2178 penitudinem
758 2149 796 2168 ac
820 2139 1115 2170 reconciliationem
1139 2139 1224 2170 nulli
1246 2150 1398 2180 umquam
1423 2138 1507 2169 laico
1530 2138 1636 2169 liceat'
1657 2138 1809 2168 honorem
1839 2136 2011 2168 clericatus

369 2188 524 2229 adipisci,
557 2189 602 2219 vel
625 2188 740 2220 clerico
764 2189 808 2219 ad
832 2189 964 2221 altiores
987 2191 1119 2221 ordines
1140 2191 1336 2231 promoveri,
1367 2191 1457 2232 quia,
1489 2191 1638 2232 quamvis
1669 2190 1736 2220 sint
1758 2189 1912 2220 07117ιίηοο
1934 2199 2010 2219 con-

370 2241 500 2279 fassione
521 2240 682 2280 nmndati,
706 2240 798 2271 nulla
816 2246 921 2272 tamen
939 2242 1050 2273 debent
1065 2242 1283 2283 =qerendorum
1299 2247 1579 2273 sacramentorum
1596 2242 1813 2272 instrumenta
1837 2240 2012 2281 suscipere,

371 2292 426 2331 qui
449 2291 570 2321 (ludum
596 2303 675 2322 vasa
690 2292 822 2332 fuerint
844 2294 1008 2326 vitiorum,

481 2398 508 2413 n·
529 2391 729 2415 Ravennnntmn
753 2393 781 2421 l;
811 2393 1000 2417 renemiantem
1022 2394 1046 2417 2.
1150 2394 1177 2423 b)
1201 2393 1325 2418 Secundo
1348 2392 1384 2419 M.
1480 2395 1505 2423 c)
1525 2393 1596 2417 deest
1616 2392 1641 2417 2.
1737 2391 1764 2423 d)
1787 2400 1811 2416 0.
1832 2394 1877 2416 aut
1897 2390 1952 2415 deu.
1972 2389 2010 2414 Μ.

371 2438 394 2463 ··)
418 2444 465 2459 uos
490 2438 510 2459 l.
533 2438 556 2460 2¹.
660 2437 679 2468 s)
700 2437 770 2461 ‹lccst
792 2437 828 2461 M.
932 2444 961 2469 g)
983 2439 1179 2463 commaculant
1200 2439 1236 2464 M.
1341 2439 1367 2469 h)
1389 2447 1478 2464 eorum
1499 2447 1527 2464 se
1548 2446 1624 2463 conv.
1648 2437 1684 2462 M.
1787 2438 1805 2469 i)
1828 2436 1953 2462 osculove
1973 2435 2010 2460 M.

371 2482 397 2507 k>
421 2486 568 2513 spontance
592 2482 626 2506 M.
702 2482 723 2506 1)
746 2482 781 2506 ita
805 2484 826 2508 l.
848 2484 879 2508 2:
900 2484 932 2507 nd
954 2489 1026 2508 tuam
1047 2493 1068 2509 c.
1090 2493 1129 2516 sp.
1151 2485 1187 2509 M.
1261 2487 1297 2515 m)
1320 2486 1480 2518 compendia
1503 2487 1524 2509 1.
1548 2485 1578 2508 2.·
1599 2483 1778 2516 competentia
1798 2483 1836 2508 M.
1904 2482 1934 2515 u)
1954 2483 2010 2515 qui-

371 2527 428 2550 dem
451 2527 515 2552 add.
539 2527 574 2551 M.
662 2536 686 2551 ο»
710 2529 815 2552 ferimus
838 2528 874 2553 M.
962 2538 990 2562 p·
1013 2531 1048 2553 ita
1072 2532 1094 2555 l.
1117 2531 1147 2559 2,·
1168 2531 1304 2556 ordinatos
1326 2531 1362 2555 M.
1451 2533 1477 2563 q)
1498 2531 1651 2562 acceperint
1671 2529 1709 2554 M.
1794 2531 1815 2561 r)
1835 2538 1859 2554 v.
1881 2532 1908 2554 et
1927 2528 1952 2553 d.
1972 2527 2010 2553 ΑΙ.

370 2576 394 2599 s)
417 2574 453 2597 ita
477 2576 497 2597 l.
520 2574 550 2599 2:
571 2575 734 2605 poenitentia
755 2575 855 2598 indicta
876 2575 913 2598 M.
995 2580 1015 2602 t)
1037 2577 1133 2600 dixeris
1158 2579 1178 2601 1.
1264 2578 1291 2601 115
1313 2578 1463 2609 acceperint
1484 2576 1522 2601 M.
1605 2577 1632 2608 v)
1653 2576 1798 2600 canonicae
1819 2575 1843 2600 2.
1927 2574 1964 2606 w)
1985 2582 2010 2598 u.

371 2629 459 2644 eorum
481 2628 505 2644 u.
527 2619 563 2643 M.
653 2628 677 2643 xr
702 2621 853 2644 nvi-essitnti
879 2622 899 2644 1.
994 2627 1022 2652 51
1044 2626 1070 2646 ut
1091 2628 1178 2647 vestra
1200 2632 1232 2646 m.
1250 2631 1274 2646 v.
1296 2624 1320 2647 in
1342 2631 1367 2655 p.
1388 2628 1480 2647 contra
1500 2622 1630 2648 hereticos
1651 2622 1674 2646 h.
1697 2625 1766 2646 auct.
1790 2620 1825 2646 M.
1918 2621 1944 2651 z)
1965 2623 2012 2645 aut

371 2670 432 2690 unte
453 2674 509 2690 nec.
530 2666 583 2690 des.
607 2667 628 2689 l.
652 2667 679 2695 ἲς
703 2666 786 2696 rrfwcpi
805 2675 836 2689 ca*
859 2667 893 2690 M.
969 2672 993 2693 a)
1017 2669 1133 2699 quolibet
1155 2677 1242 2693 eorum
1265 2670 1307 2701 qui
1329 2670 1354 2693 in
1376 2670 1433 2701 lege
1455 2674 1538 2693 morte
1559 2669 1702 2693 multantur
1722 2667 1786 2692 add.
1807 2666 1844 2692 M.
1923 2666 1952 2696 b)
1972 2666 2009 2690 ita

375 2714 396 2735 1.
418 2712 450 2739 ⁸2,-
470 2712 660 2744 poenitentium
683 2710 719 2735 M.
797 2716 819 2737 ι’]
845 2712 879 2735 ita
905 2713 931 2736 1.·
952 2715 1038 2737 omim-
1061 2715 1090 2743 ’3;
1112 2715 1181 2738 omni
1202 2719 1370 2746 peecatorum
1393 2714 1429 2740 M.

480 2802 505 2833 1)
531 2801 598 2827 Can.
623 2800 740 2834 apostol.
763 2801 807 2831 ll,
834 2800 931 2826 Mami
955 2802 976 2833 I.
1001 2803 1050 2827 col.
1070 2803 1116 2830 51,
1144 2803 1294 2828 IIinschius
1315 2812 1343 2836 Ι),
1363 2803 1410 2829 28.

2030 704 2056 723 10

2033 961 2058 980 15

2033 1221 2060 1240 20

2033 1477 2060 1497 2⁵

2031 1735 2059 1755 ³0

2031 1993 2058 2013 ³5

2030 2251 2058 2270 40

2029 2533 2057 2554 48

2029 2806 2057 2826 5⁰

2086 3036 2099 3067 '⁷⁸-
