2132 3067
173 253 320 277 esGen‚1,2.

175 305 251 324 Mutth.
260 305 280 329 5,
289 306 321 324 20.

175 593 227 616 Sap.
237 592 325 613 §.3212

224 623 245 642 8.
254 623 273 642 ⁴³.

176 918 271 937 cs-Rom.
280 918 324 942 5,3,

187 1425 251 1446 Rom.
263 1426 296 1450 Ν,
305 1426 326 1444 4.

246 1527 281 1553 ⁸p.
293 1529 328 1548 13.

220 1632 250 1652 ιι).
262 1633 296 1657 14,
307 1633 328 1652 s.

220 1685 250 1703 n».
264 1685 325 1709 14,4.

179 1942 187 1959 1
206 1941 324 1963 emnam.

221 1993 325 2018 ib.5,1‘2.

185 2102 248 2120 Rom.
260 2104 278 2121 ι’.
290 2102 326 2120 ¹27.

242 2301 315 2322 ib.‘.‘‚1

179 2405 213 2423 ΡΒ.
224 2406 271 2425 11⁸.
281 2406 287 2423 1
297 2407 328 2425 111.

343 150 407 180 290
803 152 991 178 WALRAMI
1015 152 1064 179 ET
1089 152 1291 181 HERRANDI
1314 153 1536 180 EPISTOLAE.

342 243 382 273 ab
408 243 492 272 omni
518 241 676 282 spirituali
701 245 732 272 te
757 241 1014 272 consideratione
1038 241 1187 273 inanem¹³¹
1211 248 1240 273 et
1264 253 1413 273 vacuum.
1453 241 1566 274 Nonne
1589 242 1714 274 beatius
1738 249 1786 274 est
1808 242 1889 274 bene
1907 243 1997 282 mori,

343 305 438 336 quam
464 292 545 323 male
570 291 702 323 vivere?
748 292 856 332 Beati,
879 293 974 332 enim,
999 294 1056 334 qui
1075 295 1330 334 persecutionem
1354 295 1535 335 patiuntur
1553 299 1690 336 propter
1712 295 1884 325 iustitiam.
1928 294 1996 325 Iam

344 350 375 376 ct
399 344 569 382 Neronem,
593 344 668 385 quia
691 343 845 385 apostolis
862 343 958 375 Petro
982 351 1013 375 et
1031 344 1142 385 Paulo,
1166 346 1228 376 iam
1254 352 1284 376 et
1309 344 1483 383 Herodem,
1507 347 1583 387 quia
1606 345 1725 377 Iacobo
1748 345 1906 387 apostolo,
1934 347 1996 376 iam

343 401 374 426 ct
400 394 547 433 Pilatum,
579 395 654 436 quia
682 395 814 426 domino
840 395 934 426 Ihesu
958 394 1086 426 Christo
1111 397 1371 438 supervixerunt,
1396 396 1507 428 beatos
1530 396 1706 428 aestimas?
1750 397 1823 436 Qua
1847 397 1998 438 opinione

344 446 421 489 quid
445 447 603 485 insanius,
635 446 712 488 quid
742 446 902 477 infelicius
932 447 995 478 diei
1020 448 1150 489 potest?
1195 450 1401 490 Quapropter
1424 454 1455 479 et
1477 448 1518 480 ab
1542 448 1601 479 hac
1625 447 1826 490 blasphemia
1855 448 1997 489 linguam

345 497 583 539 magniloquam
609 508 782 539 conpesce;
806 499 867 529 nisi
891 498 972 530 forte
996 500 1027 530 in
1052 510 1185 531 numero
1210 499 1334 530 illorum
1360 506 1390 530 te
1415 500 1595 539 constituis,
1621 501 1675 542 qui
1700 501 1732 530 in
1756 500 1818 531 fine
1842 501 1997 531 iustorum

344 550 491 580 videntes
515 549 668 590 gloriam,
699 560 801 581 seram
832 555 862 581 et
889 550 1121 581 infructuosam
1145 558 1278 592 agentes
1301 552 1546 592 poenitentiam,
1578 563 1654 593 prae
1685 552 1835 594 angustia
1865 551 1998 593 spiritus

346 607 512 642 gementes
536 601 660 632 dicent:
693 601 753 632 Hii
783 606 874 642 sunt,
904 613 983 644 quos
1015 603 1196 644 aliquando
1220 603 1392 634 habuimus
1417 604 1450 634 in
1474 603 1617 634 derisum
1641 608 1669 634 et
1691 604 1727 634 in
1750 603 1998 635 similitudinem

344 654 548 694 improperii.
594 653 662 683 Nos
685 654 848 684 insensati
871 655 970 685 vitam
993 653 1121 685 illorum
1147 655 1399 685 aestimabamus
1420 655 1590 686 insaniam
1613 659 1641 685 et
1656 654 1759 695 finem
1780 654 1912 686 illorum
1928 655 1999 685 sine

346 705 476 735 honore.
522 704 604 735 Ecce
627 706 784 746 quomodo
807 707 984 747 computati
1012 710 1089 737 sunt
1110 706 1303 746 interfiZiOS
1328 707 1406 747 Dei,
1435 711 1463 738 et
1494 708 1579 737 inter
1609 711 1740 738 sanctos
1770 717 1838 738 sors
1867 705 1998 737 illorum

346 757 415 786 est?
460 755 550 797 Erqo
573 757 759 787 erravimus
784 768 803 787 a
827 757 881 787 via
907 758 1063 797 veritatis,
1086 762 1113 788 et
1137 758 1184 788 sol
1206 758 1356 789 iustitiae
1379 770 1445 789 non
1462 757 1548 789 Zuaeit
1564 758 1663 790 nobis.
1712 757 1802 794 Quid
1817 757 1909 789 nobis
1922 768 1999 799 pro-

336 808 412 848 fuit
435 808 607 849 superbia,
636 813 663 838 et
694 809 887 839 divitiarum
918 810 1082 840 iactantia
1105 810 1185 851 quid
1208 809 1343 840 contulit
1367 810 1480 841 nohis?
1531 809 1750 841 Transierunt
1773 810 1883 841 omnia
1903 809 2000 841 velud

346 859 472 890 umbra.
519 859 610 898 Quae
641 870 698 890 nos
728 860 827 891 verba
856 860 887 890 in
912 861 1066 891 memoria
1089 860 1296 892 adamantina
1319 860 1510 899 scribente&
1545 872 1671 892 omnem
1697 860 1914 900 altitudinem,
1945 871 1999 892 ex-

346 909 507 941 tollentem
540 921 573 942 se
601 911 756 942 adversus
788 912 956 943 veritatem
984 912 1059 950 Dei,
1092 913 1366 954 contempnimus,
1396 918 1427 943 et
1457 912 1632 954 gloriantes
1663 914 1694 944 in
1726 911 1999 952 tribulationibus,

346 961 568 1003 calumpniari,
593 963 761 1004 proscribi,
786 964 1003 1002 exterminari,
1028 963 1168 1005 denique
1193 965 1294 995 occidi
1320 975 1501 1006 possumuS,
1524 964 1609 996 flecti
1633 964 1683 996 vel
1706 964 1791 995 vinci
1808 975 1870 995 non
1887 974 1999 1006 possu-

347 1024 432 1052 mus3
457 1019 488 1044 et
511 1024 581 1044 cuin
608 1025 724 1056 magno
749 1014 890 1056 tripudio
914 1014 1007 1053 illud,
1031 1015 1117 1057 quod
1141 1022 1174 1046 tu
1199 1027 1278 1057 puer
1300 1015 1505 1055 adolescens,
1530 1016 1654 1047 iuvenis
1678 1016 1900 1058 frequentans,
1922 1026 1999 1046 non—

346 1064 422 1095 dum
448 1065 544 1096 corde
568 1077 667 1096 senex
692 1067 883 1108 concepisti,
914 1067 952 1097 de
985 1067 1130 1108 patribus
1161 1068 1278 1098 nostris
1311 1067 1508 1108 exultamus,
1540 1069 1595 1110 qui
1625 1073 1888 1109 contempnentes
1911 1067 1997 1098 iussa

346 1117 526 1158 principum
552 1123 736 1148 meruerunt
760 1119 905 1159 praemia
926 1124 1065 1149 aeterna.
1113 1119 1213 1150 Porro
1236 1120 1414 1150 sententias
1437 1125 1508 1150 tuas
1530 1119 1677 1160 diligenti
1701 1119 1886 1150 curiositate
1910 1119 2000 1150 truti-

346 1175 470 1208 nantes,
495 1170 586 1210 quasi
609 1169 790 1210 spiritualia
813 1169 1033 1211 spiritualibus
1057 1181 1232 1212 conparare
1257 1170 1414 1202 volumus.
1461 1170 1524 1202 Sed
1542 1171 1624 1202 sicut
1640 1171 1695 1212 qui
1711 1170 1847 1202 fractam
1864 1169 2000 1202 testam*

345 1219 490 1261 glutinat,
515 1219 648 1250 lusimus
672 1231 813 1262 operam.
860 1221 908 1252 Ita
931 1223 1015 1252 enim
1041 1221 1085 1252 nil
1108 1221 1168 1254 sibi
1193 1223 1350 1264 congruit,
1374 1221 1418 1253 nil
1442 1232 1502 1264 par
1523 1228 1581 1263 est,
1604 1228 1640 1253 ut
1661 1232 1721 1253 nec
1743 1233 1801 1264 pes
1821 1232 1880 1253 nec
1896 1221 1998 1263 capud

347 1272 401 1302 uni
426 1271 580 1302 reddatur
602 1272 732 1304 formae.

1006 1316 1196 1357 Ampliat-(1¹
1222 1317 1323 1357 coepit

759 1366 914 1406 Institui;
940 1372 1088 1398 currente
1112 1372 1184 1399 rom
1208 1379 1267 1399 cur
1289 1379 1407 1398 urceus
1430 1367 1519 1399 exit?

347 1416 429 1447 Nam
455 1417 531 1458 quid
555 1417 596 1448 ad
620 1428 685 1447 rem
711 1419 857 1459 pertinet,
881 1418 966 1460 quod
990 1419 1021 1449 in
1045 1418 1132 1450 ealce
1157 1419 1368 1450 subiunxisti:
1399 1420 1447 1450 Tu
1471 1420 1544 1461 quis
1567 1429 1609 1459 es,
1633 1419 1838 1460 quiiudicas
1855 1418 1999 1450 alienum

347 1469 497 1499 servum?
554 1468 622 1499 Suo
657 1470 785 1501 domino
818 1475 882 1501 stat
917 1475 973 1501 aut
1007 1471 1119 1502 cadit!
1173 1470 1336 1514 Numquid
1372 1482 1429 1501 nos
1461 1471 1600 1512 aliquem
1637 1469 1676 1501 de
1709 1470 1911 1500 intensione⁶
1944 1476 2000 1500 aut

348 1520 536 1551 remissione
559 1520 669 1550 ieiunii
694 1522 762 1551 ‘aut
784 1520 823 1552 de
841 1521 994 1563 qualitate
1012 1521 1156 1553 ciborum
1178 1522 1386 1553 iudicamus?
1429 1522 1501 1553 Non
1519 1523 1578 1553 lioc
1600 1520 1796 1553 intellexisse
1817 1520 1999 1564 apostolum

347 1575 378 1602 et
401 1570 453 1601 illa
476 1572 634 1602 sententia
657 1572 848 1611 manifestat,
873 1584 954 1615 quae
978 1574 1152 1615 praecedit,
1175 1580 1206 1605 et
1229 1573 1292 1613 illa,
1315 1585 1397 1616 quae
1422 1575 1576 1616 sequitur.
1621 1573 1791 1605 Praecedit
1814 1573 1913 1604 enim:
1935 1572 2000 1609 Qui

347 1623 536 1660 manducat,
561 1634 626 1654 non
647 1624 900 1656 manducantem
917 1630 1071 1666 spernat;
1096 1631 1123 1657 et
1143 1628 1201 1668 qui
1218 1638 1281 1657 non
1300 1627 1490 1665 manducat,
1514 1627 1769 1657 manducantem
1784 1637 1850 1657 non
1867 1625 1998 1656 iudicet.

347 1675 503 1716 Sequitur
526 1681 650 1706 autem:
682 1675 729 1705 Tu
755 1677 828 1717 quis
851 1688 893 1716 es,
917 1678 974 1718 qui
998 1678 1129 1708 iudicas
1154 1678 1295 1709 alienum
1322 1679 1474 1708 servum?
1496 1689 1554 1709 suo
1577 1678 1708 1709 domino
1731 1682 1794 1708 stat
1818 1681 1876 1708 aut
1898 1677 1997 1708 cadit.

348 1726 458 1757 Potest
489 1727 572 1757 enim
605 1726 740 1768 quilibet
771 1727 982 1766 manducans,
1015 1740 1076 1759 non
1106 1729 1323 1767 manducans,
1355 1729 1516 1770 ieiunans,
1548 1740 1610 1760 non
1636 1729 1799 1769 ieiunans,
1830 1734 1914 1760 stare
1943 1733 1998 1759 aut

347 1778 473 1809 cadere.
521 1778 556 1808 In
588 1777 793 1809 liuiusinodi‘¹
824 1781 988 1811 temeritas
1019 1786 1049 1811 et
1080 1781 1258 1822 periculum
1292 1781 1404 1812 iudicii
1436 1786 1493 1811 est.
1540 1781 1576 1812 In
1604 1781 1736 1822 flagitiis
1763 1785 1869 1812 autem
1893 1778 1998 1810 nullus

347 1835 431 1860 stare
464 1835 549 1860 recte
581 1829 706 1861 dicitur.
752 1830 833 1861 Nam
866 1837 897 1862 ct
926 1832 958 1862 in
991 1833 1074 1863 furto
1103 1839 1134 1864 et
1165 1834 1196 1863 in
1228 1833 1397 1864 mendacio
1428 1838 1459 1864 et
1491 1832 1539 1863 his
1571 1832 1732 1863 similibus
1755 1832 1870 1864 cadere
1893 1831 1998 1874 quivis

347 1888 464 1923 potest,
496 1887 580 1912 stare
604 1892 665 1912 non
691 1888 805 1923 potest.
852 1882 1000 1914 Ceterum
1027 1885 1052 1914 si
1077 1884 1186 1914 iudicii
1211 1884 1362 1916 diseretio
1387 1883 1527 1915 tollenda
1555 1890 1618 1923 est,
1649 1883 1727 1926 quid
1751 1890 1814 1924 est,
1844 1882 1929 1926 quod
1954 1883 1999 1914 ait

346 1932 528 1974 apostolus:
553 1933 752 1975 Spiritualis
777 1939 883 1965 autem
907 1936 1069 1966 diiudicat
1094 1937 1215 1976 munia,
1240 1941 1267 1967 et
1292 1939 1360 1978 ipse
1385 1948 1405 1967 a
1429 1937 1556 1967 nemine
1571 1936 1753 1967 iudicatur.
1797 1934 1841 1966 Et
1855 1945 1994 1966 rursum:

349 1984 438 2020 Quid
462 1985 547 2016 enim
570 1986 670 2016 michi
692 1986 731 2016 (Ie
755 1986 805 2017 his
828 1987 1020 2028 quuesoris
1043 1993 1120 2018 sunt
1143 1988 1318 2019 indicare?
1364 1988 1482 2019 IVonve
1511 1987 1549 2018 de
1576 1987 1628 2019 his
1652 1989 1710 2030 qui
1731 1988 1822 2018 intus
1845 1991 1922 2018 sunt
1944 1998 1997 2018 vos

346 2037 526 2068 iudicatis?
573 2037 686 2067 Nonne
717 2037 879 2069 iudicandi
907 2038 1094 2080 qualitatem
1123 2046 1237 2070 natura
1261 2040 1331 2081 ipsa
1355 2039 1573 2079 commendat,
1605 2044 1640 2070 ut
1669 2038 1766 2080 paulo
1797 2039 1902 2070 minus
1931 2043 1994 2070 tam

347 2090 512 2130 proprium
538 2089 576 2119 sit
595 2089 714 2119 homini
732 2089 884 2126 iudicare,
910 2102 1005 2132 quam
1024 2090 1155 2122 vivere?
1198 2091 1373 2131 Iudicabit,
1396 2091 1500 2133 inquit
1516 2090 1691 2132 apostolus,
1715 2090 1802 2133 quod
1817 2101 1856 2121 ecc
1872 2095 1994 2121 natura

347 2146 391 2171 (est
412 2141 630 2182 praepucium
653 2141 749 2181 bessem
776 2153 982 2182 consumans,
1007 2148 1044 2183 te,
1069 2144 1126 2185 qui
1144 2154 1208 2184 per
1229 2143 1371 2174 litteram
1395 2148 1421 2174 e!
1445 2143 1723 2173 circumcisionem
1743 2143 1996 2184 praevaricator

346 2192 428 2233 leglis
452 2204 493 2222 es.
542 2192 584 2222 Ut
607 2198 714 2223 autem
741 2193 779 2223 (le
803 2193 1003 2234 sapientibus
1028 2201 1058 2226 et
1080 2195 1173 2226 iustis
1197 2201 1377 2233 taceamus,
1408 2194 1479 2236 quis
1502 2194 1636 2235 ydeota,
1667 2194 1740 2235 quis
1763 2204 1910 2236 paganus
1932 2204 1994 2224 non

348 2248 432 2273 recte
457 2243 602 2274 iudicat?
646 2243 726 2274 Nam
752 2245 822 2286 quis
846 2245 896 2276 fur
919 2246 1037 2276 furtum
1062 2258 1124 2277 non
1149 2245 1379 2288 reprehendit?
1424 2246 1505 2284 Quis
1535 2244 1674 2276 mendax
1705 2246 1906 2277 mendacium
1931 2244 1995 2276 lau—

325 2294 426 2324 .dat¹?
471 2295 550 2333 Quis
574 2295 699 2325 adulter
723 2296 753 2325 in
778 2307 878 2327 uxore
903 2308 959 2327 sua
988 2297 1181 2329 adulterium
1211 2309 1274 2329 non
1307 2297 1504 2329 detestatur?
1548 2297 1788 2329 Ineaecusabilis
1818 2308 1865 2337 οε,
1892 2296 1995 2339 inquit

348 2345 522 2386 apostolus,
548 2359 563 2375 υ
588 2348 676 2377 lwmo
701 2349 819 2387 onmis,
851 2350 906 2389 qui
931 2350 1083 2380 iudicas!
1127 2350 1167 2380 In
1199 2362 1261 2391 quo
1285 2351 1370 2381 enim
1395 2350 1532 2381 alterum
1554 2348 1702 2388 iudicas,
1733 2353 1761 2380 te
1789 2349 1899 2390 ipsum
1922 2359 1993 2380 con—

348 2397 516 2438 ‹lvmpwns2
563 2397 655 2428 l'nsle
680 2398 860 2439 psalmista:
886 2400 1184 2439 Pmtevaricumres,
1216 2402 1333 2444 inquit,
1364 2402 1516 2443 imputavi
1543 2412 1650 2432 omnes
1672 2405 1856 2442 peccatores
1878 2405 1994 2432 terrae.

349 2448 442 2478 Unde
468 2449 616 2479 nimirum
643 2456 702 2483 cst,
733 2451 819 2492 qnod
850 2452 945 2481 etiam
969 2453 1080 2482 amicis
1104 2453 1169 2483 suis
1192 2453 1304 2484 vitium
1330 2453 1492 2494 displicet,
1522 2453 1624 2483 virtus
1648 2452 1744 2482 etiam
1768 2451 1906 2482 inimicis
1929 2451 1996 2482 suis

347 2498 461 2540 placet.
508 2499 576 2530 Non
602 2512 677 2541 crgo
701 2501 881 2532 iudicamus
905 2503 1047 2544 aliquos,
1079 2505 1139 2534 nisi
1164 2515 1298 2546 quorum
1325 2510 1456 2546 peccata
1482 2503 1650 2534 manifesta
1673 2508 1749 2534 sunt
1770 2503 1996 2545 praecedentia

347 2550 387 2580 ad
413 2550 583 2585 indicium:
617 2563 750 2593 [piorum
783 2565 857 2583 vero
882 2555 1122 2597 subsequuntur
1145 2563 1175 2586 ct
1199 2555 1346 2586 occult-‘1⁰
1371 2561 1458 2595 sunt,
1491 2567 1553 2586 non
1584 2555 1777 2592 iudicamus,
1822 2553 1993 2594 Quomodo

347 2608 452 2633 autem
477 2603 681 2633 eonem-(liam
708 2603 815 2635 utilem
840 2606 956 2636 asseris
981 2617 1094 2647 regno,
1122 2606 1208 2649 quod
1233 2607 1353 2638 nullum
1379 2607 1451 2638 est?
1496 2607 1642 2648 Regnum
1667 2606 1788 2649 quippe
1812 2606 1904 2649 quasi
1928 2615 1991 2637 rec-

347 2659 413 2684 tum
439 2653 564 2685 (licitur.
610 2656 660 2685 An
685 2667 817 2695 regnum
843 2663 926 2687 reete
951 2657 1079 2696 dicitur,
1105 2657 1158 2688 ubi
1184 2660 1286 2689 omnis
1312 2659 1493 2690 innocentia
1517 2658 1650 2697 laborat,
1675 2658 1729 2690 ubi
1746 2668 1851 2700 neque
1866 2657 1993 2696 rationi,

459 2739 488 2765 ¹¹)
510 2739 594 2762 mnne'
614 2747 634 2763 C·
711 2740 735 2769 b)
759 2743 851 2764 tvstvffl
873 2749 892 2764 “-
970 2743 994 2767 c)
1018 2742 1053 2764 ira
1076 2751 1095 2766 r.
1173 2742 1199 2766 d)
1224 2743 1378 2767 vocabulum
1400 2743 1488 2767 deesse
1509 2743 1622 2769 videtur.
1699 2744 1723 2768 cl
1747 2742 1836 2767 oculta
1856 2751 1876 2766 c.

460 2809 485 2838 1)
509 2809 610 2835 Horat.
636 2810 666 2835 Λ.
692 2810 767 2837 Paos.
793 2811 831 2836 ‘22
854 2822 894 2845 sq.

2020 718 2048 737 1⁰

2021 976 2047 995 15

2019 1232 2046 1252 20

2018 1740 2045 1761 ³0

2016 1998 2044 2018 δῦ

2014 2256 2042 2276 (0

2013 2512 2042 2533 4⁶

2012 2820 2040 2840 5⁰
