2132 3067
35 777 62 796 1⁰

37 1034 62 1054 15

36 1293 63 1314 20

37 1550 63 1570 25

599 151 716 178 LIBER
738 151 790 178 DE
812 150 970 177 HONORE
993 149 1212 177 ECCLESIAE.
1670 146 1731 177 599

81 239 245 284 apostolus
268 239 394 271 dicens:
425 240 552 271 Pascite
575 241 633 281 qui
654 241 691 271 in
714 240 802 271 vobis
832 245 876 270 est
898 251 1024 281 yreqem
1050 239 1145 280 Deia,
1173 251 1245 270 cum
1269 240 1356 270 omni
1379 239 1601 270 sollicitudine
1619 240 1730 280 provi-

82 293 189 324 dentes
211 302 251 322 επ
275 293 395 331 animo,
426 302 491 322 non
515 292 624 333 turpis
646 291 734 322 lucri
760 292 883 333 9ratia.
929 290 1024 321 Unde
1049 291 1156 332 itaque
1186 296 1330 332 pascent,
1360 292 1384 321 si
1418 290 1503 332 quod
1533 290 1732 322 aecclesiaeb

82 348 130 376 est
152 353 215 374 non
239 341 426 374 habeantet>
469 341 631 373 Inclinent
657 342 765 384 itaque
793 342 840 373 his
863 343 982 372 sanctis
1007 342 1135 372 monitis
1158 353 1267 373 aurem
1293 352 1403 372 omnes
1426 342 1543 373 terreni
1567 342 1731 384 principes

82 400 112 427 et
132 405 197 426 non
220 393 323 425 solum
347 404 406 424 sua.
435 392 545 425 tollere
569 392 777 435 aliquomodo
801 397 931 425 sanctae
955 392 1128 424 aecclesiae
1152 393 1311 426 studeant.
1342 392 1398 424 sed
1423 394 1518 424 etiam
1544 394 1673 435 propria
1702 395 1731 425 ei

82 447 201 478 donare
231 445 391 476 fideliterd
422 450 545 483 curent,
584 450 620 475 ut
647 449 831 475 aetername
860 443 1039 475 mercedem
1075 443 1115 474 ab
1148 455 1185 475 eo
1213 445 1375 486 accipiant
1403 446 1457 486 qni
1485 445 1634 476 fidelibus
1665 446 1732 476 suis

81 497 246 540 promisit:
271 495 466 538 Centuplum
489 496 659 537 accipietis
682 501 711 526 et
732 496 833 526 vitam
857 501 1045 527 aetername
1066 496 1287 536 possidebitis

148 599 321 633 LXXIII.f
355 598 516 630 Nullum
549 599 842 640 episcoporum
873 597 1022 629 debere
1052 597 1227 639 aliquam
1258 598 1506 630 aecclesiam
1539 598 1659 630 laicis

816 648 1002 680 subdere.

186 711 328 754 Spiritus
356 711 459 742 sancti
488 711 573 742 dona
601 708 786 751 specialiter
813 710 845 740 in
869 709 1118 740 aecclesiasticis
1150 709 1266 740 officiis
1298 709 1498 751 praefulgere
1530 711 1734 742 manifestum

80 768 136 796 est.
169 763 258 795 Inter
281 773 363 805 quae
387 763 494 794 omnia
517 762 735 804 supereminet
758 761 952 803 episcopalis
977 761 1089 802 gratia.
1143 760 1233 800 Quae
1257 771 1320 792 non
1345 762 1530 792 inmissione
1548 773 1661 803 regum
1685 762 1735 794 vel

81 815 274 858 principum,
301 815 358 846 sed
382 814 538 845 electione
560 813 748 845 clericorum
781 818 812 844 et
836 813 992 854 petitione
1017 818 1095 843 seug
1118 812 1349 843 acclamatione
1375 814 1516 843 omnium
1542 813 1734 855 populorum

82 867 150 899 fieri
173 866 279 898 debet.
325 865 427 898 Cuius
458 865 624 897 electionis
651 864 805 896 iudicium
835 864 943 895 domni
973 863 1142 906 apostolici
1171 868 1202 894 et
1231 865 1299 894 eius
1323 865 1519 895 vicariorum
1550 876 1605 896 seu
1635 865 1735 896 archi-

82 919 308 960 episcoporum
331 919 377 949 ita
394 918 561 959 proprium
585 920 642 958 est,
667 921 701 948 ut
723 916 802 947 nulli
825 927 889 947 non
913 917 962 947 sui
987 915 1109 946 ordinis
1132 916 1200 946 viro
1225 915 1304 946 haec
1327 915 1502 946 concedere
1526 916 1589 946 ulla
1612 917 1735 947 ratione

83 969 231 1002 debeant.
288 969 350 1000 Pro
375 968 477 1001 salute
509 970 595 1000 enim
623 968 803 1000 animarum
838 979 969 999 suarum
994 967 1157 1009 principes
1187 966 1304 1008 eligere
1331 966 1564 1008 speculatorem
1598 967 1735 998 debenth

83 1022 139 1064 qui
165 1020 309 1063 gladium
338 1021 519 1053 venientem
551 1032 650 1062 super
678 1031 712 1052 se
739 1024 769 1052 et
798 1030 896 1062 super
925 1018 1082 1061 populum
1108 1018 1219 1050 videre
1251 1024 1281 1049 et
1311 1018 1505 1049 denunciare
1537 1018 1736 1060 praevaleatg

82 1075 166 1106 sicut
195 1079 227 1105 et
250 1073 354 1105 omnis
377 1073 518 1115 populus
546 1072 643 1103 debet
670 1083 735 1103 non
763 1083 823 1103 sua
851 1071 998 1113 potentia
1021 1069 1071 1101 vel
1095 1070 1286 1100 auctoritate
1316 1070 1347 1099 in
1377 1070 1565 1100 aecclesiam
1597 1069 1736 1111 aliquem

81 1125 296 1158 introducere.
345 1123 418 1156 Non
445 1125 529 1156 enim
563 1124 705 1166 Spiritus
735 1129 863 1155 sanctus
891 1122 986 1153 alicui
1015 1121 1118 1153 subici
1150 1126 1266 1163 potest,
1305 1126 1339 1152 ut
1378 1122 1407 1152 ei
1437 1121 1579 1163 spiritale
1618 1122 1735 1152 donum

81 1176 212 1218 tribuat,
236 1177 288 1208 cui
309 1177 462 1218 princeps
484 1177 642 1208 avaritiae
666 1176 812 1207 serviens
835 1179 868 1206 et
890 1174 1111 1205 sanctuarium
1135 1173 1198 1204 Dei
1224 1172 1401 1204 hereditate
1425 1173 1590 1214 possidere
1615 1173 1737 1205 deside-

82 1240 156 1261 rans
187 1239 246 1271 pro
274 1239 332 1260 suo
363 1232 396 1260 et
431 1238 496 1259 non
526 1239 584 1270 pro
613 1228 676 1259 Dei
707 1227 829 1259 honore
859 1224 1078 1268 praesulatum
1108 1224 1283 1256 aecclesiae
1312 1225 1513 1256 investiendo
1542 1225 1618 1256 dare
1649 1236 1737 1266 prae-

82 1281 266 1323 sumpserit.
311 1279 393 1310 Nam
418 1280 473 1322 qui
496 1279 557 1310 hoc
572 1284 673 1322 putat,
699 1278 819 1310 homini
843 1278 954 1319 utique
978 1276 1082 1308 subici
1108 1287 1202 1318 posse
1219 1281 1396 1307 creatorem
1422 1277 1561 1308 omnium
1582 1277 1736 1318 Spiritum

82 1337 227 1364 sanctum
258 1331 371 1371 eredit,
405 1331 491 1374 quod
519 1331 571 1362 vel
602 1331 788 1362 existimare
817 1329 997 1361 inauditum
1027 1327 1131 1359 scelus
1159 1329 1239 1367 esti,
1274 1334 1305 1359 et
1334 1328 1503 1360 Arriauam
1540 1329 1737 1370 impietatem

83 1383 283 1426 supergredi,
307 1389 343 1415 ut
366 1388 497 1414 sanctus
523 1382 672 1414 Urbanus
696 1388 803 1425 papa.¹
828 1381 953 1421 docetk,
978 1380 1183 1412 manifestum
1209 1385 1265 1411 est.
1311 1380 1382 1411 Non
1407 1380 1516 1422 itaque
1546 1380 1600 1411 tali
1626 1391 1737 1411 manus

82 1434 280 1478 imponenda
303 1434 384 1474 est¹¹‚
408 1434 475 1474 sed,
499 1435 560 1465 nisi
585 1446 625 1466 ex
646 1434 741 1465 corde
758 1434 964 1476 poenituerit,
988 1437 1120 1464 aeterna
1136 1431 1323 1473 dampnatio
1346 1432 1503 1463 inminere
1520 1432 1738 1473 praedicanda

83 1493 142 1519 est.
188 1486 374 1519 Ostendunt
395 1491 502 1517 autem
527 1490 559 1517 et
582 1486 683 1517 sancti
708 1484 967 1517 Calcedonenses
990 1490 1108 1526 patreS‚
1139 1483 1225 1526 quod
1249 1488 1387 1514 sanctem
1411 1489 1442 1514 et
1466 1494 1544 1525 pure
1569 1483 1739 1515 aecclesia-

83 1539 165 1570 stica
185 1538 356 1570 tractanda
378 1538 451 1578 sint,
475 1537 553 1568 dum
577 1538 704 1569 aiunt2:
730 1537 770 1568 Si
785 1539 859 1579 quis
883 1538 1055 1579 episcopus
1075 1547 1137 1577 per
1155 1535 1462 1577 pecuniamfecerit
1486 1535 1737 1575 ordinationem,

83 1595 111 1622 et
134 1591 193 1622 sub
205 1591 335 1633 pretio⁰
358 1590 521 1632 redegerit
535 1590 695 1632 yratiam,
719 1601 802 1631 quae
826 1600 891 1621 non
909 1593 1015 1630 potest
1038 1588 1147 1627 vendi,
1171 1587 1459 1628 ordinaveritquev
1479 1588 1738 1627 perpecuniasq

83 1643 293 1685 episcopum?
317 1646 376 1672 aut
395 1641 612 1683 presbiterum
641 1645 700 1672 aut
723 1641 934 1679 diaconum&
963 1641 1012 1672 vel
1035 1639 1203 1682 quemlibet
1226 1650 1265 1670 ew
1289 1639 1349 1678 his,
1381 1640 1437 1680 qui
1460 1643 1739 1670 connumerantur

83 1695 120 1726 in
143 1694 239 1734 clero,
268 1698 326 1724 aut
345 1694 546 1735 promoverit
564 1704 628 1734 per
646 1693 829 1734 pecuniast
855 1693 1113 1734 dispensatorem
1143 1696 1201 1722 aut
1223 1690 1434 1732 defensorem,
1466 1690 1510 1721 vel
1533 1701 1735 1731 quemqnam,

84 1747 143 1789 qm·
163 1745 326 1778 subiectus
349 1749 393 1776 est
416 1745 561 1787 regulae,
580 1755 645 1786 pro
669 1749 750 1775 suou
773 1745 960 1786 turpissimi
982 1744 1070 1774 lucri
1091 1743 1265 1783 commodo,
1290 1743 1329 1781 is,
1353 1742 1408 1772 cuz*
1430 1741 1488 1772 hoc
1511 1742 1738 1782 attemptanti*

37 1807 65 1828 80
81 1797 388 1840 probatumfuemt,
406 1797 545 1838 proprii
567 1796 696 1838 gradus
710 1795 861 1837 periculo
886 1795 1064 1834 subiaceat,
1089 1799 1116 1825 et
1140 1795 1197 1836 qui
1219 1794 1393 1825 ordinatus
1418 1798 1471 1832 est,
1496 1793 1598 1824 nichil
1622 1803 1660 1822 ea*
1677 1792 1738 1823 hac

38 2065 66 2086 ³⁶

41 2382 70 2401 40

43 2612 72 2632 45

85 1849 296 1881 ordinatione
317 1848 366 1879 vel
384 1849 600 1890 promotione,
623 1858 708 1890 quae
731 1852 777 1878 est
797 1858 859 1888 per
881 1848 1131 1889 negotiationem
1144 1846 1256 1887 facta,
1277 1845 1440 1886 proficiat,
1466 1844 1521 1874 sed
1544 1845 1585 1874 sit
1609 1843 1738 1874 alienus

86 1912 107 1932 a
138 1901 301 1942 dignitate
330 1900 379 1931 vel
407 1899 639 1938 sollicitudine,
674 1910 773 1941 quam
797 1899 951 1940 pecuniis
981 1899 1153 1941 quaesivit.
1200 1897 1238 1928 Si
1266 1897 1340 1939 quis
1370 1907 1442 1926 vero
1478 1896 1638 1926 mediator
1672 1900 1737 1925 tam

84 1952 237 1994 turpibus
271 1956 299 1983 et
325 1951 483 1993 nefandis
510 1951 599 1982 datis
628 1950 676 1982 vel
707 1951 849 1992 acceptis
877 1951 1029 1991 eoetiterit,
1063 1951 1093 1982 si
1124 1949 1253 1990 quidem
1287 1948 1424 1978 clericus
1447 1948 1567 1987 fuerit,
1595 1948 1738 1988 proprio

85 2004 197 2046 gradu
219 2003 370 2042 decidat;
393 2004 424 2034 si
446 2014 521 2034 vero
547 2003 656 2034 laicus
679 2007 738 2033 aut
758 2002 976 2041 monachu-3⁹⁷,
1001 2002 1302 2033 anathematizetur.
1348 1999 1383 2029 Si
1408 2000 1514 2040 itaque
1544 1999 1634 2029 iuxta
1659 1998 1739 2028 hocd

85 2060 294 2098 praeceptum
325 2053 424 2086 laicus
449 2054 619 2095 mediator,
652 2059 687 2085 ut
711 2053 924 2095 dispensator,
955 2053 988 2084 id
1013 2059 1061 2085 est
1091 2062 1265 2084 economus
1289 2050 1474 2089 aecclesiae,
1505 2061 1563 2092 per
1586 2051 1738 2091 pecunias

86 2105 262 2146 ordinetur,
286 2106 607 2138 anathematizandus
631 2110 696 2137 est:
727 2105 808 2137 laico
833 2106 985 2146 coactori,
1015 2110 1049 2136 ut
1073 2115 1199 2135 omnem
1224 2102 1414 2133 aecclesiam
1440 2112 1496 2132 suo
1529 2102 1587 2131 iuri
1615 2101 1741 2141 subdat,

87 2157 353 2190 consentiendum
378 2157 449 2190 est‘?
482 2157 647 2200 Numquid
672 2157 727 2200 qui
752 2157 793 2188 ab
816 2157 887 2199 ipso
911 2158 1136 2199 episcopatum
1153 2155 1315 2196 acceperit
1337 2153 1512 2185 sacrandus
1537 2154 1609 2184 est?
1647 2153 1740 2194 Nam,

88 2210 115 2242 si
137 2211 234 2242 etiam
258 2220 317 2252 pro
341 2209 440 2241 solius
456 2209 542 2240 Deir
566 2209 687 2241 honore
710 2209 770 2240 hoc
787 2210 975 2251 requireret,
1000 2210 1173 2249 impetrare
1191 2207 1321 2237 minime
1338 2205 1484 2243 deberem
1509 2206 1595 2246 quia,
1620 2210 1654 2235 ut
1676 2206 1739 2235 iam

88 2261 241 2303 diximus,
271 2261 358 2293 istud
388 2272 446 2292 suo
470 2261 575 2292 ordini
606 2272 813 2304 nequaquam
837 2261 1000 2302 competit.
1046 2259 1142 2299 Quod
1173 2259 1257 2289 enim
1283 2258 1412 2299 quidam
1437 2257 1548 2287 aiunt-³
1579 2256 1652 2287 ideo
1680 2256 1741 2287 hoc

200 2376 229 2408 a)
252 2377 364 2401 Domini
383 2375 410 2400 B
423 2377 446 2401 1.
560 2377 587 2408 b)
615 2380 655 2402 est
675 2377 739 2410 eccl.
761 2376 823 2401 ΒΞ.
936 2375 964 2405 e)
989 2383 1056 2399 corr.
1077 2382 1108 2398 cz
1128 2373 1228 2398 habent
1248 2372 1272 2396 B
1287 2372 1331 2402 ‘2⁸3
1361 2371 1427 2396 hant
1446 2371 1514 2401 Bl;
1545 2371 1644 2396 habent
1664 2369 1740 2396 Bab.

90 2422 119 2454 d)
139 2422 210 2448 decet
229 2422 290 2448 Ba.
386 2423 411 2454 e)
434 2426 516 2447 etern.
537 2422 563 2447 B
576 2425 599 2449 1.
693 2423 714 2453 f)
734 2421 826 2448 titulus
846 2423 918 2447 deest
937 2421 963 2445 B
977 2422 1000 2445 l.
1104 2420 1132 2451 g)
1156 2428 1176 2444 s.
1198 2419 1263 2443 accl.
1285 2426 1333 2443 om.
1356 2415 1434 2442 132¹».
1539 2417 1569 2448 h)
1590 2418 1662 2442 deest
1681 2417 1705 2442 B
1719 2420 1741 2442 l.

89 2468 111 2497 i)
130 2471 161 2494 ἔὲ
179 2467 242 2494 Bl.
317 2469 346 2500 k)
369 2468 408 2494 bis
427 2477 487 2499 scra,
506 2469 585 2494 semel
603 2469 655 2494 del.
675 2468 702 2493 B
716 2469 754 2493 1³.
829 2469 848 2500 l)
870 2468 903 2493 U.
924 2476 950 2500 p.
972 2467 1007 2491 ΙΙ.
1027 2466 1082 2491 des.
1104 2466 1163 2490 Ba.
1234 2464 1270 2495 m)
1293 2466 1402 2496 sanctae
1423 2463 1448 2488 B
1462 2464 1485 2488 l.
1552 2469 1582 2489 n»
1602 2464 1643 2488 Ex
1658 2477 1691 2482 —
1706 2464 1742 2488 11.

90 2514 145 2540 des.
165 2514 227 2539 132.
314 2516 342 2546 ο)
363 2516 453 2548 precio
473 2515 535 2540 132.
621 2517 651 2548 p)
672 2515 859 2547 ordinavitque
880 2511 956 2538 Bab.
1042 2512 1071 2544 q)
1092 2512 1233 2544 pecuniam
1253 2519 1312 2542 syn.
1396 2510 1418 2541 r)
1442 2511 1524 2542 episc.
1544 2514 1591 2535 aut
1609 2510 1664 2535 des.
1684 2519 1742 2542 syn.

90 2560 116 2592 s)
136 2561 277 2586 diaconem
291 2560 318 2585 Β
331 2563 353 2586 1.
411 2562 431 2592 t)
454 2564 501 2586 aut
521 2562 594 2592 add,
615 2561 662 2586 sed
681 2561 733 2587 del.
754 2561 830 2586 32³,
887 2564 915 2590 u)
938 2560 976 2584 sui
999 2558 1059 2582 Ba.
1118 2558 1144 2589 v)
1165 2557 1308 2589 atteptanti
1328 2556 1353 2580 Β
1368 2558 1392 2581 1.
1448 2558 1482 2587 w)
1504 2557 1583 2581 fuerit
1603 2556 1667 2581 add.
1682 2556 1742 2580 ΒΞ,

90 2608 119 2638 x)
137 2607 216 2632 Ratio
236 2607 303 2638 B13
322 2607 393 2632 deest
412 2607 473 2632 Ba.
548 2610 578 2640 y)
599 2608 662 2633 hou.
683 2608 734 2632 Dei
755 2607 780 2632 B
795 2608 819 2631 2.

200 2715 228 2749 1)
251 2715 356 2742 Locum
379 2723 433 2741 non
455 2716 558 2742 inveni.
637 2714 668 2749 2)
692 2715 722 2742 C.
741 2715 769 2743 2.
794 2723 827 2741 ea:
849 2714 976 2740 versione
998 2713 1120 2746 Dionys.
1143 2711 1267 2746 Eaeiyui;
1291 2710 1328 2744 cs.
1351 2710 1497 2738 Humbert.
1520 2710 1548 2743 l,
1574 2720 1596 2737 c.
1618 2710 1665 2743 18,
1689 2710 1707 2735 l.
1724 2710 1742 2738 l,

91 2766 208 2800 p.130.
243 2766 274 2794 S.
398 2766 428 2800 2)
458 2766 503 2800 Cf,
530 2766 693 2794 Orelzodoxa
724 2765 849 2799 defensio
873 2765 891 2792 l.
912 2765 930 2790 l.
949 2773 981 2798 p.
999 2764 1078 2797 5385
1107 2763 1144 2796 cf.
1163 2773 1196 2798 p.
1214 2763 1293 2796 540;
1326 2762 1407 2788 Wiclo
1438 2763 1554 2789 Ferrar.
1584 2761 1689 2787 Libelli
1718 2761 1740 2791 I,

88 2825 120 2851 p.
139 2817 216 2852 566,·
244 2817 282 2851 cf.
306 2819 416 2852 Kayser
435 2827 466 2852 p.
486 2818 533 2844 16.
565 2818 594 2844 V.
610 2817 692 2850 infra
715 2827 738 2845 c.
756 2817 805 2844 82.
825 2817 895 2843 118.
915 2815 983 2842 154.

1754 252 1772 270 1.
1782 251 1842 269 Perr.
1853 252 1872 274 5,
1883 252 1902 270 2Δ

1753 507 1831 526 Matth.
1844 507 1877 529 19.
1889 508 1923 527 2⁹.

1758 1385 1870 1410 Urbanil
1879 1394 1964 1418 papae
1974 1387 2007 1411 II.

1759 1543 1817 1566 Exn
1827 1543 1940 1567 concilio
1948 1543 2007 1567 Cal-

1758 1579 1908 1604 cedonense
1935 1588 1956 1604 c.
1972 1580 2007 1603 11.

1760 2005 1799 2027 Ex
1821 2005 1923 2028 ratione
1931 2008 1953 2027 ¹.
