2132 3067
560 135 803 162 ORTHODOXA
826 134 1014 162 DEFENSIO
1040 134 1272 163 IMPERIALIS.
1678 130 1740 160 535

90 225 162 267 Ipse
186 234 260 256 vero
284 224 450 266 piissimus
473 229 641 265 augustus,
673 224 699 254 si
730 224 761 254 in
785 223 892 265 aliquo
924 223 1060 265 deliquit
1083 223 1266 265 aliquando.
1297 224 1390 265 quasi
1413 223 1568 264 insipiens
1595 222 1698 253 factus
1722 233 1740 252 a

92 276 151 307 Dei
180 275 315 307 eclesiae
346 286 459 317 pacem
490 275 755 317 perturbantibus
788 276 884 305 nimis
917 281 964 305 est
996 280 1136 308 coactus.
1192 275 1279 305 Nam¹
1311 276 1363 305 lzic
1395 274 1575 316 Gregorius
1595 274 1739 315 facinus

88 329 192 358 dicere
209 327 337 357 videtur
353 326 441 367 quod
459 327 637 358 Heinricus
653 327 788 367 quintus
812 328 990 367 imperator
1007 328 1140 367 imperii
1162 338 1316 357 coronam
1340 326 1480 367 adeptus
1496 327 1528 357 in
1548 325 1739 356 Pas-chalem

87 390 212 420 papam
237 379 433 409 commisisse
455 384 627 409 narratur.

59 442 72 462 ι
195 429 286 464 Quae
302 441 374 460 cum
391 431 438 460 ita
455 431 532 469 sint,
548 429 752 469 aestatefere
769 440 799 459 α.
812 429 902 459 1111.
928 428 1159 468 Defensionem
1173 430 1390 469 conscriptam
1405 440 1471 459 esse
1487 429 1706 460 contenderim
1717 434 1738 468 ¹,

83 482 275 524 praesertim
299 492 369 511 cum
395 480 553 511 Placidus
576 480 849 519 Nonantulanus,
878 480 935 520 qui
956 479 1095 510 libellum
1120 491 1215 510 suum
1244 485 1379 510 eaeeunte
1402 491 1491 510 anno
1519 481 1606 511 1111.
1631 482 1736 520 scrip-

88 533 166 563 sisse
190 531 318 562 videtur
328 537 350 571 ²,
374 530 530 573 Gregorii
553 530 708 572 opusculo
734 532 800 561 iam
825 542 904 561 usus
926 531 978 561 sit.

193 583 310 613 Exstat
331 582 524 614 Orthodooea
541 582 686 622 defensio
706 583 889 622 imperialis
907 583 943 612 in
961 583 1059 612 unico
1076 582 1185 613 codice
1204 581 1277 613 Cas
1289 584 1513 613 nantensis
1530 582 1738 614 bibliothecae

91 634 198 672 DIII,
223 635 272 674 16,
297 633 491 674 chart.fol.,
514 645 598 664 saec.
622 633 692 673 XV,
706 633 771 674 fol.
798 633 925 673 1—10‚
957 635 1014 674 qui
1043 645 1109 663 non
1133 633 1235 664 solum
1259 633 1483 674 negleyeniius
1513 639 1556 664 est
1584 635 1738 674 scriptus,

43 699 68 718 ιο
88 686 143 718 sed
166 687 261 716 etiam
285 686 428 716 lacunas
451 691 479 716 et
494 685 696 727 yravissima
717 697 801 726 prae
824 684 935 725 sefer!
958 685 1088 724 menda,
1112 696 1196 726 quae
1211 686 1347 726 saepius
1363 686 1559 716 coniecturis
1575 687 1739 726 corriyere

87 739 198 768 conati
219 748 342 768 sumne.
387 737 440 767 Ex
463 737 570 768 eodem
594 737 702 767 codice
725 737 793 767 iam
817 740 892 766 ante
916 747 1025 766 novem
1052 747 1157 766 annos
1180 736 1372 776 opusculum
1396 737 1499 767 edidit
1517 737 1541 766 I.
1560 736 1679 778 Giorqi
1703 737 1737 767 ἰη

87 789 254 820 ‘Archivio
284 789 370 820 della
399 789 517 819 sot-ieta
548 788 710 819 Romana'
741 787 786 825 H,
812 799 848 828 p.
871 787 1065 825 456—473,
1100 788 1195 818 cuius
1229 787 1380 818 lectiones
1411 792 1468 818 aut
1498 788 1738 818 emendationes

89 841 249 872 interdum
274 840 434 871 adnotare
457 839 563 880 libuit,
585 840 681 870 litera
707 838 736 869 G
759 840 922 881 signatas.
968 838 1018 869 De
1042 839 1151 870 codice
1175 839 1215 880 cf.
1241 839 1403 869 Decretal.
1428 839 1663 870 Pseudo-[sid.
1689 839 1736 870 ed.

86 892 271 923 Hinscbius
291 902 327 932 p.
344 901 446 922 xxxzx.

43 964 68 984 15
191 951 409 992 Berolini,
431 963 537 983 mense
560 951 741 982 Februario
767 951 856 982 1888.
1187 951 1222 982 L.
1248 951 1314 981 DE
1336 951 1631 982 HEINEJIANN.

329 1096 522 1133 INCIPIT
550 1096 877 1133 ORTHODOXA
904 1095 1160 1133 DEFENSIO
1188 1095 1493 1132 IMPERIALIS.

193 1166 220 1196 1.
255 1165 435 1196 Peritorum
459 1170 507 1195 est
531 1164 730 1196 consuetudo
754 1164 955 1195 medicorum
979 1165 1019 1195 ad
1045 1175 1156 1195 omnes
1175 1164 1373 1205 egritudines
1391 1163 1537 1194 diversas
1556 1163 1670 1194 herbas
1688 1163 1736 1194 vel

86 1217 208 1258 species
237 1227 254 1247 e
283 1217 407 1258 campis
435 1216 571 1258 allisque
596 1216 763 1247 elementis
793 1216 955 1258 colligere,
987 1217 1214 1257 confectasque
1244 1215 1407 1247 salutifera
1432 1214 1565 1256 singulis
1594 1214 1738 1245 antidota

86 1267 236 1299 tribuere.
282 1268 331 1298 Ita
362 1279 438 1298 sane
469 1268 682 1309 prudentibus
714 1268 876 1308 agendum
909 1275 956 1299 est
980 1269 1069 1307 viris,
1102 1274 1136 1299 ut
1166 1267 1205 1298 ad
1238 1268 1379 1297 omnium
1410 1278 1523 1297 causas
1548 1268 1737 1297 varietatum

3 1312 6 1314 .
39 1332 66 1352 2⁰
86 1323 267 1350 sanctorum
292 1321 500 1351 auctoritates
524 1326 649 1361 patrum
676 1320 912 1362 perquirantur,
945 1325 976 1350 et
1010 1320 1100 1350 iuxta
1129 1319 1214 1361 quod
1245 1319 1308 1360 ipsi
1340 1325 1475 1360 egerunt
1506 1324 1536 1348 et
1561 1318 1739 1349 docuerunt

85 1369 210 1402 illorum
229 1370 379 1413 exempla
398 1373 465 1402 sine
482 1371 656 1402 offensione
673 1377 856 1413 sequantur.
904 1371 1007 1402 Huius
1031 1373 1075 1402 rei
1092 1371 1196 1412 gratia
1218 1382 1275 1401 nos
1293 1370 1432 1411 calogeri
1444 1376 1454 1391 ³
1479 1370 1590 1400 divino
1607 1381 1738 1400 munere

88 1422 171 1452 baud
195 1423 298 1463 ignari
324 1422 472 1454 eenobiia
495 1423 706 1464 plurimorum
732 1423 905 1453 sententias
926 1422 1157 1453 catholicorum
1178 1423 1320 1464 pariterb
1345 1421 1532 1462 collegimus
1557 1429 1586 1453 et
1609 1421 1737 1464 quibus-

85 1473 157 1504 dam
189 1473 425 1516 magniloquis⁰
456 1485 514 1505 nos
545 1473 862 1516 calumpniantibusd
890 1481 985 1516 atque
1014 1474 1188 1505 indiscrete
1215 1473 1515 1515 blasphemantibus
1546 1475 1577 1504 in
1609 1475 1738 1504 nomine

86 1525 217 1556 Domini
242 1537 299 1567 per
320 1537 374 1556 eos
398 1525 632 1557 rationabiliter
655 1525 850 1568 respondere
874 1527 1067 1557 curavimus.
1111 1526 1178 1568 Ipsi
1203 1527 1286 1557 enim
1305 1537 1362 1556 nos
1380 1532 1568 1557 execrantes
1585 1526 1739 1567 culpante

37 1589 65 1609 25
85 1582 116 1608 et
145 1577 286 1608 fatentur
315 1588 374 1608 nos
403 1582 495 1608 extra
525 1576 714 1609 catholicam
746 1577 894 1609 eclesiam
927 1589 1056 1609 manere
1087 1578 1241 1620 propterf
1271 1578 1510 1619 imperatoriam
1540 1577 1738 1615 fidelitatem,

85 1639 179 1670 quam
204 1629 381 1659 secundum
405 1636 644 1660 antecessorum
669 1628 856 1670 religionem
882 1635 1040 1661 cernunt&
1063 1641 1120 1660 nos
1144 1630 1327 1660 firmissime
1351 1640 1480 1670 semper
1502 1629 1684 1665 observare,
1708 1634 1739 1659 et

85 1681 161 1722 quia
183 1681 371 1722 imperatori
395 1686 584 1712 consuetum
609 1681 819 1722 debitumque
848 1680 1022 1712 deferimus
1050 1681 1214 1712 honorem.
1258 1681 1324 1712 Nos
1349 1682 1432 1711 enim
1458 1680 1536 1711 nulli
1565 1680 1736 1721 imperium

86 1731 233 1763 dedimus
256 1737 288 1763 et
302 1732 428 1763 auferre
445 1733 576 1763 minime
593 1732 737 1763 valemus
757 1743 816 1763 nec
833 1732 998 1764 debemus.
1045 1733 1219 1764 Contentih
1243 1733 1326 1764 enim
1345 1743 1455 1763 sumus
1479 1731 1527 1762 his
1552 1743 1613 1773 que
1631 1738 1738 1773 patres

85 1784 182 1814 nostri
211 1789 432 1825 portaverunt,
463 1790 495 1816 et
523 1785 556 1815 in
588 1783 635 1814 his
665 1795 832 1825 speramus
860 1784 991 1823 salvarig
1023 1785 1200 1815 doctrinam
1231 1795 1359 1826 quoque
1391 1784 1512 1813 domini
1541 1784 1640 1813 nostri
1666 1783 1738 1813 lesu

37 1847 63 1867 so
86 1834 203 1866 Christi
227 1835 382 1877 apostolis
405 1836 555 1867 traditam
581 1847 679 1877 super
702 1835 762 1866 hoc
784 1837 959 1866 retinemus
984 1843 1015 1867 et
1039 1836 1106 1867 eius
1131 1835 1281 1867 eclesiam
1306 1835 1412 1877 capite
1437 1834 1654 1876 membrisque
1678 1834 1738 1864 sin-

84 1885 168 1927 gulis
191 1886 232 1918 ab
257 1898 294 1918 eo
318 1892 480 1929 comptam
510 1892 542 1918 et
570 1888 691 1918 unitam
717 1887 802 1918 absit
825 1894 859 1918 ut
882 1889 914 1918 in
939 1887 1066 1929 aliquoi
1094 1887 1351 1918 dehonestemus.
1398 1887 1433 1917 ln
1458 1885 1634 1928 primordio
1661 1896 1736 1916 vero

87 1938 178 1969 huius
198 1939 392 1970 narrationis
415 1944 609 1980 oportunum
634 1939 828 1969 arbitramur
844 1939 1083 1980 presumptivas
1108 1949 1215 1970 eorum
1241 1939 1400 1969 novitates
1425 1939 1493 1968 sive
1517 1937 1737 1968 subrectiones

85 1989 300 2029 introducere,
324 1996 357 2021 ut
380 1991 530 2022 omnibus
552 1991 692 2021 seriatim
718 1991 972 2031 respondeamus
989 1989 1155 2021 catholice.
1202 1990 1360 2021 fatentur
1377 1990 1473 2028 enim,
1499 1988 1584 2031 quod
1601 2000 1734 2030 regnum

86 2048 116 2072 et
141 2042 336 2084 imperiumk
366 2042 552 2083 fastigiuml
585 2043 617 2072 in
648 2046 759 2072 sancta
787 2042 902 2072 eclesia
932 2041 1053 2071 nullum
1086 2042 1214 2072 omnino
1243 2041 1442 2072 celsitudinis
1473 2041 1591 2071 habeat
1619 2039 1734 2078 locum,

39 2105 66 2125 ιε
87 2104 145 2124 nec
175 2094 207 2123 in
239 2093 399 2135 pontificis
428 2092 582 2124 electione
612 2094 824 2135 requirendus
855 2093 896 2123 sit
924 2093 993 2123 eius
1017 2104 1179 2132 assensus,
1211 2104 1269 2124 nec
1299 2093 1395 2124 alicui
1419 2092 1553 2123 eclesiae
1582 2091 1733 2134 pre—laton·

89 2144 235 2176 baculum
261 2144 312 2176 vel
336 2144 466 2175 anulum
493 2145 669 2176 secundum
694 2145 908 2175 auctenticam
927 2144 1194 2175 consuetudinem
1219 2155 1307 2176 more
1331 2145 1542 2175 investiturae
1567 2144 1605 2174 sit
1631 2143 1671 2174 ab
1697 2155 1734 2173 co

87 2196 339 2228 concedendurn.
385 2196 448 2228 Sed
478 2197 582 2239 primo
613 2197 754 2228 omnium
788 2196 955 2227 videamus
988 2201 1130 2227 sanctam
1163 2196 1312 2228 eclesiam
1347 2195 1465 2238 quibus
1495 2195 1652 2236 gradibus
1684 2195 1734 2226 vel

87 2248 298 2290 dignitatibus
328 2247 510 2290 quibusque
543 2254 667 2280 constet
696 2247 874 2279 ordinibus.
925 2248 1054 2279 Deinde
1082 2249 1398 2290 compaginationem
1429 2248 1544 2289 capitis
1576 2252 1607 2278 et
1638 2258 1734 2278 mem·

88 2299 216 2332 brorum
240 2301 308 2332 eius
331 2299 588 2331 indissolubilem
613 2300 832 2331 custodiamus
857 2299 1052 2341 diligentius.

40 2415 68 2434 ⁴⁰
197 2414 225 2446 a)
244 2414 423 2446 supplendum
442 2414 562 2440 videtur:
582 2415 719 2440 Farfensis
740 2415 770 2439 G.
835 2415 862 2445 b)
885 2418 989 2447 patrum
1007 2423 1114 2446 propos.
1137 2413 1243 2446 Gior9i‚·
1263 2422 1331 2445 quae
1352 2413 1498 2438 emendatio
1518 2413 1564 2437 vix
1584 2413 1734 2437 necessaria

87 2460 128 2486 nit.
185 2461 209 2492 c)
231 2461 409 2493 magniloquis
429 2469 497 2485 corr.
518 2461 708 2493 magniloquiis
729 2470 748 2485 c.
807 2461 834 2493 d)
855 2461 893 2485 ila
913 2469 980 2485 corr.
997 2469 1078 2485 manu
1100 2463 1195 2485 recent.
1217 2468 1249 2484 ea:
1269 2459 1404 2491 calumpn.
1425 2468 1446 2484 c.
1503 2460 1527 2490 e)
1551 2460 1692 2491 culpantur
1712 2468 1733 2484 c.

86 2507 109 2537 f)
127 2512 250 2539 proptem
270 2515 337 2532 cor-r.
352 2510 460 2539 propter
480 2516 501 2532 c.
558 2507 588 2540 g)
609 2502 676 2532 ceni*
691 2516 712 2532 c.
776 2507 805 2539 h)
826 2507 980 2539 Contempti
1001 2515 1021 2531 c.
1085 2507 1106 2530 i}
1127 2506 1271 2538 aliquando
1292 2514 1359 2530 corr.
1379 2514 1462 2530 mauu
1482 2514 1533 2530 rec.
1554 2506 1582 2529 in
1602 2506 1691 2538 aliquo
1712 2514 1733 2530 c.

87 2552 116 2582 k)
136 2553 352 2585 imperatorium?
371 2552 397 2578 S.
474 2553 495 2585 1)
515 2554 637 2586 fatigium
658 2563 679 2578 c.
756 2553 794 2584 m)
815 2553 852 2577 ita
872 2553 972 2578 emend.
994 2553 1043 2581 G.,-
1062 2552 1193 2584 prelatum
1214 2561 1234 2576 c.

196 2660 225 2694 1)
254 2659 375 2690 Quocum
399 2661 487 2694 facit,
518 2662 591 2696 quod
615 2661 770 2695 Gregorius
798 2670 827 2687 se
854 2661 927 2686 inter
958 2660 1102 2694 calogeros
1130 2659 1300 2691 monasterii,
1328 2660 1347 2686 i.
1372 2669 1395 2685 e.
1425 2659 1573 2685 monachos
1601 2659 1732 2689 sem'ore-‚

41 2717 70 2737 4⁵
88 2715 218 2745 numeret,
247 2712 350 2746 quippe
378 2713 427 2746 qui
455 2721 482 2738 a.
505 2713 594 2738 1112.
622 2712 878 2747 quinquagesimum
907 2721 1009 2737 annum
1037 2715 1141 2745 aqeret.
1257 2711 1287 2745 2)
1312 2710 1378 2737 Vide
1400 2710 1479 2743 iufra
1499 2720 1530 2744 p.
1549 2710 1618 2736 566.
1666 2709 1731 2736 Cum

89 2765 181 2788 nostro
203 2763 309 2789 iudicio
339 2765 471 2790 consentit
492 2765 612 2798 Kayser,
637 2764 780 2790 ‘Placidus
804 2773 855 2790 von
878 2763 1060 2789 Nonantttla:
1085 2763 1132 2788 De
1153 2762 1256 2788 honore
1280 2763 1422 2790 ecclesiae.
1468 2763 1523 2788 Ez'n
1544 2762 1663 2795 Beicray
1685 2770 1733 2786 zar

90 2814 251 2841 Geschichle
272 2815 319 2841 des
343 2815 604 2849 Investiturstreits’‚
628 2816 724 2842 Kieler
744 2815 824 2842 Diss.
846 2814 934 2847 1888,
953 2823 986 2848 p.
1003 2814 1053 2841 41.
1141 2814 1171 2843 3)
1194 2814 1224 2841 V.
1249 2823 1275 2840 η.
1299 2815 1324 2841 1.
