2132 3067
266 599 329 618 1073,

244 630 296 653 Apr.
309 629 343 647 ⁴22.

285 1286 347 1305 1076.

286 1700 349 1719 ΜΗ.

363 157 426 188 370
722 155 885 184 BENONIS
909 153 1166 185 ALIORUMQUE
1188 150 1462 179 CARDINALIUM
1485 149 1656 178 SCRIPTA.

362 249 498 285 vocavit,
530 252 559 277 et
583 245 686 277 turbis
709 244 863 274 laicorum
889 243 1120 284 constipatus²‚
1150 240 1411 273 sacramentumb
1435 238 1475 270 ab
1498 239 1578 280 ipsis
1601 239 1764 281 episeopis
1787 249 1860 270 eum
1890 245 2011 271 terrore

362 306 393 330 et
418 299 510 329 minis
534 297 644 337 exegit
666 302 696 326 et
719 296 865 334 extorsit,
897 299 929 326 et
951 295 982 324 in
1008 304 1103 324 manu
1127 304 1185 324 sua
1209 293 1313 324 iurare
1337 291 1452 332 coegit,
1481 301 1521 321 ne
1545 301 1695 332 umquam
1726 290 1767 322 ab
1797 301 1834 322 eo
1861 290 2009 322 dissenti-

363 356 442 388 rent,
472 358 645 390 numquam
671 347 757 388 regis
782 356 911 377 eausam
936 345 1154 383 defenderent,
1183 353 1359 385 numquam
1384 341 1630 383 superordinato
1655 342 1716 374 sibi
1740 352 1845 384 papae
1868 341 2013 374 faverent

364 401 413 432 vcl
437 401 615 431 obedirent.
660 398 732 437 Quo
756 398 852 436 facto,
881 408 935 429 eos
960 408 1018 438 per
1041 397 1221 438 principem
1248 394 1487 426 salernitanum
1499 399 1537 415 Μ
1562 393 1595 424 in
1618 392 1828 435 Campaniam
1854 394 1950 435 misit,
1981 400 2013 425 et

363 454 408 483 sic
426 463 480 483 eos
503 463 521 481 a
545 450 712 481 consorcio
737 448 947 480 cardinalium
972 453 1003 479 et
1026 459 1045 478 a
1064 447 1210 478 Romana
1232 446 1312 478 urbe
1335 445 1506 487 separavit.
1545 444 1616 475 Non
1633 444 1735 476 solum
1752 446 1933 487 episcopos,
1956 445 2010 476 sed
2033 456 2046 475 5

363 505 458 535 etiam
491 502 579 533 urbis
610 501 805 542 presbiteros
829 506 860 531 et
884 499 1042 530 inferioris
1065 498 1187 530 ordinis
1210 497 1354 537 clericos,
1386 497 1519 538 insuper
1542 502 1573 527 et
1594 496 1692 527 laicos
1715 497 1925 528 iuramentis‘¹
1947 495 2009 528 alli-

364 555 462 596 gavit,
486 565 525 584 ne
549 552 612 583 ulla
635 553 768 590 ratione,
793 551 856 582 ullo
881 556 1035 592 tempore,
1059 549 1353 581 condescenderent
1375 549 1407 579 in
1431 559 1528 579 causa
1551 548 1647 589 regis.

469 606 498 636 2.
544 603 730 635 Alexandro
754 614 839 644 papa
862 603 954 633 iuxta
977 602 1194 643 vespertinam
1220 600 1330 631 horam
1347 599 1508 639 defuneto,
1531 599 1643 631 eadem
1661 600 1712 631 die
1736 606 1773 631 ae
1797 600 1887 632 laicis
1903 606 2013 632 contra

365 668 504 688 canones
528 655 647 687 electus
672 660 750 686 est².
796 653 860 685 sed
885 653 1063 685 cardinales
1087 664 1151 683 non
1175 651 1439 693 subscripserunt
1455 652 1485 681 in
1503 651 1661 683 electione
1678 652 1785 683 eius³:
1810 651 1870 683 sub
1887 651 2015 683 anathe-

367 714 449 739 mate
479 708 562 738 enim
594 717 732 737 canones
756 706 940 747 precipiunt
970 704 1128 736 neminem
1159 703 1234 745 eligi
1266 704 1297 734 in
1329 702 1438 734 sedem
1464 703 1599 734 Romani
1631 704 1794 745 pontificis
1825 708 1898 734 ante
1928 703 2012 734 diem
2037 713 2063 732 ιο

365 760 497 791 tercium
525 764 595 800 post
618 757 811 799 sepulturam
838 757 941 798 ipsius
965 755 1235 798 predecessoris&
1281 754 1455 796 Postquam
1479 754 1608 786 aliunde
1632 755 1787 796 ascendit,
1818 765 1837 785 a.
1860 755 2016 786 eonsilios

365 811 502 843 removit
525 809 705 841 cardinales
730 820 840 839 sacrae
864 808 959 842 sedis,
1005 807 1087 839 Cum
1120 807 1237 848 quibus
1266 807 1410 848 personis
1434 806 1569 837 consilia
1592 817 1650 837 sua
1674 806 1788 838 diebus
1811 812 1843 838 et
1865 807 2015 838 noctibus

367 863 487 901 habuit,
519 862 621 892 Roma
644 860 726 891 vidit
749 867 779 891 et
803 860 936 891 audivit.
981 859 1102 890 Eiectis
1126 869 1145 888 a
1168 857 1302 888 consilio
1333 864 1364 889 et
1387 869 1405 888 a
1433 858 1579 890 custodia
1601 859 1669 889 eius
1693 857 1921 900 cardinalibus,
1951 859 2017 890 vita

365 916 433 946 eius
464 919 495 945 et
517 913 598 944 fides
621 917 652 943 et
676 911 821 942 doctrina
853 912 921 942 sinc
952 910 1090 942 testibus
1114 909 1188 940 fuit:
1220 920 1292 940 cum
1321 911 1405 941 sacri
1430 920 1569 941 canones
1595 911 1785 952 precipiam,
1815 916 1850 942 ut
1871 911 1904 941 in
1930 910 2014 941 omni

365 967 436 998 loco
460 972 523 997 tres
547 963 725 995 cardinales
750 963 923 1005 presbiteri
947 969 978 993 et
1001 962 1064 993 duo
1089 961 1216 993 diaconi
1236 972 1354 1003 papam
1377 972 1439 992 non
1464 961 1615 992 deserant
1638 967 1770 1004 propter
1795 962 2014 993 testimonium
2039 970 2065 990 ιε

365 1017 639 1049 aecclesiasticum
665 1020 696 1046 ct
719 1020 851 1056 propter
874 1013 980 1045 stilum
1006 1014 1180 1045 veritatis⁵.
1216 1013 1401 1055 Scripturas
1425 1024 1531 1044 sacras
1556 1013 1712 1045 violenter
1733 1014 1861 1046 intorsit
1880 1014 1912 1044 in
1928 1013 2016 1044 adiu-

366 1071 483 1101 torium
507 1068 670 1099 salsitatis:
705 1067 792 1108 quod
816 1077 918 1107 genus
941 1065 1110 1096 idolatriae
1141 1069 1296 1106 quantum
1328 1065 1379 1104 sit,
1411 1063 1496 1096 lates
1526 1070 1615 1107 patet
1644 1066 1676 1096 in
1705 1066 1884 1108 scripturae
1908 1075 2018 1097 sacrae

367 1121 489 1162 campis
513 1120 679 1161 spaciosis.
2127 1161 2129 1167 ,

471 1172 499 1202 3.
545 1171 658 1202 Preter
688 1169 886 1201 voluntatem
916 1175 946 1200 et
977 1167 1146 1199 consilium
1174 1167 1396 1208 cardinalium,
1427 1172 1518 1199 extra
1547 1168 1692 1200 ordinem
1722 1169 1886 1200 iudicandi
1917 1169 2018 1200 sacris

365 1224 542 1255 canonibus
568 1222 826 1259 determinatum,
855 1221 1083 1262 imperatorem
1113 1219 1144 1249 in
1168 1218 1255 1249 nulla
1279 1219 1391 1251 sinodo
1415 1220 1571 1251 canonice
1594 1226 1795 1260 accusatum,
1826 1221 2018 1263 precipitan-
2040 1232 2067 1251 20
2110 1152 2129 1267 ἰ

367 1282 414 1307 ter
436 1274 740 1311 excommunicavit,
774 1274 804 1303 in
828 1283 892 1314 qua
916 1271 1251 1303 excommunicatione
1274 1270 1380 1302 nullus
1405 1270 1615 1303 cardinalium
1641 1271 1844 1314 subscripsit.
1892 1272 1934 1304 Ut
1957 1273 2018 1314 pri-

367 1338 453 1358 mum
478 1326 518 1357 ad
542 1323 888 1357 excommunicandum
913 1333 1075 1354 caesarem
1085 1323 1097 1343 ¹¹
1119 1323 1159 1354 dc
1185 1322 1260 1354 sede
1284 1324 1435 1364 surrexit,
1458 1323 1553 1354 sedes
1577 1325 1656 1365 ipsa,
1680 1325 1806 1356 noviter
1832 1323 1929 1366 lignis
1959 1323 2019 1356 for-

366 1378 500 1410 tissimis
524 1378 712 1419 composita,
736 1375 843 1407 subito
867 1375 930 1407 Dei
954 1379 1032 1405 nutu
1057 1374 1242 1406 terribiliter
1265 1375 1365 1405 scissa
1389 1381 1437 1406 est
1460 1375 1492 1405 in
1516 1374 1623 1416 plures
1647 1381 1769 1416 partes3
1793 1380 1829 1407 ut
1851 1375 2019 1407 manifeste

368 1430 499 1461 daretur
527 1429 679 1470 intellegi,
711 1427 835 1458 sessori
870 1426 922 1457 ille
955 1432 1018 1457 tam
1049 1425 1234 1467 periculosa
1263 1427 1608 1466 excommunicatione,
1639 1428 1749 1458 tantak
1777 1428 2019 1469 presumptione

369 1487 489 1524 quanta
513 1481 693 1522 quamque1
714 1478 870 1511 terribilia
893 1478 1044 1509 scismata
1067 1479 1269 1509 seminaret¹¹¹
1287 1483 1398 1509 contra
1415 1478 1605 1510 aecclesiam
1624 1478 1755 1520 Christi,
1779 1484 1891 1511 contra
1909 1479 2017 1511 sedem
2039 1490 2067 1509 2⁵

370 1533 455 1564 beati
474 1533 569 1571 Petri,
594 1543 689 1574 quam
708 1530 879 1562 crudeliter
899 1529 1091 1571 dissiparet·¹
1108 1529 1293 1561 cathedram
1313 1529 1445 1569 Christi,
1469 1530 1709 1561 eonculeandoo
1728 1530 1815 1572 leges
1831 1530 2019 1571 aecclesiae,

370 1584 557 1626 imperando
588 1594 659 1614 cum
693 1584 834 1624 potentia
866 1588 897 1612 ct
921 1582 1139 1612 hausteritate.
1185 1581 1219 1612 In
1252 1581 1470 1623 descriptione
1501 1582 1644 1613 eiusdem
1676 1583 2020 1614 excommunicationis

369 1648 406 1667 ea
430 1635 623 1673 interseruit,
649 1636 679 1664 in
705 1633 822 1675 quibus
840 1633 1006 1664 manifeste
1030 1643 1048 1662 a
1064 1632 1127 1664 fide
1143 1632 1300 1664 catholica
1317 1634 1451 1674 e1·ravit;
1476 1644 1549 1664 cum
1567 1634 1684 1665 iniuste
1699 1634 2020 1666 excommunicaretP

370 1689 594 1729 imperatorem
631 1691 662 1717 et
696 1687 868 1728 episcopos
903 1685 1179 1716 communicantes
1213 1686 1252 1726 ei,
1290 1686 1419 1726 excepit
1451 1685 1492 1716 ab
1527 1685 1864 1717 excommunicatione
1897 1686 2020 1718 tei-cios

369 1739 471 1781 gradu
495 1739 790 1769 communicantesr
815 1737 890 1776 eis⁶‚
914 1741 945 1768 et
968 1737 1123 1767 unitatem
1146 1736 1322 1768 aecclesiae
1346 1736 1507 1777 scindens,
1532 1743 1687 1779 quantum
1709 1738 1828 1779 inipso
1844 1737 1914 1777 fuit,
1938 1737 2019 1769 duas
2040 1745 2068 1766 ³⁰

370 1790 543 1822 aecclesias
567 1790 651 1821 fecit.

475 1843 504 1872 4.
550 1841 639 1872 Idem
664 1845 869 1882 presumptor
893 1840 1046 1871 ieiunium
1070 1839 1189 1871 indixit
1212 1839 1440 1878 cardinalibus,
1469 1845 1504 1871 ut
1527 1839 1618 1871 Deus
1642 1840 1836 1881 ostenderet,
1860 1841 1932 1884 quis
1954 1851 2019 1873 rec-

371 1894 432 1924 tius
456 1893 609 1924 sentiret-³
642 1892 680 1923 de
712 1902 845 1933 corpore
869 1892 1002 1922 Domini
1015 1893 1034 1930 ²,
1065 1902 1105 1922 an
1130 1891 1295 1922 Romanau
1325 1891 1490 1932 aecclesia,
1521 1903 1562 1923 an
1588 1892 1842 1933 Bercngarius⁷:
1870 1904 1928 1935 per
1959 1893 2018 1925 hoc

371 1945 541 1976 manif0s1e
567 1944 720 1986 probatus
744 1943 891 1982 infidelis,
917 1954 987 1974 cnm
1013 1944 1045 1974 in
1066 1943 1187 1974 Niceno
1212 1943 1369 1974 coneilioss
1393 1944 1547 1985 scriptum
1573 1944 1624 1983 sit,
1647 1944 1723 1985 quia
1747 1944 1866 1976 dubius
1886 1945 1923 1976 in
1938 1945 2020 1986 fide,

373 1995 514 2036 infidelis
541 2001 594 2027 esi.
641 1996 681 2026 Et
710 1995 749 2026 dc
779 2006 914 2036 corpore
942 1995 1072 2025 Domini
1104 1995 1230 2036 signum
1263 1996 1432 2036 quesivit&
1463 1995 1548 2037 quod
1583 2001 1711 2037 petente
1742 1996 1835 2027 beato
1860 1995 2019 2038 Gregorio
2039 2005 2066 2026 ³⁶

371 2047 412 2078 ad
444 2047 631 2078 firmandam
663 2047 805 2077 mulieris
835 2047 929 2078 tidem
954 2047 1120 2088 contigit⁰‚
1151 2046 1278 2088 quando
1304 2047 1426 2088 panisw
1451 2046 1569 2078 Christi
1593 2047 1727 2078 formam
1757 2048 1886 2090 accepit
1915 2047 2020 2090 digiti.

485 2145 512 2168 a)
534 2145 646 2174 stipatus
668 2145 693 2167 N.
770 2144 795 2173 b)
818 2143 992 2166 sacramentis
1014 2144 1038 2168 3.
1112 2144 1139 2171 c)
1160 2143 1350 2167 salernitan-uni
1375 2145 1396 2167 1.
1474 2144 1503 2170 d)
1525 2144 1665 2168 momentis
1686 2145 1710 2168 2.
1787 2145 1812 2175 e)
1831 2152 1854 2169 e.
1875 2152 1932 2170 can,
1954 2152 1979 2168 a.
2001 2144 2018 2168 l.

377 2190 400 2212 2.
422 2190 449 2212 Ν.
527 2190 545 2212 ι’)
569 2189 681 2212 com-ilio
703 2190 727 2212 2.
814 2194 842 2219 gt
865 2189 928 2213 lutet
950 2191 975 2213 3.
1060 2188 1089 2216 ὴ)
1111 2197 1229 2213 casarem
1253 2191 1274 2213 1.
1297 2190 1322 2213 2,
1409 2190 1427 2219 i)
1450 2193 1550 2221 quanta
1570 2198 1658 2214 sessor
1677 2190 1703 2214 3.
1789 2190 1816 2221 k)
1840 2194 1866 2215 et
1885 2198 1971 2223 praes.
1995 2193 2020 2216 3.

376 2236 393 2265 1)
418 2234 452 2257 im
475 2236 507 2260 3,·
528 2243 603 2266 quem
630 2237 657 2264 ¹3
679 2243 828 2266 quenquam
851 2236 875 2259 2.
961 2236 996 2265 m)
1020 2236 1157 2259 seminatis
1178 2236 1202 2259 2.
1288 2236 1315 2266 n)
1335 2235 1471 2267 dissipatis
1492 2237 1516 2260 2.
1605 2236 1630 2268 0)
1653 2237 1704 2260 inc.
1727 2236 1752 2261 2.
1774 2236 1800 2260 3.
1821 2235 1847 2261 S.
1931 2236 1960 2269 p)
1982 2239 2022 2261 ret

376 2289 387 2303 c
402 2289 468 2304 sorr,
484 2282 514 2305 22:
535 2281 792 2304 ‹·x‹·0nun11ni‹·2num
809 2280 833 2305 δ’.
893 2286 918 2313 q)
942 2285 967 2305 et
982 2285 1040 2305 tert.
1057 2282 1081 2306 2.
1098 2283 1121 2306 3.
1138 2282 1163 2306 S.
1222 2282 1242 2313 r)
1267 2282 1477 2306 communientes
1492 2282 1516 2306 3.
1574 2282 1597 2312 s)
1619 2282 1748 2306 sentieret
1760 2282 1785 2306 3.
1841 2282 1863 2313 t)
1884 2282 1981 2308 Christi
1995 2283 2020 2308 2.
2040 2287 2068 2306 do

375 2330 403 2350 ιιι
425 2326 580 2349 Romanum:
602 2326 626 2349 N.
704 2330 728 2356 v)
753 2327 867 2351 consivit
887 2329 910 2351 2.
987 2327 1023 2357 w)
1044 2328 1061 2352 f.
1083 2336 1108 2359 p.
1130 2327 1192 2352 Chr.
1214 2329 1238 2352 2.

487 2400 512 2432 l)
535 2400 646 2432 (ι’ίκιιῌῖ,
671 2401 710 2426 II.
733 2401 859 2434 principi
882 2401 1066 2427 Salernitana
1089 2411 1105 2427 a
1131 2402 1270 2435 Greqorio
1292 2401 1441 2437 regionem
1458 2401 1662 2437 Campanicam
1683 2403 1818 2430 traditam
1843 2412 1901 2430 esse
1923 2406 2021 2430 aucto·-

377 2454 414 2476 es!
439 2451 583 2475 Guium-11».
609 2451 691 2484 Apul.
718 2452 774 2484 III,
799 2452 867 2483 40⁴,
893 2453 946 2479 ΒΝ.
973 2453 1026 2485 IX,
1047 2462 1078 2486 p.
1097 2453 1167 2479 275.
1277 2453 1307 2488 2)
1337 2454 1381 2486 Cf.
1409 2454 1556 2480 &amizonis
1583 2454 1670 2480 Liber
1697 2455 1736 2481 ad
1762 2455 1890 2488 amicum,
1919 2454 2022 2481 Libelli

380 2502 402 2534 l,
424 2511 453 2535 p.
472 2502 542 2528 (inl,
651 2502 681 2528 3)
706 2503 784 2531 Quod
806 2503 927 2536 ipsarum
954 2504 1142 2530 cardinalium
1166 2505 1201 2531 de
1224 2505 1354 2531 electione
1377 2505 1511 2539 Greqorii
1532 2506 1737 2538 commentario,
1759 2505 1855 2540 Jaffe',
1880 2506 1955 2535 Bibl.
1978 2506 2020 2538 11,

375 2562 404 2586 p.
423 2555 450 2585 ξι,
475 2552 621 2585 resulalur.
671 2553 713 2585 (ss.
738 2557 828 2579 lamrn
860 2555 937 2579 ll't'rlo
961 2555 1077 2583 Ferrar.
1103 2555 1143 2587 ΙΙ,
1169 2555 1268 2585 Libell.
1293 2557 1326 2582 de
1349 2557 1397 2583 lile
1420 2557 1442 2589 I,
1463 2566 1494 2591 p.
1513 2557 1583 2584 553.
1671 2556 1701 2591 4)
1725 2557 1770 2591 Cf.
1794 2557 1944 2591 Βοηιγασιῖ
1962 2557 2020 2584 III.

379 2604 514 2629 dem-etum
540 2614 566 2629 n.
586 2604 654 2635 8⁰7,
682 2605 742 2630 Lib.
764 2610 841 2638 pont.
866 2606 907 2630 cul.
935 2606 1082 2632 Ilm-laeswe
1104 2607 1127 2639 I,
1148 2616 1178 2640 p.
1197 2607 1267 2634 316.
1341 2608 1371 2641 5)
1395 2608 1439 2640 Cf.
1466 2609 1548 2635 [accii
1565 2618 1664 2643 papae
1684 2609 1761 2636 decr.
1785 2618 1808 2637 c.
1835 2610 1861 2642 1,
1885 2610 1927 2636 ed.
1950 2609 2022 2636 Hin-
2047 2615 2052 2625 ·

377 2654 468 2680 selcr'ns
490 2664 518 2687 p.
540 2655 613 2686 1?:‘›,=
644 2655 680 2686 ‘'s-
705 2664 790 2688 snpra
813 2666 841 2688 Γ.
860 2657 929 2682 263.
969 2658 1004 2684 Ι).
1125 2658 1154 2692 6)
1179 2659 1211 2684 In
1235 2659 1339 2693 synodo
1362 2660 1443 2686 Rom.
1468 2670 1496 2686 a.
1517 2660 1605 2693 1078,
1627 2660 1715 2694 Jaffr',
1739 2660 1816 2687 Bibl.
1839 2661 1881 2694 II,
1901 2669 1932 2695 p.
1950 2659 2020 2687 309.

381 2705 408 2739 ἴ)
432 2705 589 2731 hereticum
617 2705 782 2738 berengarii
816 2707 962 2740 antiquum
994 2709 1160 2743 discipulum
1194 2710 1277 2735 ctiam
1300 2710 1371 2737 Acta
1402 2711 1511 2745 Synodi
1536 2712 1617 2739 lirim.
1647 2721 1707 2738 eum
1737 2715 1847 2745 vocant,
1877 2711 1964 2746 Jqsfe'
1991 2710 2021 2745 V,

376 2767 404 2791 p.
432 2757 500 2783 125.
539 2758 569 2783 S.
689 2758 718 2790 θ’)
751 2758 871 2784 Decreta
902 2759 970 2784 Iulii
994 2769 1088 2793 palme
1115 2769 1137 2786 c.
1166 2761 1211 2793 12,
1236 2761 1278 2787 ed.
1304 2762 1456 2789 Hinscliius
1475 2773 1506 2798 p.
1524 2763 1593 2790 468.
1713 2763 1742 2798 9)
1765 2763 1852 2790 Pauli
1874 2763 1961 2790 Diae.
1990 2762 2019 2789 V·

379 2808 410 2836 S,
435 2808 568 2842 (inglorii
596 2817 618 2836 ς,
645 2809 691 2840 23,
723 2810 855 2842 (v'reyorii
881 2819 943 2843 opp.
969 2810 1019 2842 11',
1043 2812 1093 2837 cul.
1121 2812 1168 2838 10.
1196 2814 1240 2839 ll.
1278 2814 1315 2840 Ι).
