2132 3067
439 141 638 169 SIGEBERTI
661 141 839 169 MONACHI
862 142 1154 171 GEMBLACENSIS
1176 143 1382 171 APOLOGIA.
1670 140 1732 171 445>

85 232 232 276 quentius
254 231 386 262 inferria
408 231 513 270 video,
538 241 634 273 quam
658 230 736 261 illud
759 231 912 272 apostoli:
936 231 1112 263 Faciamus
1135 232 1235 272 mala,
1260 238 1291 263 ut
1314 233 1445 264 veniant
1468 233 1564 264 bona.
1609 233 1652 264 Et
1675 243 1731 264 nos

83 283 212 326 quidem
229 281 322 324 plane
338 282 476 313 fatemur
490 282 608 313 nostris
625 281 779 313 offensam
796 283 1009 323 pravitatibus
1026 283 1226 315 divinitatem
1245 283 1350 314 malab
1368 295 1464 325 super
1480 295 1536 315 nos
1557 285 1730 316 iustissime

83 341 115 367 et
137 334 376 366 ordinatissime
401 333 576 372 induxisse,
601 334 678 375 quia
701 333 817 364 laxatis
840 334 1031 365 temeritatis
1063 334 1180 366 fraenis
1205 342 1278 376 post
1302 336 1581 377 concupiscentias
1605 343 1731 367 nostras

83 387 152 418 sine
175 391 323 427 respectu
346 384 545 424 ferebamur;
576 386 645 416 iure
668 385 724 415 in⁰
747 385 960 416 contumeliae
988 385 1084 416 huius
1110 387 1358 428 praecipitiumd
1382 388 1551 428 corruisse,
1581 388 1655 429 quia
1679 399 1732 418 ex-

55 443 167 471 ⁵tento
191 436 273 468 collo
307 442 338 467 et
360 437 472 478 pingui
496 437 621 467 cervice
645 442 756 467 contra
779 436 885 467 Deum
910 437 1109 468 ferebamur:
1141 437 1213 468 ideo
1236 438 1346 468 illume
1374 449 1441 477 nos,
1475 440 1528 480 qui
1561 440 1587 470 ei
1602 439 1612 459 f
1636 438 1731 470 subdi

83 488 351 527 detrectabamus,
383 488 452 519 eisg
480 488 535 529 qui
563 487 623 518 sub
653 487 792 529 pedibus
822 489 939 519 nostris
970 490 1083 519 eranth
1113 489 1303 530 dignissime
1334 490 1522 521 subiecisse.
1574 491 1611 521 In
1636 492 1731 522 Patre

81 540 205 572 tameni
231 538 525 571 misericordiarum
556 543 587 570 et
611 539 702 570 Deok
726 540 825 570 totius
855 539 1084 571 consolationis
1107 540 1306 581 confidimus,
1337 542 1429 583 quia¹
1462 541 1635 583 disciplina
1664 544 1732 574 eius

82 597 113 624 et
134 591 216 623 filios
239 592 272 622 in
291 591 381 622 finem
406 591 545 631 corriget
568 595 599 621 et
622 590 704 621 hanc
721 601 849 633 quoque
867 592 1003 633 virgam,
1028 598 1200 634 postquam
1225 603 1263 622 ea
1285 603 1360 623 usus
1383 593 1512 633 fueritn,
1536 594 1731 624 confractam

81 645 114 676 in
136 645 232 685 igne⁰
254 643 401 685 proiciet.
446 641 512 673 Nos
529 643 612 673 enim
636 643 696 673 etsi
719 642 820 673 haecv
844 644 911 684 pati
934 643 993 674 fuit
1010 643 1245 684 dignissimum,
1270 649 1376 675 tamen
1398 644 1476 675 haec
1499 646 1591 676 nobis
1616 646 1731 676 inferre

39 707 64 727 ιο
81 694 165 726 illise
188 695 318 726 existitsi
341 694 487 735 impium.
532 693 575 724 Et
605 693 657 723 isti
687 704 802 735 parum
834 699 976 725 attenter
1007 694 1144 726 cotidie⁵
1175 695 1358 735 attendunt,
1394 696 1481 726 sivet
1514 696 1730 738 increpandis,

81 748 148 778 sive
178 745 386 777 exhortandis
417 744 635 786 apostolorum
664 746 756 776 viceu
784 745 944 786 fidelibus,
975 746 1216 788 sollempniterv
1246 749 1475 789 praemittitur:
1506 749 1649 788 Fratres,
1678 747 1731 778 vel

82 799 262 830 carissimi:
285 798 381 828 nimis
403 796 651 838 perfunctoriew
667 802 842 836 transeunt,
867 798 955 839 quod
971 798 1016 829 eis
1033 809 1051 828 a
1067 797 1209 829 Domino
1233 799 1493 840 improperatur¹
1510 801 1541 830 in
1558 800 1732 842 propheta:

80 849 217 881 Peccata
236 850 357 891 populi
379 851 442 880 mei
464 849 624 880 curabant
647 860 718 879 cum
742 849 937 890 ignominia.
973 849 1038 880 Nos
1056 860 1152 891 porro
1177 861 1218 880 ex
1243 851 1480 882 inconsiderata
1505 863 1613 882 eorum
1637 852 1731 882 velie·

81 901 201 933 mentia
222 899 301 931 nihil
321 899 451 940 bonum,
476 899 610 931 multum
635 905 742 931 autem
768 900 842 931 mali
859 901 1004 931 evenisse
1028 902 1165 933 scimus:
1190 912 1294 943 usque
1318 902 1409 941 adeo,
1435 908 1468 933 ut
1484 904 1651 945 quosdam,
1676 905 1731 944 qui

37 964 62 985 ιε
80 953 200 984 bonum
231 953 434 994 propositum
463 951 513 983 vel
544 957 618 982 actu
649 952 712 982 iam
747 951 798 982 vel
826 957 926 982 voto-V
956 953 1169 994 arripuerant,
1201 953 1361 995 superbae
1393 955 1543 984 iussionis
1574 956 1732 985 iniustitia

78 1010 243 1047 permotos
267 1009 298 1035 et
321 1003 517 1035 contumelia
540 1014 597 1034 suo
621 1008 829 1044 exasperatos
853 1004 962 1034 animo
987 1003 1209 1045 elanguisseY‘
1237 1012 1267 1036 et
1290 1017 1408 1047 magna
1433 1007 1534 1037 bonae
1558 1006 1730 1037 voluntatis

79 1061 170 1098 parte
191 1056 370 1087 infirmatos
391 1055 492 1086 fuisse
509 1060 707 1096 compertum
725 1054 911 1086 habeamus.
957 1055 991 1086 Si
1016 1056 1124 1098 itaque
1148 1056 1226 1087 tales
1243 1057 1391 1088 doctores
1415 1059 1488 1088 viva
1506 1069 1584 1089 voce
1600 1058 1730 1100 alloqui,

79 1109 131 1140 vel
151 1108 258 1148 vellet,
282 1107 332 1138 vel
354 1113 465 1149 posset
487 1106 601 1147 religio
625 1106 809 1147 christiana,
833 1107 942 1148 ipsosz
966 1108 1076 1148 procul
1093 1108 1192 1139 dubio
1216 1108 1268 1138 illa
1286 1109 1486 1150 patriarchae
1510 1110 1729 1151 increpatione

80 1165 268 1201 arguereta:
298 1158 492 1190 Turbastisb
508 1170 554 1189 me
571 1163 599 1189 et
615 1158 949 1197 odiosumefecz·stisd
967 1160 1001 1190 in
1017 1164 1117 1190 terra.
1163 1159 1205 1190 Ut
1223 1161 1308 1191 enim
1333 1161 1364 1191 in
1380 1160 1462 1191 libro
1481 1160 1727 1193 Confessionum

35 1222 62 1242 8⁰
80 1211 217 1243 domnus
241 1211 356 1242 asserit
377 1211 619 1251 Augustinus¹:
650 1209 750 1240 Nemo
777 1210 899 1240 invitus
921 1210 1113 1251 benefacit,
1144 1212 1293 1243 etiamsie
1321 1212 1437 1243 bonum
1461 1217 1505 1243 est
1527 1212 1728 1253 quodfacit.

80 1263 124 1295 Et
148 1262 265 1294 alibi2:
301 1262 372 1303 Ubi,
401 1263 456 1302 ait,
488 1261 644 1293 violentia
669 1262 851 1301 adhibetur,
884 1261 1033 1293 voluntas
1057 1275 1121 1294 non
1147 1263 1342 1294 emeitaturf.
1396 1263 1593 1303 Volzmtam'e,
1624 1265 1729 1305 inquit

79 1314 246 1357 propheta,
274 1313 467 1354 sacrificabo
496 1313 564 1344 tibi.
615 1313 777 1354 Scriptum
810 1314 930 1355 quippe
960 1321 1021 1344 est:
1055 1313 1210 1354 Compelle
1243 1316 1380 1353 intrare,
1409 1315 1465 1346 sed
1488 1315 1643 1347 violentia
1667 1316 1729 1355 illa,

80 1377 143 1397 non
173 1366 350 1397 terroribus
381 1370 413 1396 et
443 1364 656 1403 contumeliis,
687 1375 751 1395 non
780 1366 1072 1407 proscriptionibus
1108 1372 1140 1397 et
1170 1367 1302 1407 rapinis,
1331 1378 1393 1397 non
1425 1366 1565 1398 fustibus
1596 1368 1729 1398 forsitan

79 1418 357 1450 amministraturg
379 1422 412 1447 et
434 1415 561 1458 gladiis.

34 1479 62 1500 ²5
184 1470 214 1501 8.
259 1468 325 1501 Sed
346 1473 424 1508 esto,
448 1479 601 1509 magnum
625 1479 666 1500 ex
682 1467 743 1498 hoc
767 1468 865 1510 impio
889 1473 920 1499 et
941 1474 1237 1511 quamtumcunque
1260 1470 1476 1511 imaginaturh
1501 1469 1582 1501 bene
1599 1469 1728 1501 vivendi

79 1521 258 1564 profectum
282 1521 429 1552 evenisse
452 1530 626 1561 ponamus;
659 1524 690 1550 et
711 1524 832 1558 tamen,
856 1526 962 1550 utrum
987 1526 1111 1551 tantum
1136 1522 1272 1552 malumi
1299 1532 1358 1563 pro
1389 1526 1477 1552 tanto
1504 1522 1585 1552 bono
1609 1523 1728 1563 suscipi

77 1573 235 1613 debuerit,
263 1572 445 1611 videamus3
476 1577 508 1603 et
538 1577 573 1602 ut
593 1572 759 1613 apertiusk
788 1570 906 1602 dietum
931 1573 981 1612 sit,
1012 1572 1073 1603 hoc
1097 1573 1292 1614 investigare
1314 1575 1567 1614 proponamusl,
1598 1585 1638 1604 an
1670 1573 1730 1604 hoc

80 1625 174 1656 modo
197 1624 418 1656 mentiendum
442 1624 548 1663 fuerit,
571 1623 699 1654 etiamsi
722 1623 935 1654 certissimam
960 1624 1179 1655 ministrorum
1204 1624 1358 1656 ecclesiae
1379 1626 1558 1657 castitatem
1583 1624 1634 1656 vel
1659 1636 1729 1655 con-

79 1677 243 1708 tinentiam
274 1687 315 1707 ex
341 1687 380 1707 eo
411 1675 581 1707 mendacio
612 1675 809 1717 processisse
839 1675 1028 1707 constiterit.
1079 1675 1173 1715 Quod
1207 1677 1294 1707 omni
1325 1676 1487 1718 puerilis¹1¹
1517 1677 1729 1707 contentionis

34 1737 62 1757 so
79 1727 185 1760 studio
213 1728 394 1770 postposito
424 1727 491 1758 sola
521 1727 732 1758 discutiamus
768 1727 947 1757 intentione
982 1727 1198 1758 invenienden
1227 1729 1383 1759 veritatis.
1434 1728 1475 1759 Et
1509 1739 1567 1759 nos
1599 1728 1727 1769 quidem

80 1799 118 1804 —
134 1785 290 1821 quantum
306 1779 515 1810 mediocritas
532 1785 641 1810 nostra
663 1779 695 1809 in
713 1789 864 1820 praesens
881 1778 1123 1820 apprehendere
1140 1784 1244 1821 potest
1260 1799 1300 1802 —
1315 1780 1409 1810 istam
1433 1780 1726 1821 compensationem

79 1831 298 1873 recipiendam
321 1837 420 1871 esse0,
450 1831 510 1862 nisi
538 1830 665 1862 adhuen
689 1830 873 1870 doceamus,
904 1831 1066 1861 nescimus
1091 1842 1156 1873 qua
1172 1831 1205 1862 fit
1215 1837 1238 1870 Ρ,
1267 1837 1311 1870 ut,
1335 1842 1374 1861 ne
1397 1830 1478 1862 alius
1502 1831 1534 1862 in
1558 1836 1726 1872 peccatum

79 1882 209 1922 incidat,
232 1894 290 1914 nos
312 1893 501 1925 peccemus3
531 1888 595 1922 aut,
621 1888 656 1913 ut
678 1881 730 1913 ille
753 1881 870 1924 aliquis
894 1887 1064 1924 peccatum
1089 1882 1213 1923 evadat,
1244 1893 1303 1913 nos
1327 1893 1399 1913 eum
1424 1882 1464 1913 ad
1488 1883 1590 1913 maius
1615 1882 1664 1913 vel
1688 1882 1728 1912 ad

78 1945 179 1977 aeque
201 1945 354 1976 magnum
377 1935 585 1966 inducamus:
609 1934 684 1976 quia
706 1939 738 1964 et
760 1933 792 1964 in
816 1934 935 1965 tuenda
958 1934 1101 1975 corporis
1124 1933 1226 1965 salute
1242 1935 1402 1965 amentiae
1425 1945 1475 1965 res
1496 1940 1553 1969 est,
1577 1933 1728 1975 aliquem,

33 1995 62 2015 ετ»
79 1997 119 2018 ne
147 1987 309 2023 moriatur,
347 1986 387 2018 de
419 1985 551 2017 Mosella
580 1990 754 2016 retractum
784 1985 897 2016 Rheno
928 1986 1136 2027 immergere3
1174 1991 1205 2017 et
1236 1984 1367 2016 stultum
1404 1985 1512 2027 gladio
1543 1985 1728 2016 incumbere

80 2037 221 2069 volentia
250 2037 414 2080 gladium*
446 2038 486 2069 de
508 2036 658 2069 manibus
682 2043 845 2077 excutere,
875 2043 906 2068 et
929 2048 1089 2068 venenum
1114 2036 1228 2068 letaleS
1261 2037 1307 2067 ori
1337 2037 1520 2068 admovere.
1564 2037 1617 2067 Ad
1640 2036 1729 2075 haee,

80 2090 107 2120 si
135 2100 192 2131 pro
221 2089 357 2120 alicuius
388 2088 557 2131 temporali
585 2090 676 2120 vitat
708 2094 796 2119 tuam
827 2088 1037 2130 temporalem
1068 2088 1203 2130 perdere
1233 2099 1330 2120 sanae
1365 2089 1550 2120 doctrinaeu
1580 2088 1726 2129 regulam

1754 245 1816 266 Rom.
1826 248 1846 271 3,
1856 248 1876 267 8.

1810 490 1839 509 cf.

1753 518 1774 537 2,
1785 518 1836 540 Cor.
1850 522 1869 545 l,
1881 521 1901 541 3,

1752 861 1789 880 Iex·
1805 863 1871 885 6,14.

1751 1172 1808 1193 Gen.
1821 1175 1856 1198 34,
1865 1175 1901 1195 30.

1751 1277 1786 1296 Ps.
1797 1277 1830 1298 53.
1841 1278 1860 1297 8.

1750 1329 1805 1348 Luc.
1817 1331 1851 1353 14,
1862 1331 1898 1350 23.

81 2140 223 2172 excedit:
252 2141 351 2172 multo
383 2142 486 2182 magis
509 2146 671 2172 aeternam
700 2140 845 2182 perdere,
875 2151 914 2171 ne
942 2139 1024 2170 alius
1055 2139 1141 2170 illam
1171 2141 1306 2180 amittat,
1339 2141 1468 2182 sapiens
1499 2139 1636 2172 cavebit.
1687 2140 1728 2171 Os
1747 2155 1872 2179 3294,st

81 2198 209 2224 autem*
224 2194 310 2236 quod
324 2194 489 2231 mentitur,
511 2193 629 2223 occidit
645 2193 802 2223 animam.
848 2191 1019 2223 Praeterea
1042 2191 1142 2222 verba
1165 2197 1239 2223 sunt
1264 2192 1350 2223 beati
1368 2193 1541 2233 Augustini
1565 2193 1597 2223 in
1619 2191 1727 2223 libello

34 2252 63 2272 ⁴0
80 2243 120 2276 de
141 2244 331 2276 mendacio³
355 2244 564 2286 disputantis:
597 2243 760 2280 Quoniam
784 2254 875 2274 nemo
899 2243 1028 2274 dubitat
1054 2244 1215 2274 meliorem
1239 2255 1306 2274 esse
1330 2245 1477 2275 animum
1501 2255 1646 2285 corpore,
1675 2245 1725 2274 in-

191 2325 218 2353 a]
237 2326 335 2351 inferre
357 2326 381 2350 2.
458 2326 484 2357 b)
507 2333 550 2350 ma
571 2326 595 2349 ⁶2.
671 2325 696 2356 e)
719 2333 768 2349 om.
789 2325 814 2348 2.
891 2324 920 2351 d)
941 2325 1096 2356 precipuum
1118 2325 1143 2348 2.
1220 2326 1243 2356 e)
1267 2325 1388 2350 alumnos
1409 2326 1454 2357 qui
1476 2328 1498 2350 1.
1579 2325 1599 2356 f>
1623 2333 1681 2349 eum
1703 2326 1726 2350 2.

80 2374 108 2404 g)
128 2372 152 2396 ei
173 2373 197 2397 1.
284 2372 313 2403 h)
334 2376 391 2397 erat
414 2373 436 2396 l.
524 2372 543 2401 i)
565 2375 602 2395 tffi
623 2371 647 2395 ἱ).
735 2370 764 2401 k)
785 2373 832 2395 tot.
853 2378 928 2395 cons.
949 2371 974 2395 d.
995 2371 1019 2396 9..
1108 2371 1127 2395 lt
1149 2379 1171 2403 qv
1194 2371 1219 2394 2.
1311 2371 1349 2402 m)
1369 2371 1446 2396 finem
1469 2372 1494 2396 2.
1579 2372 1608 2403 n)
1631 2372 1681 2396 erit
1701 2371 1726 2396 2.

81 2417 107 2449 ο)
128 2418 217 2450 ignem
237 2418 334 2443 deiciet
354 2418 378 2443 2.
473 2417 500 2450 p)
523 2417 574 2441 hoc
595 2418 619 2441 ⁶2.
712 2416 737 2448 q)
761 2417 848 2441 extitit
870 2418 893 2441 1.
977 2417 1002 2447 r)
1023 2417 1094 2441 deest
1117 2417 1139 2441 1.
1224 2418 1246 2448 s)
1271 2417 1382 2442 cottidie
1404 2419 1428 2442 2.
1510 2418 1532 2448 t)
1553 2418 1580 2442 in
1602 2417 1665 2441 add.
1688 2416 1725 2442 Jl.

80 2462 108 2494 u)
129 2471 195 2488 voce
217 2465 240 2488 1.
314 2464 341 2495 v)
363 2464 509 2488 solenniter
531 2465 554 2488 1.
629 2463 665 2493 w)
685 2463 866 2494 profunctorie
887 2463 912 2488 ⁴2.
1002 2463 1031 2493 x)
1051 2463 1232 2495 improperant
1252 2463 1277 2488 2.
1355 2466 1383 2495 y)
1404 2467 1460 2488 tuto
1483 2464 1506 2488 2.
1589 2462 1630 2495 γ’)
1653 2463 1725 2487 clan-

35 2512 64 2534 45
80 2509 168 2541 guisse
188 2509 282 2534 conith?
375 2511 402 2539 z)
421 2510 480 2542 ipso
502 2510 526 2533 2.
629 2509 655 2539 a)
678 2512 771 2540 arguet
792 2509 817 2534 2.
912 2509 939 2539 b)
963 2509 1074 2533 turbatis
1095 2510 1120 2533 2.
1219 2510 1244 2539 c)
1265 2509 1387 2534 odiosam
1409 2510 1434 2534 2.
1529 2510 1557 2539 d)
1578 2509 1679 2542 fecistis
1703 2510 1724 2533 l.

82 2553 109 2585 e)
127 2555 180 2579 nisi
199 2556 224 2580 2.
310 2555 332 2585 f)
353 2556 485 2580 excutitur
505 2556 530 2579 2.
618 2556 647 2586 gl
667 2562 722 2579 non
742 2555 806 2579 min.
829 2555 852 2580 ¹2.
928 2555 955 2586 h)
979 2555 1185 2586 magnanimiter
1206 2556 1229 2580 1.
1320 2555 1340 2586 i)
1362 2564 1411 2579 om.
1427 2556 1452 2580 2.
1528 2555 1556 2586 k)
1580 2556 1678 2588 apertis
1698 2554 1722 2579 2.

81 2599 103 2631 l)
121 2601 294 2633 proponimus
313 2601 340 2626 2.
416 2602 453 2632 m)
474 2601 637 2633 studiopuer.
659 2604 729 2625 cont.
745 2601 769 2625 2.
845 2603 873 2631 n)
894 2601 965 2626 deest
988 2602 1011 2626 1.
1087 2602 1114 2629 ο)
1135 2609 1193 2626 esse
1213 2602 1295 2633 recip.
1316 2599 1354 2626 M.
1432 2602 1458 2633 p)
1481 2602 1517 2626 sit
1536 2601 1561 2626 2.
1637 2600 1666 2633 q)
1686 2602 1724 2624 in>

82 2646 214 2672 cumbenti
236 2648 262 2678 1;
290 2648 443 2673 incombere
463 2647 515 2672 vol.
536 2648 561 2671 2.
649 2646 673 2677 r)
694 2647 726 2671 de
747 2654 817 2671 man.
837 2647 872 2678 gl.
895 2647 920 2673 2,
1014 2648 1037 2677 s)
1059 2647 1121 2672 leth.
1143 2647 1168 2671 2.
1263 2649 1284 2677 t)
1304 2648 1386 2672 vitam
1407 2647 1432 2672 2.
1526 2647 1553 2678 n)
1576 2655 1597 2671 s.
1618 2647 1724 2678 regulae

85 2691 230 2718 doctrinam
253 2694 276 2718 1.
351 2693 378 2724 v)
401 2694 471 2718 enim
494 2695 518 2717 1.

35 2773 66 2794 ⁵⁰
189 2758 218 2793 1)
240 2759 325 2786 Liber
341 2758 551 2792 Conse-esionam
574 2758 598 2791 I,
623 2767 646 2784 c.
666 2758 713 2792 12,
736 2760 751 2789 §
770 2758 816 2790 19,
844 2757 914 2792 Opp.
938 2759 963 2792 I,
988 2758 1040 2785 col.
1055 2758 1104 2786 76.
1171 2759 1200 2793 2)
1223 2759 1314 2785 Mirbc
1336 2768 1391 2786 non
1413 2759 1526 2785 invenie.
1593 2758 1624 2792 3)
1649 2758 1678 2784 C.
1698 2757 1723 2788 Τ,

84 2809 100 2840 ξ
116 2809 163 2842 10,
190 2808 262 2844 Opp.
285 2810 331 2843 VI,
355 2810 406 2836 col.
426 2810 497 2837 427.
