2132 3067
75 461 88 480 5

62 717 89 738 10

62 976 88 996 15

61 1237 88 1256 20

60 1495 88 1514 25

60 1752 87 1772 80

60 2010 88 2030 ³5

59 2268 89 2287 ⁴0

61 2531 89 2550 (5

62 2823 90 2844 ⁵⁰

536 153 587 179 DE
610 152 782 180 UNITATE
804 153 1010 180 ECCLESIAE
1033 153 1328 180 CONSERVANDA.
1693 151 1752 182 21?

107 243 183 274 licet
205 254 246 273 ex
270 242 338 274 zelo
367 252 477 273 amaro
508 247 540 273 et
571 241 841 282 contentionibus,
874 253 955 283 quae
977 249 1052 273 sunt
1075 244 1108 273 in
1133 242 1285 273 cordibus
1308 243 1445 274 vestris?
1490 244 1664 284 Propterea
1688 245 1754 285 qui-

107 295 178 326 dam
211 305 252 325 ex
281 295 385 336 *parte
408 293 634 332 Hildebrandi,
665 292 809 323 scribens
839 294 992 334 grandem
1026 293 1191 335 epistolam
1224 305 1281 335 pro
1313 295 1498 326 defensione
1530 295 1671 326 eiusdem
1705 296 1754 326 sui

108 346 267 387 Gregorii,
298 350 434 376 testatur
464 346 495 375 in
529 344 662 375 exordio
692 343 861 375 locutionis
891 356 967 376 suae
998 345 1082 376 nolle
1110 345 1271 376 auditores
1301 357 1374 377 suos
1404 346 1553 385 salutare,
1583 347 1753 378 ostendens

108 409 164 440 per
187 397 246 428 hoc
268 397 502 428 fraternitatem
527 408 560 427 se
583 408 647 428 non
672 395 816 436 diligere,
841 397 927 438 quod
952 404 1000 428 est
1024 399 1177 428 unitatem
1196 408 1257 427 non
1275 409 1399 436 amare,
1425 399 1478 439 qui
1503 404 1587 429 certe
1610 399 1754 429 scribens

107 450 225 492 ubique
249 455 361 480 contra
384 454 585 479 sacramenta
609 448 729 479 Christi
760 453 792 478 et
822 447 990 488 ecclesiae,
1020 449 1204 479 terminavit
1232 450 1424 490 scripturam
1455 461 1544 480 suam
1571 462 1607 481 eo
1632 450 1757 481 scilicet

107 501 265 533 condendi
289 501 449 532 scismatis
475 511 594 538 errore,
617 510 680 541 quo
705 499 828 540 coepitg
861 506 892 530 et
915 501 1062 531 nesciens
1086 507 1143 531 aut
1165 506 1384 539 contemnens,
1410 501 1494 542 quod
1523 502 1643 532 fruetus
1666 503 1753 533 iusti·

107 554 168 585 tiae
184 553 216 584 in
234 563 314 595 pace
338 551 514 582 seminatur
529 550 724 582 facientibus
742 562 866 592 paceni,
890 552 948 582 ait:
973 552 1075 592 N0s1,
1099 555 1181 583 sieut
1200 553 1317 582 iustum
1336 557 1390 592 est,
1413 552 1618 592 defendimus
1636 555 1753 584 iustam

101 610 229 648 partem
251 604 406 646 Gregorii
430 615 449 633 a
475 603 542 634 Deo
565 604 735 644 assumpti.
782 603 838 634 Sic
862 604 984 644 quippe
1008 615 1105 634 sacra
1130 606 1296 644 scriptura
1314 604 1450 634 Genesis
1472 604 1510 634 (le
1526 605 1639 636 Enoch
1664 605 1754 645 (licit,

106 656 192 700 quod
215 656 307 688 illum
324 656 415 686 Deus
437 655 558 693 tulerit,
583 656 739 696 quoniam
762 665 829 685 ⁴non
855 657 1028 695 apparuit.
1067 655 1130 686 Sed
1149 654 1305 686 catholica
1325 654 1459 685 ecclesia
1481 656 1671 697 comprobat
1696 657 1754 687 hoc

107 713 138 740 et
159 707 247 747 dicit,
278 707 366 749 quod
389 707 421 737 in
444 706 526 738 libro
550 706 590 737 de
615 707 734 737 unitate
759 705 913 737 ecclesiae
938 706 1121 748 Cyprianus
1151 707 1323 748 episcopus
1353 706 1480 738 scribit:
1515 708 1686 748 smirnam,
1710 709 1754 738 in-

107 760 206 802 quitss,
229 759 287 801 qui
310 770 377 790 non
400 763 492 798 tenet,
516 769 583 789 non
606 762 690 789 tenet
705 758 817 788 Patris
840 764 868 788 et
890 758 970 789 Filii
986 759 1098 799 fidem,
1122 760 1221 790 vitam
1244 770 1307 789 non
1334 764 1414 789 tenet
1437 764 1464 788 et
1487 759 1632 790 salutm.
1679 760 1753 790 Pro-

106 810 190 850 inde,
220 810 381 853 quomodo
404 809 456 841 ille
480 809 674 841 Hildebrant
699 808 876 840 catholicus
900 810 1016 848 extitit,
1046 811 1099 852 qui
1124 821 1186 840 non
1211 810 1374 849 eeclesiae,
1400 810 1454 840 sed
1481 811 1581 850 parti³
1608 811 1754 852 praefuit,

107 864 192 895 sieut
214 863 311 894 etiam
335 861 486 893 defensor
508 863 610 903 ipsius
628 861 748 901 scribit,
773 862 826 903 qui
843 862 903 892 etsi
919 861 1128 903 apostolicam
1147 861 1254 892 sedem
1273 862 1334 892 sibi
1352 864 1566 903 usurpaverit,
1590 873 1753 903 nunquam

107 920 213 946 tamen
237 914 382 945 Romana
405 913 542 944 ecclesia
566 912 651 944 illius
675 924 795 954 sponsa
819 913 888 953 fuit,
921 924 1015 955 quam
1046 924 1103 955 pro
1132 913 1275 955 legitima
1299 913 1470 944 donatione
1495 914 1646 954 spiritalis
1671 914 1754 944 dotis

107 965 230 998 collatis
260 971 334 997 ante
367 965 532 997 beneficiis
562 964 724 1006 spoliavit,
754 964 912 1006 proscidit
941 975 979 995 ac
1009 964 1185 1005 dilaniavit,
1214 965 1307 996 iuxta
1329 964 1415 1006 quod
1438 965 1469 995 in
1495 965 1633 996 secundo
1661 965 1754 996 huius

106 1018 180 1050 libri
202 1016 344 1059 capitulo
368 1017 491 1049 dictum
515 1022 563 1047 est
587 1022 619 1047 et
642 1028 717 1048 vere
741 1016 860 1047 dictum
886 1021 943 1047 est.
996 1017 1102 1058 Atque
1131 1017 1203 1047 ideo
1232 1018 1313 1059 ipsa,
1344 1028 1426 1058 quae
1452 1028 1526 1047 vere
1552 1022 1620 1047 erat
1649 1024 1680 1048 et
1708 1023 1755 1048 est

105 1069 251 1101 Romana
274 1069 421 1109 ecclesia,
452 1080 524 1100 cum
549 1069 589 1099 sit
612 1074 714 1100 mater
737 1069 878 1099 omnium
904 1067 1120 1107 ecclesiarum,
1152 1080 1234 1111 quae
1265 1068 1372 1110 aliquo
1397 1080 1496 1110 pravo
1521 1069 1672 1110 dogmate
1696 1080 1754 1099 nec

106 1120 278 1163 aliquando
302 1120 415 1152 fefellit
437 1132 496 1152 nec
518 1120 627 1163 aliqua
650 1120 755 1151 heresi
780 1130 922 1162 unquam
947 1119 1013 1151 falli
1037 1121 1151 1161 potuit,
1175 1120 1257 1160 talis,
1281 1120 1423 1162 inquam,
1447 1126 1556 1150 sancta
1579 1128 1680 1151 mater
1695 1120 1755 1151 Ro-

106 1184 200 1204 mana
223 1172 370 1214 ecclesia,
400 1184 472 1204 cum
503 1183 566 1203 non
592 1178 701 1214 posset
723 1183 786 1203 non
812 1172 956 1203 misereri
981 1171 1054 1203 filiis
1076 1173 1236 1203 viscerum
1262 1183 1403 1211 suorum,
1428 1173 1482 1214 qui
1506 1183 1562 1214 per
1586 1172 1755 1203 dissensio-

107 1235 178 1256 nem
202 1225 286 1266 regis
302 1225 458 1256 Henrichi
482 1230 514 1256 et
539 1223 743 1254 Hildebranti
768 1234 871 1265 papae
895 1223 1114 1262 trahebantur,
1138 1230 1168 1254 et
1192 1225 1314 1255 utinam
1337 1223 1442 1254 adhuc
1465 1234 1527 1254 non
1552 1223 1755 1254 traherentur

105 1276 145 1308 ad
175 1276 349 1317 interitum,
380 1276 478 1318 elegit
501 1286 627 1307 summa
650 1276 843 1306 necessitate
863 1275 1078 1317 XVigberdum
1104 1276 1299 1307 Ravennatis
1321 1275 1476 1306 ecclesiae
1500 1277 1689 1317 episcopum
1714 1275 1754 1306 ad

106 1327 299 1370 pastoralem
332 1339 442 1359 curam
467 1328 604 1359 Romani
635 1328 853 1369 pontificatus,
885 1329 1106 1359 consentiente
1136 1328 1256 1369 pariter
1284 1334 1314 1358 et
1345 1334 1462 1368 agente
1491 1338 1565 1368 rege
1590 1327 1753 1358 Henricho

105 1379 284 1422 eodemque
307 1380 444 1421 patricio
460 1380 625 1410 Romanae
650 1379 814 1414 ecclesiae,
854 1379 1036 1410 Necessitas
1059 1384 1166 1410 autem
1191 1390 1254 1410 non
1278 1379 1374 1410 habet
1397 1379 1511 1420 legem.
1550 1378 1644 1410 Unde
1661 1378 1754 1409 Inno-

106 1432 230 1463 centius
253 1442 352 1473 papa:
387 1431 482 1468 Quod
505 1433 691 1470 necessitas,
722 1432 858 1473 inquit-³,
886 1443 950 1472 pro
974 1432 1112 1463 remedio
1136 1432 1267 1471 reperit,
1291 1436 1435 1462 cessante
1457 1432 1646 1462 necessitate
1669 1431 1755 1462 debet

106 1484 216 1526 utique
239 1495 377 1524 cessare,
407 1484 494 1526 quod
518 1484 661 1525 urgebat,
693 1485 772 1525 quia
797 1484 884 1514 alius
907 1488 952 1514 est
975 1484 1054 1514 ordo
1077 1482 1250 1524 legitimus,
1282 1483 1351 1513 alia
1374 1484 1560 1524 usurpatio,
1590 1494 1685 1524 quam
1711 1482 1755 1513 ad

103 1547 260 1577 praesens
274 1536 355 1576 fieri
377 1540 502 1577 tempus
525 1535 671 1576 impellit,
724 1535 829 1576 Igitur
850 1534 971 1565 factum
996 1546 1059 1565 non
1082 1540 1130 1565 est
1151 1535 1310 1565 hereticae
1335 1535 1502 1576 pravitatis
1527 1545 1645 1572 errore,
1670 1534 1754 1575 quod

107 1588 267 1619 consensit
290 1586 488 1628 Wigberdus
517 1587 637 1618 viventi
667 1586 773 1618 adhuc
800 1585 1022 1617 Hildebrando
1045 1586 1225 1627 subrogari,
1257 1597 1382 1616 summa
1406 1585 1528 1616 scilicet
1551 1587 1755 1624 necessitate,

107 1639 257 1681 quoniam
288 1643 415 1670 constat
445 1649 516 1669 eum
542 1639 661 1670 vixisse
684 1638 724 1669 ad
749 1639 914 1669 interitum
939 1637 1095 1669 ecclesiae
1125 1639 1244 1680 pariter
1267 1644 1298 1669 et
1321 1639 1368 1669 rei
1391 1637 1550 1679 publicae.
1606 1637 1694 1668 Nam
1724 1639 1755 1668 si

112 1691 314 1733 ‘Wiyberduffi
337 1690 452 1732 inquit,
466 1690 534 1731 fur
556 1695 584 1721 et
607 1691 765 1721 hereticus
789 1702 855 1721 non
870 1690 1007 1731 fuisset,
1030 1691 1151 1721 viventi
1174 1690 1282 1720 adhuc
1301 1689 1458 1731 Greyorio
1482 1689 1667 1720 nullalenus
1683 1688 1753 1720 sub-

106 1744 223 1784 rogari
245 1743 466 1774 consensisset.
511 1742 575 1773 Iste
600 1742 702 1782 magis
726 1741 777 1772 fur
800 1748 849 1773 est
872 1748 902 1773 et
926 1741 1092 1782 hereticus,
1117 1743 1170 1783 qui
1187 1741 1294 1772 furtim
1313 1740 1454 1772 collectis
1470 1740 1613 1782 undique
1629 1745 1752 1770 sancto-

1775 304 1808 329 ⁸1⁸.
1817 306 1849 326 ὑί]-

1775 515 1801 534 cf.
1813 515 1857 534 lac.
1867 515 1926 539 3,1s.

1775 618 1832 636 (jen.
1843 618 1863 640 ἓν,
1874 618 1907 636 24.

105 1805 175 1825 rum
205 1799 332 1836 patrum
363 1794 555 1825 testimoniis
578 1793 619 1824 ad
643 1793 880 1824 confirmandas
904 1794 1172 1824 ¹scismaticorum
1203 1794 1323 1834 pariter
1346 1799 1378 1823 et
1400 1793 1612 1824 hereticorum
1646 1798 1751 1833 partes
1771 1799 1846 1820 ⁸»..1.

106 1846 248 1878 introivit
268 1846 309 1877 ad
333 1845 539 1876 scribendum
564 1850 594 1876 et
618 1845 719 1876 exivit
742 1845 871 1876 aliunde
896 1856 991 1887 quam
1016 1856 1074 1886 per
1097 1846 1224 1884 ostium,
1256 1844 1341 1886 quod
1370 1850 1418 1875 est
1441 1844 1599 1881 Christus,
1630 1843 1751 1874 docens

106 1898 200 1929 etiam
223 1897 347 1939 absque
369 1897 517 1928 doctrina
533 1896 652 1928 Christi
677 1904 708 1928 et
731 1896 865 1939 loquens
888 1897 1010 1938 absque
1034 1898 1176 1934 veritate,
1201 1907 1284 1937 quae
1300 1901 1349 1926 est
1365 1895 1522 1930 Christus,
1547 1895 1649 1936 qualis
1667 1900 1752 1926 certe

106 1948 222 1981 dicitur
242 1948 468 1988 Antichristus,
493 1949 662 1990 quoniam:
691 1948 756 1985 Qui
779 1960 909 1988 mecum,
934 1949 1048 1990 inquit,
1072 1959 1136 1979 non
1161 1953 1214 1987 est,
1238 1953 1353 1978 contra
1377 1959 1424 1978 me
1447 1952 1500 1978 est.
1539 1946 1664 1985 Quodsi
1682 1945 1752 1977 Cle-

107 2011 195 2032 mens
218 2012 303 2042 papa
324 2011 400 2031 vere
424 2001 496 2042 pius
520 2005 617 2042 atque
648 2000 805 2042 pacificus
827 2000 955 2030 videtur
984 2000 1042 2038 his,
1073 2000 1126 2041 qui
1151 2005 1226 2030 sunt
1250 2010 1290 2029 ex
1321 1999 1535 2038 contentione,
1564 1997 1613 2028 vel
1636 1999 1667 2028 in
1694 1999 1752 2029 hoc

106 2051 274 2094 culpabilis
291 2063 371 2092 esse,
395 2052 491 2094 quod,
507 2058 603 2083 antea
618 2053 792 2094 episeopus
812 2052 943 2082 alterius
960 2051 1124 2089 ecclesiae,
1141 2061 1225 2081 nune
1241 2050 1345 2081 factus
1362 2055 1410 2081 est
1426 2050 1570 2091 pontifex
1588 2050 1750 2080 Romanae

107 2103 267 2146 ecclesiae,
298 2105 401 2135 sciant
433 2104 492 2134 hoc
520 2103 641 2135 licitum
671 2115 740 2134 esse
770 2114 810 2134 ex
840 2114 1001 2134 canonum
1031 2103 1266 2140 constitutione,
1297 2102 1471 2143 praecipue
1501 2106 1608 2132 autem
1634 2112 1674 2132 ex
1699 2101 1750 2132 de-

107 2156 200 2188 cretis
223 2155 384 2188 Antheros
415 2161 550 2197 papae⁴,
581 2156 607 2186 si
639 2167 702 2186 non
732 2154 829 2186 fuerit
851 2154 991 2185 ambitus
1020 2165 1125 2193 causa,
1155 2153 1212 2184 sed
1235 2160 1289 2184 aut
1313 2154 1502 2184 necessitate
1526 2159 1581 2184 aut
1606 2152 1750 2188 utilitate,

108 2207 196 2239 iuxta
217 2207 303 2250 quod
325 2207 440 2238 Petrus
464 2213 595 2238 sanctus
620 2212 651 2238 et
674 2208 826 2248 princeps
851 2205 1068 2248 apostolorum
1094 2205 1132 2236 de
1156 2204 1329 2236 Antiochia
1351 2205 1496 2236 utilitatis
1526 2215 1623 2235 causa
1653 2211 1751 2235 trans-

107 2257 188 2290 latus
211 2264 258 2290 est
281 2259 428 2300 Romam,
453 2264 486 2290 ut
508 2258 630 2290 ibidem
655 2259 762 2300 potius
786 2258 942 2300 proficere
966 2262 1083 2300 posset.
1135 2257 1294 2296 Quoniam
1320 2258 1389 2288 alia
1412 2263 1466 2297 est,
1491 2257 1625 2298 inquit⁵,
1649 2268 1750 2288 causa

109 2311 260 2342 utilitatis
283 2315 312 2341 et
333 2312 543 2351 necessitatis,
573 2315 600 2342 et
630 2310 699 2341 alia
722 2311 887 2341 avaritiae
911 2315 939 2340 et
961 2310 1242 2350 praesumptionis
1266 2314 1362 2350 atque
1379 2310 1539 2351 propriae
1564 2309 1751 2338 racuntatis.

210 2362 238 2396 7.
283 2362 398 2394 Utrum
429 2368 536 2394 autem
569 2363 610 2393 sit
641 2367 750 2403 pastor
781 2372 820 2392 an
853 2361 1102 2399 mercennarius,
1133 2362 1286 2401 cognosci
1309 2361 1470 2391 veraciter
1494 2372 1555 2390 non
1580 2366 1695 2401 potest,
1726 2361 1750 2390 si

107 2413 233 2444 occasio
249 2414 450 2445 necessitatis
467 2414 566 2445 deest.
604 2413 698 2444 Unde
723 2418 753 2444 et
777 2413 858 2444 inter
881 2419 1007 2444 caetera
1030 2423 1112 2454 quae
1136 2418 1207 2443 sunt
1225 2412 1383 2443 eiusmodi
1401 2412 1511 2443 scribit
1527 2420 1655 2443 sanctus
1675 2412 1751 2443 Gre-

107 2466 214 2506 gorius
237 2466 269 2496 in
293 2465 447 2497 homiliis:
480 2466 604 2507 Lupus,
634 2466 782 2507 inquiens
793 2470 815 2505 ὅ,
846 2465 1080 2506 superi-eniens
1110 2465 1246 2502 indicat,
1277 2475 1339 2505 quo
1364 2465 1497 2505 quisque
1520 2465 1630 2495 animo
1654 2476 1752 2504 super

108 2519 215 2560 qreqis
245 2518 425 2549 custodiam
452 2517 568 2548 stabat.
621 2517 706 2548 Ecce
735 2518 819 2548 enim
844 2515 1025 2547 Henrichus
1054 2527 1121 2555 rex,
1151 2527 1212 2546 non
1242 2521 1277 2546 ut
1299 2515 1499 2556 dispergeret
1523 2526 1597 2545 oves
1623 2514 1752 2546 Christi.

216 2599 242 2630 a)
264 2600 332 2631 patri
357 2601 378 2623 l.

215 2667 243 2700 1)
264 2666 321 2700 [V.
345 2675 433 2701 supra
462 2676 485 2693 c.
511 2667 539 2701 5,
565 2676 595 2700 p.
614 2667 683 2699 ⁵216,
712 2666 792 2698 infra
820 2674 842 2692 c.
870 2665 916 2691 13.
946 2665 1009 2698 14].
1098 2664 1126 2698 2)
1152 2664 1194 2696 ('f.
1220 2675 1242 2690 c.
1264 2666 1288 2697 1,
1308 2673 1340 2698 p.
1362 2665 1427 2691 155.
1517 2664 1547 2697 3)
1573 2665 1659 2697 Epist.
1685 2664 1750 2696 (li)

109 2716 146 2743 ad
168 2717 250 2750 episc.
276 2717 426 2744 ‚Macedom
457 2727 478 2743 c.
506 2718 533 2751 5,
564 2719 578 2749 ἓ
603 2718 628 2750 9,
653 2718 860 2743 Schoenemann
889 2725 918 2749 p.
944 2717 1013 2747 556,
1047 2716 1199 2742 Ilinsclzius
1222 2725 1252 2749 1¹·
1279 2717 1357 2748 550,·
1388 2716 1425 2747 cf.
1452 2715 1554 2740 Ιίωηῐῑο
1582 2716 1599 2742 l.
1632 2715 1659 2745 l]
1690 2715 1708 2739 l.
1734 2716 1750 2743 l,

106 2775 135 2801 p.
159 2767 229 2796 586.
331 2769 361 2804 4)
386 2769 475 2803 Epist.
500 2769 598 2795 Anteri
618 2778 714 2803 papae
736 2771 750 2799 ξ
774 2769 801 2800 2,
827 2768 978 2794 Hinsclzias
999 2777 1029 2801 p.
1050 2767 1117 2794 15²2.
1221 2768 1249 2799 5)
1272 2770 1286 2797 ξ
1310 2767 1337 2799 4,
1359 2776 1388 2801 p.
1411 2767 1476 2792 153.
1587 2767 1615 2790 tii
1641 2766 1700 2791 Lis).
1727 2766 1749 2797 J,

107 2817 177 2846 hom.
203 2819 250 2853 14,
273 2822 288 2851 s
311 2820 339 2853 2,
365 2820 436 2855 epp.
461 2821 485 2853 J,
511 2821 562 2846 coz.
585 2821 672 2847 1485.

181 2874 278 2898 Liboni
299 2875 332 2899 de
353 2875 406 2899 me.
439 2876 471 2899 11.
1484 2872 1517 2895 *28

1771 1958 1842 1977 Mani:
1854 1958 1920 1978 l‘.’,13(¹v
