2132 3067
223 456 288 475 1055.

161 509 225 527 Rom.
237 510 256 528 ¹2.
269 510 286 526 1,

208 559 243 585 ⁸p.
252 561 286 580 τιι.

219 1182 291 1206 (xix)

228 1745 284 1764 1085

311 152 371 182 2:54
740 151 791 177 DE
815 149 988 177 UNrrA'rE
1010 148 1218 176 ECCLESIAE
1241 148 1536 176 CONSERVANDA.

418 244 465 274 15.
513 241 581 271 llae
604 240 643 270 de
668 249 765 270 causa
781 245 812 270 et
829 238 978 269 Clemens
1001 248 1097 280 papa,
1121 239 1171 269 cui
1196 249 1283 269 more
1306 236 1483 279 apostolico
1508 242 1634 278 praeter
1656 236 1709 267 illa
1733 246 1816 278 quae
1839 236 1958 267 extrin-

310 305 402 324 secus
426 298 500 323 sunt
523 291 675 322 instantia
691 289 867 321 cottidiana
883 295 931 320 est
947 289 1128 321 sollicitudo
1146 290 1288 320 omnium
1307 288 1524 328 ecclesiarum,
1548 287 1692 319 decrevit
1707 287 1842 319 desertis
1858 286 1957 319 eccle-

311 346 363 375 siis
388 352 531 386 pastores
555 343 759 380 constituere,
783 342 808 372 si
834 342 894 382 ipsi
918 341 1098 372 desertores
1122 341 1267 382 episcopi
1291 340 1341 372 vel
1365 340 1520 372 admoniti
1544 339 1665 370 nollent
1680 339 1784 370 redire
1800 338 1841 370 ad
1858 339 1958 370 socie-

310 402 406 427 tatem
438 395 569 426 unitatis
598 393 762 425 ecclesiae.
816 392 866 423 De
897 392 1122 423 seditiosorum
1155 403 1283 434 quoque
1315 392 1540 433 episcoporum
1565 402 1664 422 causa
1693 398 1724 422 et
1751 391 1957 421 damnatione

310 447 473 488 praecepit
494 445 689 477 Germaniae
713 445 873 486 episcopis
897 445 928 475 in
951 443 1092 485 generali
1117 443 1259 485 synodo¹
1285 454 1392 484 agere,
1417 443 1471 484 qui
1493 444 1634 486 proprio,
1659 449 1693 474 ut
1716 443 1762 474 ait
1781 441 1957 484 apostolus,

308 499 426 530 iudicio
450 497 653 528 condemnati
677 503 793 536 essent,
820 501 929 537 utpote
952 500 1140 527 exercentes
1161 494 1283 536 praelia
1305 501 1336 525 et
1359 495 1533 526 seditiones
1550 501 1581 526 et
1597 494 1849 526 dominationem
1873 504 1958 535 sper-

309 557 431 588 nentes,
456 550 669 581 ‘maiestatem
693 555 800 578 autem
827 547 1102 588 blasphemantes3
1135 547 1189 588 qui
1220 545 1412 577 extulissent
1440 557 1473 577 se
1502 557 1598 588 super
1621 545 1824 577 altitudinem
1849 546 1958 586 regiae

310 602 477 643 potestatis
508 608 539 632 et
567 601 758 631 restitissent
788 598 981 630 ordinationi
1011 599 1140 629 divinae
1170 598 1402 639 dispositionis,
1431 598 1660 629 transferentes
1684 609 1785 638 regna
1807 602 1837 628 et
1859 595 1958 638 negli-

308 659 419 695 gentes
435 652 633 690 sacerdotia3
658 652 711 693 qui
729 651 824 681 etiam
844 651 983 691 pessimo
1000 661 1057 680 suo
1074 649 1232 691 exemplo,
1251 660 1313 691 quo
1330 655 1437 680 essent
1453 650 1586 691 periuri,
1602 648 1794 680 docuissent
1809 647 1960 680 obedien-

310 712 356 736 tes
381 705 441 736 sibi
466 703 611 735 intidelcs
627 713 696 733 esse
713 708 810 744 atque
834 701 979 741 fallaces3
1004 702 1057 743 qui
1075 702 1182 740 etiam,
1207 707 1318 743 utpote
1335 708 1591 742 transgressores
1608 701 1789 732 divinarum
1807 700 1959 731 humana-

311 767 445 798 rumque
468 755 587 796 legum,
611 754 824 785 instituissent
848 764 922 784 suos
947 764 1074 795 quoque
1098 758 1274 784 sectatores
1298 752 1416 783 divinis
1435 753 1647 794 humanisque
1671 752 1798 793 legibus
1821 762 1892 783 esse
1915 752 1961 782 in-

311 807 514 847 obedientes3
540 807 594 848 qui
619 807 726 846 etiam,
750 811 861 846 utpote
880 804 1052 836 violatores
1069 804 1358 836 ecclesiastieorum
1376 804 1631 845 privilegiorum,
1656 804 1878 845 permisissent
1892 803 1959 834 fau-

1979 454 1991 473 5

1981 709 2008 729 10

310 865 395 891 tores
418 860 556 901 partium
582 869 711 888 suarum
737 868 849 899 rapere
873 863 903 888 et
926 856 1066 898 diripere
1090 855 1175 887 bona
1200 862 1231 886 et
1254 867 1303 886 rcs
1328 856 1544 894 ecelesiarum,
1573 862 1608 886 ut
1631 855 1791 886 eiusmodi
1814 854 1960 886 homines
2005 860 2007 863 ’

310 917 418 943 essent
440 911 501 942 sibi
525 910 739 952 promptiores
763 908 803 939 ad
829 919 923 938 omne
947 907 1036 938 nefas
1059 907 1256 945 audendum,
1281 907 1398 949 quibus
1423 919 1463 938 ex
1488 907 1721 938 consuetudine
1738 907 1801 938 iam
1819 907 1911 949 quasi
1927 906 1960 936 in

311 970 456 994 naturam
482 972 574 992 versa
597 966 645 992 est
667 960 805 991 dulcedo
822 960 1088 999 coniurationum,
1108 960 1291 1000 rapinarum
1310 964 1406 1001 atque
1422 959 1687 998 homicidiorum;
1711 957 1824 1000 quales
1840 958 1962 989 scilicet

310 1015 455 1056 episcopi
482 1024 544 1044 uon
568 1018 677 1044 essent
700 1018 843 1053 pastores
868 1011 1084 1049 eeclesiarum,
1109 1010 1164 1041 sed
1183 1010 1332 1042 ductores
1349 1010 1516 1049 bellorum,
1541 1021 1603 1042 non
1620 1010 1769 1041 custodes
1786 1010 1960 1041 dominica-

310 1077 379 1096 rum
412 1065 531 1103 ovium,
562 1064 617 1095 sed
642 1070 677 1094 ut
699 1074 815 1104 graves
840 1062 905 1104 lupi
930 1067 1154 1104 persecutores
1185 1073 1305 1100 earum,
1337 1062 1559 1093 interfectores
1583 1063 1761 1093 animarum
1785 1063 1908 1104 pariter
1930 1067 1960 1091 et

311 1127 494 1159 corporum,
517 1127 590 1146 cum
617 1116 676 1156 ipsi
702 1114 742 1145 ad
767 1114 902 1144 tuendas
927 1119 1034 1155 partes
1057 1125 1132 1144 suas
1156 1114 1210 1144 diu
1236 1113 1436 1155 multumque
1453 1115 1501 1145 usi
1518 1114 1652 1145 fuissent
1675 1113 1824 1145 manibus
1848 1113 1961 1154 impio-

312 1179 381 1199 rum
405 1168 445 1198 ad
471 1168 664 1198 occisionem
690 1165 861 1196 multorum
888 1165 1064 1195 hominum.
1111 1165 1173 1196 Sed
1199 1176 1270 1195 cum
1297 1165 1376 1196 tales
1400 1171 1485 1197 certe
1501 1165 1619 1197 fuerint
1635 1165 1782 1207 episcopi
1799 1164 1961 1196 Saxoniae

311 1225 343 1251 et
365 1219 548 1250 defensores
566 1217 783 1255 Hildehranti,
807 1218 855 1247 sui
879 1216 1003 1248 seilicet
1026 1227 1141 1258 papae,
1166 1217 1415 1258 praesumebant
1439 1223 1545 1248 tamen
1569 1216 1792 1258 frequentibus
1809 1214 1961 1247 eonciliis

311 1283 344 1302 se
368 1281 509 1312 suosque
535 1275 711 1300 sectatores
736 1269 909 1299 iustificare
933 1274 963 1298 et
989 1268 1188 1299 Hem-iehum
1219 1279 1337 1309 regem,
1367 1279 1460 1310 quem
1487 1269 1547 1310 ipsi
1571 1269 1774 1310 potissimum
1797 1267 1837 1299 de
1860 1278 1961 1309 regno

311 1323 473 1354 Saxoniae
496 1321 696 1363 expulerant,
720 1321 873 1351 damnare
897 1319 1106 1362 eiusdemque
1130 1319 1344 1351 damnationis
1368 1327 1474 1351 notam
1501 1321 1665 1362 imponere
1687 1320 1849 1362 episcopis
1865 1324 1961 1361 atque

312 1374 514 1416 principibus
530 1378 561 1404 et
577 1373 726 1403 omnibus
743 1372 797 1414 qui
815 1372 1091 1402 communicarent
1115 1372 1145 1401 ei
1169 1378 1201 1402 et
1224 1372 1278 1414 qui
1303 1372 1441 1403 subiecti
1467 1377 1574 1403 essent
1596 1373 1635 1403 ei.
1674 1372 1816 1414 Ideoque
1831 1371 1960 1402 tandem

311 1425 484 1468 aliquando
508 1425 716 1456 constitutum
743 1428 802 1463 cst,
826 1423 1101 1454 consentientibus
1126 1423 1275 1464 utrinque
1298 1424 1468 1465 episcopis,
1493 1429 1527 1454 ut
1549 1435 1647 1454 causa
1669 1423 1784 1465 longae
1800 1428 1962 1454 concerta-

312 1479 417 1516 tionis,
449 1487 530 1519 quae
555 1487 618 1506 non
642 1477 745 1517 possit
766 1475 882 1506 contici
906 1475 1033 1516 gladiis,
1066 1475 1292 1506 terminaretur
1315 1475 1413 1508 libris.
1445 1475 1638 1507 laetantibus
1661 1475 1838 1507 admodum
1862 1473 1962 1513 laicis,

314 1540 447 1571 quorum
473 1529 603 1569 sanguis
627 1527 746 1558 effusus
770 1533 818 1558 est
842 1533 887 1557 tot
910 1526 1050 1568 praelim,
1076 1527 1160 1568 quod
1186 1527 1225 1557 ad
1252 1526 1310 1557 hoc
1332 1534 1521 1568 perventum
1546 1529 1597 1566 sit,
1622 1533 1656 1559 ut
1679 1538 1737 1569 per
1752 1527 1840 1569 ipsos
1856 1531 1962 1557 aucto-

314 1592 363 1613 res
387 1580 460 1612 belli
485 1585 596 1610 contra
620 1591 726 1619 regem
753 1578 952 1609 Henrichum
977 1578 1105 1609 decerni
1135 1578 1260 1616 debeat,
1290 1578 1376 1620 quod
1409 1579 1451 1610 ibi
1481 1580 1603 1610 iustitia
1631 1581 1683 1620 sit,
1714 1579 1798 1610 unde
1826 1578 1960 1609 victoria

313 1633 416 1672 fuerit,
446 1642 518 1662 cum
543 1631 605 1662 tale
629 1631 783 1662 iudicium
808 1631 960 1670 veritatis,
990 1630 1075 1671 quod
1105 1629 1257 1660 facillime
1288 1641 1327 1661 ex
1359 1630 1449 1661 libris
1472 1632 1668 1672 agnoscitur,
1698 1641 1761 1661 non
1785 1630 1887 1672 possit
1909 1629 1961 1660 vel

314 1684 376 1715 falli
403 1683 452 1714 vel
476 1682 596 1714 fallere.
650 1683 701 1713 Fit
725 1688 906 1713 conventus
939 1683 970 1711 in
1000 1681 1071 1712 loco
1103 1683 1157 1723 qui
1188 1681 1307 1713 dicitur
1330 1681 1538 1724 Gerstungun
1564 1683 1659 1714 XIII.
1683 1681 1756 1713 Kal.
1781 1681 1962 1720 Februarii,

314 1748 397 1767 anno
421 1735 544 1766 scilicet
559 1734 766 1765 MLXXXV.
783 1735 823 1764 ab
845 1734 1066 1764 incarnatione
1083 1733 1214 1764 Domini
1227 1740 1248 1764 ².
1287 1733 1368 1764 Tum
1388 1735 1492 1775 primo
1509 1733 1724 1766 Chuonradus
1741 1734 1962 1765 Traiectensis

314 1788 468 1819 eeclesiae
488 1787 676 1828 episcopus:
700 1785 817 1824 ιΕεοό,
840 1785 954 1827 inquit,
978 1785 1144 1825 ‘venimus,
1170 1792 1204 1816 ut
1221 1785 1394 1826 probemus
1412 1797 1452 1816 ex
1468 1786 1651 1817 testimonio
1668 1791 1851 1817 sanctorum
1869 1795 1960 1816 eano-

315 1851 388 1870 num
414 1850 476 1869 non
501 1839 688 1869 damnatum
712 1849 781 1868 esse
805 1837 854 1868 vel
879 1837 1194 1867 excommunicatum
1221 1849 1328 1878 regem
1353 1846 1496 1869 nostrum
1521 1838 1730 1877 Henrichum,
1759 1838 1819 1876 cui,
1848 1837 1874 1868 si
1898 1847 1960 1868 non

316 1897 465 1933 poterunt
488 1890 640 1932 prodesse
663 1889 749 1931 apud
773 1900 831 1919 vos
854 1900 891 1919 ca
915 1900 998 1930 quae
1016 1888 1159 1929 legitime
1177 1889 1323 1920 ordinata
1339 1896 1412 1921 sunt
1430 1901 1448 1920 a
1464 1889 1537 1921 Deo
1555 1890 1639 1920 circa
1655 1889 1807 1920 honorem
1825 1889 1962 1929 regium,

314 1943 426 1974 saltem
451 1943 510 1973 hoe
534 1941 710 1979 concedite,
740 1947 773 1972 ut
797 1952 834 1971 eo
859 1945 966 1971 utatur
989 1940 1066 1979 iure,
1090 1951 1153 1982 quo
1177 1951 1218 1971 ex
1242 1941 1361 1982 regulis
1384 1941 1612 1972 ecelesiasticis
1636 1951 1822 1972 concessum
1846 1945 1895 1971 est
1917 1941 1961 1971 uti

263 2008 293 2025 a.
317 1994 365 2025 vel
390 1994 518 2025 intimae
543 1994 574 2024 in
599 1992 733 2024 eeclesia
757 1992 931 2034 personae'.
973 1992 1013 2022 Et
1037 1991 1120 2022 dixit
1144 1992 1195 2022 ‘ad
1212 1992 1411 2023 &Vezelinum
1430 1993 1638 2034 Moguntinae
1662 1992 1817 2024 ecclesiae
1840 1992 1963 2034 episco-

316 2057 402 2087 pum,
427 2052 461 2076 ut
483 2051 629 2085 surgeret
652 2051 683 2076 et
707 2044 827 2085 legeret
844 2044 1019 2085 capitulum
1038 2043 1222 2085 quoddama
1239 2055 1279 2074 ex
1297 2044 1433 2075 decretis
1452 2044 1666 2075 Romanorum
1685 2043 1885 2086 pontificum.
1920 2044 1964 2074 At

316 2098 365 2128 ille
390 2098 529 2128 surrexit
553 2103 583 2127 et
606 2096 691 2137 legit,
717 2096 902 2137 quomodo²
926 2095 1021 2126 rebus
1045 2096 1112 2126 suis
1135 2094 1251 2137 aliquis
1275 2095 1459 2138 expoliatus
1481 2102 1535 2127 aut
1559 2107 1577 2126 a
1600 2095 1676 2126 sede
1700 2096 1831 2137 propria
1854 2095 1885 2126 vi
1909 2102 1965 2126 aut

317 2157 436 2180 terrore
462 2147 572 2190 pulsus
596 2159 657 2178 non
683 2154 789 2189 potest
811 2148 965 2186 accusari,
997 2148 1116 2185 vocari,
1147 2147 1281 2178 iudicari
1310 2153 1365 2178 aut
1388 2148 1544 2188 damnari,
1575 2153 1747 2189 antequam
1772 2147 1879 2178 omnia
1901 2146 1962 2178 sibi

317 2201 423 2231 ablata
446 2211 485 2231 ex
510 2200 633 2237 integro
658 2200 868 2230 restituantur
891 2205 919 2229 ct
945 2209 1016 2229 eum
1042 2199 1129 2229 omni
1154 2198 1324 2239 privilegio
1349 2210 1407 2229 suo
1432 2200 1481 2230 ius
1506 2199 1671 2240 proprium
1702 2199 1904 2235 reformetur,
1933 2204 1963 2230 et

319 2253 385 2292 ipse
411 2251 544 2293 pacifice
568 2251 622 2280 diu
647 2251 712 2280 suis
737 2251 860 2281 fruatur
884 2249 1069 2289 honoribus,
1100 2251 1251 2291 propriae
1282 2250 1349 2281 sedi
1373 2250 1562 2291 regulariter
1585 2252 1761 2282 restitutus.
1812 2250 1909 2290 Quod
1932 2255 1963 2280 et

320 2303 494 2333 Nicaenum
521 2302 683 2331 constituit
708 2301 891 2337 com-ilium,
917 2308 949 2332 ut
973 2313 1066 2332 nemo
1092 2301 1278 2343 pontificum
1304 2308 1488 2343 praesumat
1511 2301 1649 2343 aliquem
1674 2302 1740 2333 suis
1763 2300 1961 2343 expoliatum

319 2353 414 2384 rebus
437 2354 717 2384 exeniiiniuuieare
741 2360 795 2383 aut
821 2353 963 2383 iudicare
976 2359 996 2385 ⁴.
1051 2354 1101 2384 Ad
1132 2354 1209 2385 haec
1238 2364 1309 2384 cum
1336 2352 1551 2384 obmutuisset
1575 2352 1790 2384 Gebehardus
1814 2351 1962 2384 Salzbur-

320 2406 446 2445 gensis-¹¹
471 2404 624 2435 eeclesiae
648 2404 922 2446 archiepiscopus,
947 2405 998 2446 qui
1025 2416 1155 2435 eausam
1181 2406 1336 2436 adversae
1360 2405 1461 2446 partis
1487 2411 1555 2435 erat
1577 2411 1717 2443 acturus,
1741 2409 1853 2446 utpote
1876 2403 1962 2446 apud

321 2468 395 2487 suos
421 2457 559 2486 maxime
584 2456 632 2486 vel
657 2457 726 2497 ipsa
751 2462 912 2487 senectute
936 2467 992 2486 sua
1018 2456 1066 2487 vel
1091 2458 1227 2487 seientia
1251 2457 1481 2497 scripturarum
1513 2457 1580 2487 sive
1610 2456 1794 2498 eloquentia
1817 2466 1963 2486 reveren-

433 2543 458 2563 ιι)
480 2538 584 2570 quidem
609 2539 635 2565 1;
656 2537 803 2561 marnam-it
824 2537 943 2561 (ιόΙιΙηεί.
1019 2538 1046 2567 b)
1070 2538 1216 2569 saltzburg.
1241 2540 1263 2561 l.

434 2609 459 2635 1)
491 2608 568 2632 llaec
591 2607 711 2639 amnonius
733 2604 836 2640 primis
859 2607 954 2632 diebus
978 2606 1055 2632 Maii
1081 2616 1107 2632 (ι.
1139 2607 1224 2633 1085.
1251 2607 1430 2641 Μοῃαηίίαεὶ
1453 2610 1516 2632 acra
1541 2611 1588 2632 est.
1637 2606 1722 2633 Cuiam
1752 2607 1863 2632 decreta
1892 2607 1965 2641 quod

319 2659 457 2694 proximis
481 2659 609 2691 ‹irinceps
632 2658 714 2683 annis
739 2667 790 2683 non
815 2658 883 2683 satis
905 2667 998 2683 sci-ere
1017 2658 1162 2683 observata
1187 2659 1250 2689 sint,
1274 2662 1297 2684 e!
1321 2659 1394 2692 qnod
1414 2667 1521 2692 poenae
1537 2661 1635 2683 conlra
1652 2657 1832 2684 adversarios
1847 2657 1968 2684 Hem-ici

324 2711 488 2736 vonseitutae
518 2719 567 2734 nnn
596 2713 721 2742 ,viunptae
749 2709 802 2734 sin!
832 2710 865 2734 de
893 2709 961 2741 illis,
991 2709 1084 2734 multis
1111 2709 1179 2735 Iocis
1208 2710 1252 2735 ln'c
1281 2710 1350 2735 liber
1379 2709 1513 2744 queritur,
1633 2709 1663 2744 2)
1694 2710 1764 2735 Amr.
1793 2709 1966 2743 ‘'bui-yma

322 2762 437 2788 tradunt
466 2762 534 2786 duos
558 2764 706 2786 com-entus
730 2761 757 2785 iu
783 2761 851 2786 villa
875 2761 1051 2793 Gerstunqrm
1081 2763 1157 2786 actos
1186 2770 1251 2792 esse,
1281 2762 1397 2787 alterum
1426 2770 1453 2786 a.
1481 2761 1570 2793 1084,
1600 2761 1718 2786 alterum
1747 2770 1774 2787 a.
1801 2761 1880 2787 1085
1909 2760 1965 2795 (cs.

325 2814 378 2839 SS.
396 2813 476 2844 Xl'l,
491 2822 520 2846 p.
536 2812 618 2843 438).
679 2812 708 2845 3)
726 2811 868 2837 l’scudois.
891 2811 984 2844 I'raes.
1001 2814 1016 2842 5
1033 2811 1060 2843 G,
1074 2820 1103 2845 p.
1123 2812 1174 2843 18,·
1192 2812 1276 2837 Liber
1291 2821 1353 2839 can.
1371 2821 1394 2839 c.
1412 2812 1457 2844 13,
1471 2821 1500 2845 p.
1515 2812 1584 2838 486.
1646 2812 1675 2845 4)
1692 2812 1834 2839 Pseudois.
1848 2820 1879 2845 p.
1893 2811 1965 2838 468.

1983 969 2010 989 1⁵

1981 1227 2008 1247 2⁰

1981 1485 2010 1505 2⁵

1981 1743 2010 1762 ³0

1983 2000 2012 2020 ab

1982 2258 2014 2277 40

1983 2538 2015 2558 45

1985 2818 2021 2838 ⁶⁰-
