2132 3067
234 453 354 475 1011,1.'·,1'·.

379 151 440 179 2350
920 145 1111 172 BRUNONIS
1135 143 1305 170 EPISCOPI
1330 142 1475 169 SIGNINI

381 241 418 271 1⁴11
443 240 590 275 colligent
614 248 685 267 cum
711 235 840 275 maligni
865 235 1006 275 spiritus.
1059 232 1124 263 Illis
1153 233 1237 262 enim
1267 231 1404 262 traditur
1432 231 1485 272 qui
1509 230 1550 261 ab
1574 229 1711 261 aeclesia
1734 235 1910 272 separatur.
1956 230 2018 262 Sed

379 290 452 332 quid
485 289 526 319 illi
552 288 692 319 sacient?
736 287 777 316 Et
807 287 838 316 in
868 286 972 326 ignem
1006 285 1140 315 mittent.
1186 283 1237 313 Ad
1262 281 1364 324 quid?
1408 281 1463 312 ‘Ut
1485 281 1616 314 ardeat.y
1664 281 1769 312 Verba
1792 281 1914 313 Christi
1937 287 2021 322 sunt,

378 341 455 371 alios
479 350 614 370 canones
640 350 701 368 non
725 347 906 378 queramus.
951 335 1156 366 Manifestum
1181 340 1228 365 est
1250 335 1369 374 itaque,
1394 332 1479 374 quod
1504 338 1595 363 extra
1611 331 1781 364 aeclesiam
1806 344 1900 364 nemo
1917 333 2018 364 salva-

380 393 470 430 bitur,
502 391 570 420 sive
602 392 631 419 in
663 400 699 419 ea
729 389 795 419 sive
826 394 917 419 extra
945 398 1014 418 eam
1047 386 1229 428 baptizatus
1259 385 1365 416 fuerit.
1421 383 1514 415 Unde
1545 383 1627 414 hoc?
1677 384 1777 415 Dicat
1806 385 1921 416 iterum
1951 385 2020 426 ipse

379 443 549 473 Dominus:
574 441 612 471 S(
636 442 707 481 quis
733 441 767 469 ίτι
792 451 836 469 me
861 450 924 469 non
949 439 1117 476 manserit,
1142 438 1283 467 mittetur
1296 436 1398 476 foras
1422 437 1506 466 sicut
1526 435 1653 477 palmes
1676 440 1704 466 et
1729 441 1860 476 arescet,
1883 441 1911 468 et
1934 436 2021 468 colli-

377 499 447 535 gsem
473 505 541 523 enm
566 497 591 521 et
618 494 649 522 in
676 493 781 532 iynem
806 491 937 529 mittent,
969 495 995 520 et
1019 490 1120 519 ardet.
1168 487 1201 518 Si
1230 498 1306 528 ergo
1336 486 1387 518 ille
1416 487 1499 528 perit
1529 487 1583 528 qui
1613 486 1809 528 aliquand0=
1835 488 1868 518 in
1892 486 2021 519 Christo

378 545 444 576 t'uit.
477 544 530 573 Seli
562 544 592 573 in
617 554 653 573 eo
678 542 762 572 nonh
786 547 902 579 manet,
933 540 1094 582 quomodo
1124 538 1176 570 ille
1200 550 1262 569 non
1287 543 1408 580 pereat,
1439 539 1494 580 qui
1519 549 1685 580 nunquam
1709 539 1741 569 in
1765 549 1802 570 eo
1824 538 1885 570 fuit
1907 549 1967 569 nee
1989 539 2021 569 in

377 607 412 626 co
439 594 576 625 mansit‘?
620 594 682 632 Qui
707 594 790 624 enim
814 599 905 623 extra
928 592 1095 623 aeclesiam
1123 591 1316 632 baptizatur,
1347 590 1407 620 nisi
1434 590 1524 631 prius
1549 600 1643 632 quam
1676 589 1714 621 de
1737 589 1798 621 hac
1819 590 1886 620 vita
1916 594 2022 629 exeat,

377 646 529 677 aeclesiae
553 646 695 685 sotietur,
723 644 774 675 liic
798 654 961 685 nunquam
986 644 1047 674 fuit
1071 642 1118 673 vel
1144 643 1203 673 erit
1234 643 1265 672 in
1291 640 1431 680 Christo,
1461 642 1536 683 quia
1558 652 1723 683 nunquam
1755 641 1814 672 fuit
1837 640 1887 672 vel
1909 641 1969 672 erit
1989 641 2021 672 in

377 708 510 738 corpore
535 697 663 727 Christi.
707 695 886 726 Membrum
913 705 1050 736 namque
1075 694 1193 724 Christi
1225 704 1288 724 non
1318 698 1366 723 est
1395 693 1454 723 nisi
1487 693 1518 723 in
1543 704 1678 735 corpore
1702 693 1831 724 Christi.
1877 693 1913 724 Si
1935 692 2020 724 enim

378 754 542 789 separetur
571 759 588 778 a
619 758 752 788 corpore
784 746 913 786 Christi,
945 747 1006 777 iam
1039 756 1101 776 non
1131 750 1179 776 est
1209 744 1391 776 membrum
1423 744 1553 775 Christi.
1605 744 1733 786 Corpus
1763 749 1869 776 autem
1902 743 2022 776 Christi

377 806 467 830 extra
490 798 661 829 aeclesiam
694 810 756 829 non
786 804 843 829 est.
888 797 1042 839 Alioquin
1074 798 1145 838 ipsa
1168 795 1306 827 aeclesia
1328 800 1435 827 esset⁰
1458 801 1551 827 extra
1578 807 1611 827 se
1639 797 1753 838 ipsam,
1779 814 1816 819 —-
1840 796 1867 827 si
1891 795 2021 838 quidem

378 852 447 891 ipsa
476 850 610 881 aeclesia
638 856 685 880 est
715 849 852 891 eorpusd
877 848 995 879 Christi
1021 868 1058 872 -—
1083 848 1168 890 quod
1198 852 1245 878 est
1275 847 1518 878 inconveniens.
1564 848 1750 889 Baptismus
1781 848 1899 889 igiture
1930 852 2024 879 extra

377 901 543 932 aeclesiam
562 901 630 932 dari
648 906 761 942 potest,
786 901 938 943 prodesse
961 906 1066 931 autem
1091 910 1153 930 non
1171 904 1285 940 potest.
1332 899 1522 940 Baptismus
1545 900 1640 939 enim,
1664 900 1720 942 qui
1744 905 1836 931 extra
1850 899 2021 931 aeclesiam

377 953 480 991 datur,
504 953 637 983 formam
655 953 784 994 quidem
801 953 992 983 sacramenti
1018 950 1122 989 habet,
1146 951 1294 981 virtutem
1312 955 1419 982 autem
1436 951 1628 982 sacramenti
1645 962 1708 982 non
1729 950 1861 988 habet¹;
1885 950 2020 982 formam

378 1004 507 1045 quidem
540 1004 642 1044 habet,
675 1005 750 1045 quia
778 1004 813 1034 fit
843 1004 872 1033 in
898 1004 1025 1033 nomine
1050 1003 1154 1033 Patris
1184 1006 1216 1032 et
1239 1001 1314 1033 Filii
1345 1007 1377 1033 et
1401 1001 1541 1043 Spiritus
1571 1004 1684 1034 sancti.
1730 1002 1890 1034 Virtutem
1915 1007 2022 1034 autem

377 1067 439 1086 non
462 1055 566 1095 habet,
590 1056 665 1097 quia
688 1055 906 1086 remissionem
932 1060 1137 1095 peccatorum
1162 1063 1225 1084 non
1250 1059 1412 1095 operatur.
1457 1053 1565 1093 Quare
1588 1064 1665 1094 ergo
1692 1064 1756 1085 non
1780 1053 2024 1096 rebaptizantur

378 1107 430 1148 qui
462 1107 502 1137 ab
528 1107 674 1137 hereticis
698 1106 852 1137 veniunt?
897 1106 954 1137 Vis·
984 1106 1105 1146 audire,
1136 1104 1259 1147 quare?
1304 1105 1389 1144 Quia
1412 1105 1548 1136 formam
1576 1105 1731 1148 baptismi
1755 1105 1885 1145 habent,
1910 1105 1944 1137 id
1975 1111 2024 1137 est

378 1159 453 1200 quia
484 1159 544 1188 iam
575 1158 615 1188 ad
644 1159 878 1189 invocationem
903 1158 1070 1189 'l‘rinitatis
1102 1169 1142 1188 ex
1167 1167 1252 1199 aqua
1281 1157 1463 1198 regenerati
1487 1163 1570 1189 sunt.
1616 1156 1729 1188 Restat
1756 1167 1850 1198 nunc,
1878 1161 1914 1188 ut
1944 1157 1988 1200 [et
1999 1156 2022 1200 f]

379 1210 499 1251 Spiritu
529 1216 638 1240 saneto
669 1215 908 1250 regenerentur,
945 1209 999 1251 qui
1029 1214 1179 1251 operetur
1208 1210 1239 1239 in
1271 1209 1318 1240 eis
1349 1209 1569 1240 remissionem
1601 1213 1820 1250 peccatorum,
1856 1208 1941 1251 quod
1971 1207 2025 1240 illa

377 1261 479 1291 forma
510 1260 646 1291 visibilis
674 1260 750 1291 dare
777 1272 839 1291 non
872 1262 983 1302 potuit.
1036 1261 1104 1291 Nisi
1135 1261 1243 1292 enimf
1274 1261 1345 1302 quis
1375 1266 1505 1292 renatus
1536 1260 1633 1291 fuerit
1661 1271 1701 1291 ex
1733 1271 1817 1303 aqua
1847 1265 1879 1291 et
1902 1259 2024 1302 Spiritu

378 1318 497 1352 sancto,
521 1323 584 1343 non
607 1311 737 1343 intrabit
760 1312 792 1342 in
809 1323 942 1353 regnum
961 1312 1054 1343 Deig.
1100 1312 1282 1354 Utrumque
1307 1311 1438 1356 [enimh]
1463 1312 1526 1343 ibii
1545 1312 1763 1343 necessarium
1786 1316 1850 1344 est:
1875 1316 1907 1343 et
1921 1311 2026 1343 forma

378 1364 566 1394 sacramenti
591 1370 621 1394 et
644 1364 747 1394 virtus
770 1364 973 1394 sacramenti.
1011 1363 1192 1406 Utrumque
1216 1363 1432 1395 necessarium
1457 1369 1521 1394 est:
1546 1368 1577 1394 et
1599 1374 1684 1405 aqua
1707 1368 1738 1394 et
1754 1363 1906 1405 Spiritus.
1940 1362 2023 1394 Nam

379 1426 481 1456 neque
505 1426 587 1457 aqua
610 1415 677 1445 sine
702 1414 834 1456 Spiritu,
865 1426 969 1456 neque
994 1415 1135 1456 Spiritus
1162 1416 1231 1446 sine
1254 1425 1340 1458 aqua
1363 1414 1458 1446 solvit
1481 1414 1643 1446 hominem
1667 1427 1687 1446 a
1709 1415 1861 1456 peccatis.
1907 1414 2026 1446 Forma

379 1467 568 1497 sacramenti
593 1472 623 1496 ct
646 1467 731 1496 intus
755 1473 785 1497 et
807 1472 898 1498 extra
921 1466 990 1497 dari
1008 1472 1130 1508 potest3
1154 1467 1258 1498 virtus
1281 1472 1388 1498 autem
1405 1467 1598 1498 sacramenti
1623 1467 1710 1497 nonk
1733 1467 1795 1498 nisi
1817 1467 1902 1498 intra
1925 1465 2025 1498 aecle-

379 1518 458 1548 siam
483 1517 584 1548 datur.
631 1517 722 1548 Unde
747 1518 870 1549 sanetis
895 1518 1029 1549 Romani
1061 1519 1228 1560 pontifices
1258 1519 1375 1560 spiritu
1398 1518 1461 1550 Dei
1490 1518 1575 1560 pleni
1606 1517 1789 1549 admirabili
1822 1518 2025 1560 providentia

380 1569 621 1607 constituerunt,
654 1574 687 1599 ut
709 1568 740 1599 hi
766 1570 818 1610 qui
842 1569 882 1600 ab
908 1570 1055 1600 hereticis
1078 1571 1222 1610 veniunt,
1251 1571 1402 1612 quoniam
1426 1570 1560 1601 formam
1591 1569 1743 1612 baptismi
1766 1569 1896 1611 habent,
1926 1568 2026 1601 nulla-

381 1628 472 1651 tenus
497 1620 770 1660 rebaptizentur23
796 1621 870 1661 quia
886 1632 961 1651 vero
979 1622 1129 1652 virtutem
1154 1621 1247 1652 huius
1271 1623 1465 1652 sacramenti
1489 1633 1552 1653 non
1570 1621 1699 1660 habent,
1722 1621 1764 1652 ad
1787 1622 2025 1653 invocationem

381 1673 480 1702 sancti
507 1672 656 1712 Spiritus,
686 1673 739 1712 qui
764 1671 804 1702 ab
829 1672 976 1703 hereticis
1007 1674 1075 1704 dari
1100 1685 1162 1705 non
1187 1679 1302 1715 potest,
1334 1685 1392 1715 per
1414 1685 1528 1704 manus
1557 1674 1797 1715 impositionem
1821 1678 2026 1704 sacrosancto

381 1723 551 1753 chrismate
575 1723 813 1754 confirmentur.
859 1724 974 1763 Queris
1004 1725 1138 1756 fortasse
1168 1724 1418 1756 auctoritatem?
1463 1725 1603 1756 Dabitur
1627 1725 1696 1758 tibi.
1742 1725 1785 1756 Et
1810 1724 1872 1756 hoe
1895 1723 2026 1767 quidem

382 1775 595 1805 necessarium
621 1781 678 1812 cst,
707 1776 856 1816 quoniam
886 1776 917 1805 in
949 1776 1007 1806 hac
1031 1777 1190 1807 sententia
1218 1787 1281 1807 non
1313 1787 1423 1808 omnes
1455 1776 1653 1808 concordare
1683 1776 1842 1816 videntur,
1874 1775 2027 1808 videlicet

382 1832 414 1856 ut
445 1826 498 1866 qui
529 1825 568 1855 ab
599 1825 745 1857 hereticis
776 1827 907 1858 veniunt
934 1828 1126 1869 rebaptizari
1157 1828 1286 1870 quidem
1317 1839 1380 1859 non
1409 1827 1558 1867 debeant,
1588 1839 1681 1860 sacro
1711 1834 1819 1860 autem
1851 1827 2026 1859 chrismate

381 1877 559 1907 confirmari
595 1878 709 1908 iteruin
744 1877 888 1909 debeant.
935 1879 1125 1910 Praesertim
1161 1890 1233 1910 cum
1268 1879 1382 1911 beatus
1417 1880 1639 1922 Augustinus¹
1677 1879 1793 1920 dicat⁸,
1828 1879 1914 1922 quod
1948 1878 2026 1911 nulli

382 1934 579 1958 sacramento
604 1929 719 1959 iniuria
742 1929 890 1960 facienda
913 1932 962 1963 sit.
1000 1931 1036 1961 In
1061 1942 1125 1973 qua
1155 1942 1188 1962 re
1213 1930 1376 1962 multumm
1400 1931 1441 1962 ab
1464 1931 1536 1962 aliis
1559 1931 1732 1963 discentire
1754 1931 1893 1964 videtur.
1938 1929 2026 1970 Quid

382 1987 428 2010 cst
453 1981 536 2010 enim
569 1981 685 2011 iniuria
709 1983 899 2012 sacramenti
930 1983 990 2012 nisi
1020 1983 1210 2013 sacramenti
1242 1983 1430 2014 reiteratio?
1474 1983 1568 2022 Quod
1598 1988 1704 2014 autem
1737 1983 1894 2026 quaedam
1923 1992 2027 2014 sacra-

384 2038 489 2062 menta
517 2033 715 2068 reiterentur,
749 2039 780 2063 et
811 2033 959 2074 exemplo
991 2033 1217 2065 habundamus
1251 2040 1282 2066 et
1315 2035 1570 2066 auctoritatibus.
1616 2034 1782 2074 Quaedam
1811 2039 1917 2066 autem
1946 2034 2026 2075 dixi,

384 2084 457 2123 quia
480 2082 629 2124 baptismi
654 2089 683 2114 ct
707 2095 869 2115 sacrorum
894 2085 1039 2116 ordinum
1064 2086 1302 2117 reiterationem
1326 2086 1396 2117 fieri
1419 2097 1482 2117 non
1506 2086 1591 2118 licet.
1635 2085 1730 2117 Unde
1753 2092 1785 2118 et
1807 2087 1861 2117 in'·
1883 2085 2026 2117 conciliis

386 2134 542 2164 Africanis
567 2134 714 2173 legitur&
746 2136 819 2166 Non
849 2136 1038 2176 licet⁰fieri
1068 2137 1341 2179 rebaptizationes
1372 2143 1422 2169 etv
1452 2139 1716 2170 reordinationes
1746 2143 1775 2169 et
1804 2139 2026 2180 episcoporum

384 2186 623 2217 tra11slr1t1'0nes.
670 2187 711 2217 At
735 2198 810 2217 vero
840 2188 871 2217 in
901 2188 1036 2218 concilio
1062 2189 1182 2220 Niceno
1207 2190 1406 2231 praecipitur
1435 2189 1474 2221 de
1498 2189 1764 2229 Paulianistisq·⁵‚
1791 2194 1827 2220 ut
1856 2189 1897 2220 ad
1926 2188 2026 2221 aecle-

386 2237 462 2266 siam
482 2238 643 2267 venientes
668 2239 780 2268 iterum
799 2238 1011 2279 baptizentur,
1043 2246 1074 2270 et
1097 2251 1207 2271 eorum
1231 2240 1348 2281 cleriei,
1372 2242 1396 2271 si
1422 2241 1512 2283 digni
1536 2241 1666 2281 fuerint,
1688 2242 1806 2273 iterum
1827 2240 2026 2272 ordinentur.

446 2379 449 2391 ι
498 2359 521 2372 ai
546 2351 632 2381 aliqu-l
659 2354 678 2375 l.
764 2352 790 2382 b)
811 2353 863 2376 alia
887 2362 965 2377 mann
986 2362 1116 2385 supet-scr.
1141 2356 1162 2379 l.
1249 2356 1273 2382 c)
1297 2360 1372 2380 extra
1392 2356 1562 2388 semetipsam
1584 2359 1653 2380 esset
1673 2357 1698 2381 2.
1783 2356 1813 2382 d)
1833 2355 1887 2380 chr.
1908 2363 1979 2388 corp.
2000 2355 2025 2380 2.

389 2395 413 2416 ι-ἰ
438 2393 457 2417 X
481 2404 484 2415 ι
548 2396 640 2419 (liri-:i
678 2398 700 2420 ¹2.
759 2398 777 2423 fi
801 2407 850 2422 om.
873 2401 897 2423 ι’.
961 2404 990 2429 gi
1011 2400 1051 2424 cei
1074 2402 1098 2424 ⁴2.
1156 2400 1183 2426 h)
1204 2401 1275 2426 dees!
1299 2404 1321 2425 1.
1380 2402 1398 2432 i)
1422 2402 1511 2426 eadem
1532 2410 1624 2432 manu,
1645 2401 1691 2426 sed
1710 2401 1763 2426 alio
1784 2405 1871 2426 utrem
1890 2401 1978 2433 euppl.
2000 2402 2024 2426 1.

389 2442 414 2463 lm
440 2450 489 2464 non
512 2451 643 2472 silwim-r.
666 2445 689 2465 ’.5.
767 2444 784 2467 l·
806 2446 969 2473 augustinus.
989 2446 1101 2476 primum
1124 2455 1140 2471 u
1161 2452 1282 2478 empuricl.
1307 2450 1328 2471 l.
1412 2453 1449 2472 ml
1471 2448 1581 2472 multum
1601 2448 1706 2473 videtur
1725 2448 1758 2472 ab
1779 2448 1839 2473 aliis
1860 2447 1964 2472 differre
1983 2447 2026 2472 vel

389 2487 525 2510 ‹l=s÷··11‹ir··
548 2489 570 2511 2.
647 2496 675 2511 n»
698 2489 783 2512 vav-:i
808 2499 884 2513 manu
907 2499 1035 2521 sapei-scr.
1061 2493 1081 2516 1.
1159 2494 1185 2524 ο)
1205 2494 1285 2518 licent
1306 2495 1330 2518 2.
1403 2494 1433 2526 p)
1455 2498 1481 2518 et
1500 2494 1585 2519 reord.
1606 2494 1660 2519 des.
1685 2494 1708 2519 1.
1776 2494 1804 2527 q)
1825 2494 1980 2527 paulianitis
2000 2493 2025 2518 2.

500 2590 506 2612 l
549 2589 590 2620 ljvl
620 2590 770 2614 lurum-«lie
795 2592 812 2615 Ι.
832 2593 869 2618 ΙΙ.
900 2596 912 2621 ς’
939 2593 963 2624 7,
992 2603 1077 2626 supr-a
1099 2603 1129 2628 p.
1149 2594 1218 2620 324.
1351 2596 1379 2629 2)
1405 2596 1448 2628 Cf.
1475 2595 1552 2622 Petri
1578 2596 1716 2622 Damiani
1738 2596 1824 2622 Liber
1850 2595 2028 2631 gratissimus

390 2648 412 2664 r.
431 2640 478 2664 232.
499 2641 544 2665 ἰῖζὶ.
572 2641 666 2666 ΙᾸΙινἚᾎ
688 2642 707 2667 Ι.
732 2651 758 2674 p.
778 2643 813 2666 Gt:
832 2654 887 2676 ⁸¹1⁷-
963 2645 991 2674 2'»)
1016 2644 1105 2677 Epist.
1126 2646 1174 2671 ST.
1198 2646 1236 2671 ad
1261 2646 1427 2673 Donata-eas
1450 2651 1464 2678 ,s
1489 2647 1515 2679 9,
1544 2647 1615 2682 Opp.
1632 2649 1674 2675 ed.
1692 2648 1798 2674 Bened.
1816 2648 1856 2681 II,
1881 2647 1932 2675 col.
1950 2646 2027 2681 2125

390 2690 426 2722 nf.
452 2700 535 2723 supini
567 2692 716 2716 branimir!
740 2693 757 2719 l.
778 2694 815 2719 ΙῙ,
840 2698 852 2722 f<
879 2695 904 2720 (ἰ.
928 2704 954 2727 p.
974 2694 1043 2721 5324.
1165 2697 1194 2722 4)
1220 2697 1325 2723 concil.
1352 2699 1517 2732 CarUmqin.
1542 2699 1600 2729 Ill,
1625 2709 1647 2726 c.
1666 2699 1714 2733 38,
1738 2699 1838 2725 Mami
1861 2699 1943 2726 Cone.
1967 2697 2026 2731 III,

391 2742 439 2766 mi.
459 2742 526 2768 ⁸⁴⁴3,
554 2742 703 2767 ΙΙιίικιἸιίηε
725 2753 752 2776 p.
772 2747 839 2770 2¹:⁴2⁸.
947 2747 975 2770 s»
1001 2748 1102 2772 t'onci'l.
1126 2748 1280 2773 Xr'caenum
1306 2759 1328 2775 c.
1351 2750 1395 2778 19,
1420 2750 1518 2775 Manen·
1544 2750 1626 2777 Cone.
1644 2751 1685 2783 II,
1710 2751 1762 2777 col.
1781 2750 1851 2782 683,
1877 2748 2027 2777 Hinsckl'ut

387 2802 416 2826 1²⁴
435 2794 503 2818 2010,

2043 705 2068 725 1⁰

2042 963 2068 982 15

2043 2599 2071 2620 a
