2132 3067
33 726 59 745 10

32 986 55 1004 15

28 1243 53 1262 *20

27 1502 52 1522 25

26 1759 53 1778 80

27 2016 53 2036 85

27 2273 53 2293 ⁴0

27 2581 54 2601 45

574 161 725 188 CONTRA
750 161 926 188 DECRETA
949 162 1121 190 TURBANI
1144 164 1223 190 VIII.
1660 164 1718 194 411

79 251 374 291 transgressionum
393 250 489 291 culpa
506 251 667 290 respiciet,
691 251 720 280 si
743 251 777 281 in
795 252 904 281 causis
921 251 984 281 Dei
1007 252 1133 283 ctesicles
1147 253 1317 293 fuerimus
1340 256 1473 286 inventi.
1520 256 1608 286 Sane
1632 261 1721 287 reatu

78 303 200 333 nmiore
216 300 387 343 delinquit,
404 303 461 342 qui
474 303 601 342 potiore
618 301 738 332 honore
751 301 950 342 peifruz‘tur,
967 308 995 332 et
1010 305 1269 345 yraviorafricit
1282 307 1369 336 vicia
1384 308 1608 347 peccaminum
1624 308 1721 339 subli-

78 355 174 385 mitas
189 353 401 394 diynitatum.
440 352 535 382 Hunc
553 351 658 383 iuditii
676 352 831 392 ordinem,
854 352 1015 388 Turbane,
1039 355 1233 395 perturbasti
1252 362 1282 387 et
1300 359 1535 398 preposterasti,
1558 359 1633 389 dum
1657 370 1721 399 eos,

78 405 131 447 qui
147 405 178 435 in
196 404 307 434 maiori
327 403 438 434 ordine
455 403 628 434 aecclesias
645 409 800 444 emerunt,
825 405 855 434 in
873 404 993 436 eisdem
1011 406 1186 445 aecclesiis,
1212 409 1349 438 servatis
1367 408 1544 447 ordinibus,
1570 410 1608 440 ad
1635 411 1722 452 peni-

77 457 207 488 tentiam
232 455 400 493 admisisti,
431 466 484 486 eos
510 466 596 494 vero,
626 456 679 497 qui
705 456 735 485 in
760 455 939 486 minoribus
963 456 1129 488 ordinibus
1153 458 1325 489 aecclesias
1351 468 1506 501 emerunt,
1536 461 1576 492 ab
1601 462 1720 493 eisdem

75 506 240 539 aecclesiis
264 506 390 538 extrudi
415 512 446 536 et
469 507 509 537 ad
532 506 633 537 aliasa
657 507 823 538 transferri
848 507 1029 538 decrevisti.
1069 508 1194 546 Quibus
1211 511 1319 541 verbis
1341 512 1595 553 aequipollenter
1611 514 1722 544 dixisti

76 560 198 590 minora
225 569 294 589 esse
317 563 451 600 peccata
475 557 675 589 sacerdotum
699 569 794 600 quam
819 559 1005 589 inferiorum
1029 559 1184 592 ordinum.
1211 562 1385 592 maioremb
1410 574 1478 594 esse
1502 566 1720 603 symoniacam

75 610 212 642 heresim
243 610 274 640 in
305 610 416 640 ordine
448 609 589 640 inferiori
620 620 715 651 quam
746 611 914 651 superiori.
961 610 1024 641 Sed
1056 621 1113 641 nos
1145 611 1207 642 adc
1232 613 1363 644 decreta
1387 599 1568 646 sanctorum
1594 622 1720 657 patrum

75 661 243 694 redeuntes
268 672 339 692 cum
364 662 483 692 sanctis
508 661 661 691 dicimus:
687 661 826 700 ‘Quanto
842 662 962 703 gradus
979 661 1082 701 altior,
1107 668 1194 693 tanto
1213 665 1327 695 casusd
1347 666 1495 698 inferior'.
1541 667 1622 698 Illud
1648 680 1722 699 vero

75 725 191 745 novum
215 712 398 753 ridiculum,
431 718 465 743 ut
487 718 560 754 post
583 713 801 754 symoniacam
826 712 865 744 de
889 713 1046 744 aecclesia
1070 714 1111 745 ad
1136 715 1323 746 aecclesiam
1349 724 1474 748 servato
1500 719 1610 749 ordine
1635 721 1720 761 quis-

75 777 169 808 quam
194 765 414 801 transferatur,
439 775 509 795 cum
529 764 671 806 synodus
690 763 959 795 Calcedonensis¹
985 765 1115 808 publice
1139 766 1263 807 clamet,
1288 774 1321 798 ut
1346 770 1524 809 symoniaci
1548 771 1578 800 in
1604 771 1722 802 iudicio

75 817 214 848 convicti
238 816 439 858 deponantur
462 828 480 847 a
503 827 594 846 sacro
619 815 740 854 ordine,
772 822 802 847 et
830 815 901 847 laici
932 818 1265 849 excommunicentur.
1312 820 1435 861 Spiritu
1464 823 1580 852 erroris
1606 824 1722 862 omnia,

75 869 237 910 Turbane,
261 868 397 899 turbasti
414 868 445 898 in
462 873 615 909 quantum
634 868 767 909 potuisti
777 873 798 899 θ.
844 867 948 906 Unde,
974 879 1082 910 queso,
1107 871 1280 911 concepisti
1302 882 1355 901 eos
1377 872 1480 903 minus
1499 884 1643 913 peccare,
1668 875 1721 916 qui

75 921 106 951 in
129 919 285 951 aeeclesia
309 919 446 951 ordinati
469 919 509 950 ad
535 919 670 950 heresim
695 920 898 957 transierunt,
930 931 1024 961 quam
1057 921 1110 962 qui
1135 927 1225 952 extra
1249 921 1437 953 aecclesiam
1465 924 1600 955 ordinati
1626 930 1723 956 sunt?

75 971 233 1014 Equidem
257 972 338 1002 sacri
362 982 500 1002 canones
525 982 597 1001 cum
623 971 736 1001 minori
758 972 936 1012 penitentia
960 982 1015 1002 eos
1039 972 1210 1013 recipiunt,
1235 974 1289 1014 qui
1307 979 1397 1004 extra
1414 975 1602 1006 aecclesiam
1621 978 1723 1018 bapti-

73 1024 134 1055 zati
150 1023 200 1055 vel
217 1023 353 1054 ordinati
372 1028 454 1062 sunt,
480 1022 533 1053 ins
550 1033 604 1054 eos
622 1033 697 1053 vero
714 1023 870 1054 acerrime
887 1024 1063 1054 decernunt
1074 1023 1094 1063 f,
1119 1024 1172 1065 qui
1190 1025 1272 1055 intra
1288 1025 1475 1056 aecclesiam
1502 1027 1655 1068 baptizati
1673 1027 1722 1059 vel

73 1076 208 1107 ordinati
231 1075 272 1106 ad
296 1074 433 1106 heresim
457 1079 602 1116 apostate
626 1074 702 1105 facti
726 1074 978 1106 declinaverunt.
1023 1074 1177 1105 Testatur
1206 1076 1265 1107 hoc
1296 1076 1409 1108 beatus
1436 1078 1667 1110 Innocentius²
1691 1080 1721 1109 in

73 1127 210 1167 decreto,
235 1127 327 1158 cuius
351 1127 477 1158 initium
501 1132 566 1157 est:
591 1126 741 1157 ‘Ventum
765 1131 814 1157 est
835 1125 875 1157 ad
901 1127 1031 1157 terciam
1058 1128 1275 1169 questionem'.
1315 1128 1405 1160 Haec
1428 1135 1583 1161 testantur
1600 1131 1721 1162 maiora

73 1178 207 1210 concilia
236 1184 267 1210 et
298 1178 446 1209 doctores
470 1178 651 1217 orthodoxi,
683 1182 794 1209 contra
825 1189 904 1220 quos
936 1178 1051 1219 spiritu
1075 1180 1230 1210 avaritiae
1254 1179 1447 1220 delatranss,
1472 1182 1654 1222 Tarbanec,
1686 1194 1720 1213 os

73 1237 160 1262 tuum
184 1230 319 1273 posuisti
343 1231 374 1262 in
400 1229 534 1261 coelum.
580 1229 650 1260 Non
668 1229 812 1260 nullumh
831 1230 932 1260 sacris
949 1230 1126 1262 canonibus
1144 1230 1363 1272 preiudifium,
1388 1232 1549 1272 Turbane,
1575 1234 1721 1273 intulisti,

74 1283 148 1324 quia
164 1282 355 1314 canonicasi
376 1282 603 1322 ordinationes,
628 1292 647 1311 a
670 1282 865 1323 symoniacis
890 1281 1030 1312 nondum
1056 1283 1213 1313 accusatis
1238 1282 1287 1313 vel
1313 1290 1426 1325 sponte
1451 1286 1481 1315 in
1506 1285 1624 1316 iudicio
1648 1296 1721 1316 con-

71 1335 163 1365 fessis
186 1335 340 1365 canonice
363 1333 613 1373 administratas,
638 1332 815 1375 dampnare
840 1334 1076 1375 presumpsisti.
1123 1334 1252 1365 Etcum
1271 1337 1446 1366 necessitas
1464 1337 1602 1377 rigorem
1629 1348 1721 1368 cano-

72 1397 145 1417 num
176 1387 209 1417 in
239 1384 289 1416 his
320 1397 402 1428 quae
433 1384 683 1427 temperabiliak
707 1390 781 1416 sunt
804 1385 976 1426 temperari
1001 1386 1121 1427 exigat,
1154 1387 1316 1417 severitati
1346 1398 1505 1418 canonum
1530 1400 1591 1419 non
1617 1388 1719 1420 solum

71 1437 168 1469 nichil
192 1437 370 1478 detraxisti,
394 1438 493 1468 immo
517 1436 743 1468 discretionem
768 1437 954 1467 canonicam
980 1438 1119 1478 penitus,
1143 1444 1296 1479 quantum
1324 1439 1354 1469 in
1378 1445 1407 1470 te
1431 1440 1500 1478 fuit,
1525 1439 1720 1479 subvertisti,

72 1489 169 1520 dum⁰
193 1487 453 1531 intemperabilia
485 1488 693 1530 temperando
724 1489 927 1530 symoniacos
959 1489 1027 1519 sine
1052 1499 1184 1519 numero
1209 1490 1416 1531 confirmasti,
1448 1491 1523 1522 dum
1549 1492 1720 1522 canonicas

71 1541 297 1579 ordinationes,
321 1551 339 1571 a
363 1541 557 1582 symoniacis
581 1540 723 1572 nondum
744 1541 904 1571 accusatis
933 1541 1089 1581 canonice
1115 1540 1300 1581 celebratas,
1326 1549 1436 1572 contra
1460 1548 1643 1573 sanctorum
1669 1543 1721 1573 de—

72 1598 156 1624 creta
178 1592 393 1635 reprobando,
417 1598 447 1623 te
470 1592 575 1634 ipsum
592 1592 711 1634 'potius
729 1593 920 1634 reprobasti.
967 1592 994 1624 O
1015 1593 1246 1632 misericordia,
1271 1604 1288 1623 o
1312 1594 1425 1634 pietas,
1449 1593 1593 1635 legitima
1610 1594 1720 1637 damp—

71 1656 156 1680 nare,
187 1644 362 1686 dampnata
391 1644 423 1674 in
455 1644 678 1675 auctoritatem
710 1645 769 1675 sub
801 1645 931 1675 nomine
964 1644 1204 1675 misericordiae
1234 1646 1402 1676 revocare!
1456 1647 1557 1685 Quae,
1589 1647 1614 1677 si
1645 1657 1720 1677 vcra

72 1696 290 1727 misericordia
321 1701 415 1733 esset,
444 1696 550 1737 potius
581 1695 755 1735 severitati,
786 1695 873 1727 salva
901 1695 974 1736 fide,
1003 1695 1185 1726 detraheret
1209 1707 1304 1738 quam
1329 1697 1471 1728 adderet.
1517 1697 1587 1728 Non
1612 1703 1717 1728 autern

73 1747 221 1787 detraxit,
251 1747 307 1779 sed
331 1746 464 1787 addidit,
497 1748 550 1789 qui
574 1746 717 1788 legitime
740 1759 759 1778 a
781 1748 977 1789 symoniacis
1008 1747 1091 1778 intra
1118 1747 1311 1779 aecclesiam
1336 1748 1500 1780 ordinatos
1525 1749 1718 1790 reprobavit.

71 1799 136 1831 Nec
169 1799 440 1837 misericordiam,
474 1798 530 1830 sed
565 1799 780 1841 proditionem
815 1798 978 1841 publicam
1012 1798 1185 1830 aecclesiae
1219 1801 1420 1841 propinavit,
1456 1801 1510 1842 qui
1545 1801 1603 1831 sub
1639 1800 1718 1831 falso

72 1851 199 1882 nomine
229 1850 468 1882 misericordiae
499 1850 758 1892 intemperabilia
788 1849 998 1892 temperando
1030 1853 1234 1892 symoniacos
1266 1852 1298 1882 in
1328 1851 1445 1882 iudicio
1477 1852 1641 1883 convictos
1665 1851 1716 1882 vel

72 1908 183 1945 sponte
213 1903 390 1941 confessos,
422 1902 557 1933 servatis
588 1901 769 1942 ordinibus,
802 1901 944 1943 generali
976 1901 1104 1933 decreto
1136 1902 1176 1933 ad
1209 1903 1416 1944 penitentiam
1449 1904 1587 1937 admisit,
1619 1905 1716 1934 immo

71 1953 148 1986 falso
171 1954 370 1986 admittendo
394 1965 413 1985 a
436 1965 511 1985 vera
534 1955 712 1995 penitentia
736 1954 882 1985 extrusit.
935 1952 1002 1984 Nec
1033 1953 1121 1984 salva
1143 1959 1302 1996 potestate
1327 1954 1411 1985 sedis
1435 1955 1631 1996 apostolicae
1656 1966 1716 1986 nec

72 2005 158 2037 salva
187 2006 250 2037 fide
280 2007 396 2048 agitur,
427 2005 502 2036 dum
535 2005 725 2047 symoniaci,
756 2006 787 2035 in
819 2005 939 2035 iudicio
971 2006 1107 2036 convicti
1133 2005 1182 2036 vel
1207 2012 1319 2047 sponte
1344 2006 1492 2044 confessi,
1525 2017 1605 2048 quos
1629 2006 1715 2037 Petri

72 2062 210 2099 potestas
240 2062 271 2088 et
301 2057 381 2088 fides
411 2058 452 2088 ab
482 2058 568 2088 omni
593 2063 677 2088 sorte
702 2056 890 2088 clericorum
916 2056 1043 2097 repulit,
1075 2063 1187 2088 contra
1210 2062 1400 2098 potestatem
1425 2064 1455 2089 et
1479 2058 1592 2088 fidem¹
1620 2058 1716 2097 Petri,

72 2109 204 2140 servatis
235 2120 275 2140 ex
305 2120 390 2140 novo
422 2108 536 2140 iuditio
561 2108 737 2147 ordinibus,
767 2109 987 2139 admittuntur.
1033 2108 1113 2147 Quis
1138 2109 1221 2139 enim
1247 2120 1323 2139 sane
1347 2110 1447 2150 possit
1471 2109 1593 2140 dicere:
1617 2109 1716 2140 ‘salva

72 2160 156 2192 Petri
179 2159 388 2200 auctoritate’,
411 2159 466 2191 ubi
491 2161 560 2191 eius
583 2161 758 2191 auctoritas
782 2159 1035 2201 intemperabilis
1058 2159 1288 2191 conculcatur?

175 2213 205 2243 4.
242 2211 415 2243 Turbanus
438 2213 470 2242 in
495 2211 631 2253 epistola
654 2211 694 2242 ad
719 2211 933 2242 Lanfrancum
952 2211 1180 2253 Papiensem³z
1207 2211 1391 2243 Venditores
1415 2218 1442 2242 et
1465 2217 1620 2253 emptores
1644 2225 1712 2243 aec-

72 2263 325 2295 clesiasticarum
349 2275 459 2295 rerum
481 2265 657 2295 simoniaci
679 2269 765 2294 sunt.
810 2263 845 2294 In
867 2262 1016 2293 eadem⁴:
1040 2263 1158 2294 Haecm
1175 2264 1213 2293 (le
1230 2263 1327 2294 ortulis
1344 2264 1520 2304 catholicis,
1543 2265 1600 2305 qui
1625 2265 1713 2295 intra

73 2315 255 2347 aecclesiam
287 2320 372 2346 sunt.
420 2315 587 2347 Caeterum
617 2316 872 2346 scismaticorum
896 2319 924 2345 et
947 2315 1156 2345 hereticorum
1186 2320 1403 2353 sacramenta,
1435 2316 1591 2358 quoniam
1622 2321 1713 2346 eoetra

73 2366 260 2398 aecclesiam
283 2371 369 2406 sunt,
393 2368 490 2398 iuaeta
514 2371 700 2397 sanctorum
723 2371 856 2407 patrum
881 2367 1092 2405 tradiciones,
1117 2366 1238 2397 scilicet
1257 2365 1396 2408 Pela9i‹‘,
1414 2366 1578 2408 Greyoriz',
1602 2367 1714 2407 Anjsu-

73 2418 161 2458 stini,
185 2417 351 2458 leronimi,
372 2418 521 2459 formam
554 2419 681 2460 quidem
713 2422 1001 2456 sacramentorum,
1033 2429 1098 2448 non
1130 2423 1234 2449 autem
1266 2419 1397 2449 virtutis
1427 2417 1566 2460 effectum
1600 2418 1714 2449 habere

180 2532 206 2564 a)
228 2532 276 2557 has
297 2532 322 2557 2.
406 2533 435 2559 b>
457 2533 558 2557 maiora
582 2534 603 2557 l.
686 2534 710 2562 c)
731 2532 800 2557 deest
822 2533 846 2556 ⁶2.
929 2532 955 2560 d)
977 2533 993 2556 i.
1014 2540 1036 2555 c.
1059 2531 1084 2555 ⁵2.
1162 2532 1185 2563 e)
1209 2533 1320 2564 posuisti
1343 2533 1365 2557 1.
1388 2533 1412 2555 2.
1489 2531 1511 2561 f)
1532 2532 1601 2555 dces!
1623 2532 1648 2561 2,
1669 2532 1712 2555 ulai

73 2583 112 2600 ac.
133 2577 262 2602 dixerunt.
337 2579 365 2611 g)
386 2578 525 2603 declarans
546 2578 570 2602 2.
638 2578 664 2607 h)
688 2578 766 2602 nullis
788 2579 811 2604 ²2.
878 2579 898 2604 il
919 2586 1036 2602 canones
1058 2578 1082 2601 2.
1106 2591 1137 2595 -
1158 2578 1306 2610 yravi0rem
1327 2577 1367 2602 liic
1387 2578 1510 2602 mendam
1531 2578 1613 2602 inesse
1633 2582 1711 2609 pater.

74 2621 103 2652 k)
123 2624 280 2655 temporalia
300 2624 326 2648 2.
402 2624 423 2655 l)
444 2624 472 2649 P.
494 2625 511 2648 f.
534 2626 558 2650 2.
635 2624 670 2655 m)
693 2625 751 2656 Hec
771 2633 792 2648 c.

180 2721 206 2756 1)
231 2722 261 2748 C.
286 2722 313 2754 2,
343 2722 442 2748 Mami
470 2722 515 2755 VI,
546 2723 596 2752 coi,
624 2723 713 2749 1225.
823 2722 852 2755 2)
876 2722 968 2755 Epist.
995 2721 1041 2751 17,
1070 2722 1108 2748 ad
1137 2722 1220 2755 episc.
1251 2722 1383 2751 Maced-s
1415 2722 1451 2754 cf.
1475 2731 1506 2755 p.
1533 2722 1602 2755 410,
1631 2731 1656 2746 n.
1684 2721 1709 2747 Τ.

75 2769 104 2806 3)
127 2772 201 2798 Huic
223 2773 293 2799 inter
309 2781 355 2799 eas
372 2781 443 2806 quae
465 2778 573 2800 exstant
593 2774 702 2800 Urbani
716 2773 757 2799 II.
775 2773 905 2807 epistolas
921 2773 998 2798 nulla
1014 2773 1187 2800 inscribitur.
1254 2774 1282 2805 4)
1306 2773 1456 2806 Sequentia
1482 2782 1513 2798 ez
1530 2773 1646 2806 epi<t0Ia
1664 2772 1709 2798 17.

74 2822 111 2848 ad
132 2823 247 2850 Dacium
266 2833 400 2859 praepa&
423 2825 454 2852 S.
479 2825 602 2851 Iuventii
623 2825 736 2853 (Mami
759 2821 826 2857 XX,
851 2825 902 2850 col.
921 2824 991 2857 663,
1014 2825 1092 2858 Jaffe'
1116 2825 1210 2857 5743)
1234 2826 1377 2858 desumpta
1400 2828 1470 2851 mint.

1426 2880 1474 2902 52*

1740 1601 1750 1611 ²
1759 1603 1766 1621 ”.
1779 1604 1805 1621 7’.
