2132 3067
290 675 335 696 (40)

357 156 418 187 130
757 155 909 182 LIBELLI
934 154 1131 182 BERNALDI
1154 153 1393 182 PRESBYTERI
1415 153 1602 192 MONACHI.

356 260 436 279 inus.
481 246 561 277 Nam
588 246 664 287 quia
686 244 864 286 antiquitus
881 243 1082 285 patriarchae
1105 242 1158 274 illa
1180 243 1278 274 IIIIor
1301 243 1523 275 tantummodo
1539 243 1572 274 in
1589 243 1654 273 suis
1671 243 1836 284 synodicis
1860 253 1894 274 se
1909 253 2001 274 vene-

356 300 417 331 rari
437 298 602 341 protestati
621 301 705 336 sunt,
722 295 906 326 nullatenus
923 295 982 326 hoc
999 296 1030 326 in
1047 301 1233 336 contemptu
1250 294 1446 337 reliquorum
1464 293 1646 325 huiusmodi
1664 293 1871 325 conciliorum
1890 293 2004 325 fecisse

356 349 508 382 credendi
533 354 616 389 sunt,
640 347 696 379 sed
721 347 794 378 ideo
818 348 936 388 potius,
961 348 1037 389 quia
1058 346 1200 377 nondum
1225 345 1287 377 alia
1311 346 1501 377 habuerunt.
1552 346 1587 377 Si
1611 346 1695 376 enim
1719 347 1783 376 iam
1807 345 2006 385 habuissent,

357 401 468 444 procul
493 401 591 432 dubio
617 411 680 430 non
710 400 812 440 magis
844 398 908 438 illa,
938 409 1033 440 quam
1061 399 1122 429 ista
1146 398 1241 429 1111⁰r
1264 402 1539 439 eontempnerent,
1570 402 1682 439 utpote
1707 408 1790 440 quae
1813 408 1876 428 non
1900 397 2006 427 minus

357 454 517 485 autentica
541 458 572 483 et
595 451 791 483 universalia
814 456 847 481 et
869 449 1046 481 catholicae
1068 450 1260 492 professioni
1290 450 1471 481 necessaria
1497 449 1726 490 perspicerent.
1771 448 1865 480 Unde
1892 447 2006 480 beatus

357 505 535 545 Gregorius
559 513 645 546 papa
668 504 839 546 quintuma
862 501 1033 532 concilium
1065 508 1140 543 post
1167 500 1220 532 illa
1249 501 1344 532 1111⁰r
1371 506 1604 541 congregatum
1636 502 1668 531 in
1696 511 1753 531 sua
1777 500 1932 542 synodica
1954 500 2007 530 ad-

357 558 443 597 iecit,
475 555 561 598 quod
592 555 631 586 de
662 560 754 585 sexto
785 555 891 584 facere
921 564 983 584 non
1014 553 1127 594 potuit,
1156 552 1332 594 quiaillud
1357 553 1499 583 nondum
1524 552 1715 591 institutum,
1739 552 1795 583 sed
1818 552 1878 583 sub
1901 557 2007 584 sexto·

358 609 485 640 decimo
508 618 696 638 successore
721 617 778 636 suo
802 611 914 647 postea
938 605 1169 636 instituendum
1195 604 1289 645 longe
1314 605 1479 646 precessit.

465 660 547 691 Sunt
569 664 601 690 et
624 657 835 700 provincialia
859 656 1003 695 concilia,
1035 667 1116 698 qnae
1145 661 1219 698 post
1242 655 1294 686 illa
1317 654 1513 686 universalia
1535 655 1718 686 necessario
1742 655 1885 697 recipere
1913 653 2008 686 debe-

359 723 439 750 mus,
464 712 540 754 quia
564 716 595 742 et
618 711 650 740 in
675 709 735 740 illis
760 708 860 739 multa
883 707 1128 738 aecclesiasticis
1151 707 1290 748 negotiis
1307 708 1489 738 necessaria
1506 708 1717 748 repperimus.
1763 706 1886 738 Horum
1911 707 2007 737 etiam

359 765 616 796 observationem
640 762 712 803 ipsa
735 760 883 791 dem-emb
908 760 1125 790 Romanorum
1151 759 1339 801 pontificum
1364 766 1395 789 et
1417 763 1537 789 statuta
1559 758 1786 789 universalium
1810 757 2007 800 synodorum

359 816 452 847 nobis
483 815 643 852 indicunt,
679 823 761 854 quae
793 823 850 854 per
880 810 1023 852 singulas
1055 811 1237 852 provincias
1267 811 1431 841 annuatim
1465 810 1648 841 huiusmodi
1684 809 1821 840 concilia
1853 809 2007 841 celebrari

359 868 526 909 sepissime
551 865 748 907 precipiunt:
774 863 859 905 quod
883 864 1012 905 utique¹
1039 863 1200 893 incassum
1225 863 1438 904 preciperent,
1462 863 1523 893 nisi
1541 869 1571 893 et
1587 872 1645 892 nos
1667 860 1842 893 eorundem
1860 860 2008 892 concilio-

359 931 429 951 rum
454 917 660 950 rationabiles
686 917 860 947 sententias
884 915 1027 955 recipere
1051 920 1082 945 et
1106 914 1279 945 observare
1303 913 1520 945 decernerent.
1573 913 1724 944 Prctcrea
1748 912 1901 944 Gelasius
1924 922 2009 955 papa

359 973 390 1003 in
415 971 480 1001 suis
504 968 741 1000 decretalibus²
771 978 843 998 cum
875 966 914 997 de
946 966 1114 1007 scripturis
1143 965 1338 1007 recipiendis
1367 966 1434 997 sive
1458 976 1521 996 non
1545 964 1739 1007 recipiendis
1762 964 2009 1006 diligentissime

359 1028 520 1061 tractaret,
550 1026 624 1063 post
653 1020 868 1062 receptionem
895 1018 990 1048 1111⁰r
1015 1017 1243 1048 universalium
1275 1017 1485 1048 conciliorum
1517 1016 1682 1048 inferendo
1714 1016 1904 1047 sententiam
1935 1014 2008 1046 sub-

360 1074 483 1106 intulit:
517 1073 581 1103 Sed
612 1077 638 1103 et
669 1073 697 1103 si
728 1083 793 1113 qua
825 1070 967 1101 concilia
992 1081 1010 1099 (ι
1035 1070 1159 1100 sanctis
1187 1070 1341 1110 patribus
1372 1070 1522 1100 insritula
1555 1074 1640 1109 sunt,
1664 1074 1740 1110 post
1767 1068 1883 1099 horum
1907 1067 1965 1098 III
1981 1072 2009 1088 ⁰¹¹

361 1127 583 1158 auctoritatem
620 1129 647 1154 et
678 1123 868 1164 recipienda
901 1127 929 1152 et
960 1121 1175 1152 custodienda
1205 1121 1413 1151 (lecrevimus.
1473 1120 1554 1151 Item
1587 1125 1734 1150 sanctum
1768 1119 2009 1151 Calcedonense

361 1176 570 1208 concilium³=
602 1175 760 1216 It'eyulas,
784 1173 897 1214 inquit,
921 1177 1106 1203 sanctorum
1125 1178 1261 1213 patrum
1286 1184 1350 1213 per
1373 1172 1510 1213 sin-qula
1533 1183 1621 1202 nunc
1644 1182 1746 1213 usque
1769 1171 1909 1203 concilia
1932 1182 2007 1202 con-

360 1231 490 1260 stitutas
527 1228 701 1269 proprium
739 1225 841 1256 robur
872 1224 987 1254 habere
1017 1225 1226 1254 decrevimus.
1283 1223 1462 1254 Orientalia
1495 1229 1602 1254 autem
1638 1222 1775 1254 concilia
1807 1228 1838 1254 et
1871 1222 2010 1265 plurima

361 1279 607 1311 occidentalium
637 1278 700 1308 iam
731 1277 877 1307 instituta
907 1275 1046 1315 fuerunt,
1074 1286 1145 1305 cum
1171 1275 1231 1305 hoe
1254 1275 1294 1306 de
1318 1286 1427 1306 eorum
1452 1274 1693 1305 confirmatione
1717 1273 1916 1316 synodaliter
1938 1284 2010 1305 con-

361 1334 514 1364 stitueret.
562 1332 770 1371 Quapropter
792 1339 855 1359 non
879 1334 928 1359 cst
950 1327 1174 1365 dubitandum,
1206 1327 1282 1369 quin
1313 1331 1343 1357 et
1372 1326 1556 1357 huiusmodi
1580 1326 1789 1357 conciliorum
1815 1331 1934 1357 statuta
1956 1325 2011 1357 ob-

361 1395 487 1416 servare
511 1381 699 1421 debeamus,
728 1379 844 1422 quibus
867 1378 1042 1420 apostolica
1067 1379 1197 1409 decreta
1224 1385 1255 1409 et
1284 1377 1479 1409 universalia
1502 1377 1640 1408 concilia
1662 1376 1830 1419 astipulari
1853 1377 2011 1409 videmus.

468 1435 591 1466 Horum
615 1438 721 1463 autem
745 1431 807 1462 alia
832 1437 907 1462 sunt
934 1430 1110 1469 orientalia,
1133 1429 1196 1461 alia
1224 1430 1444 1461 occidentalia.
1490 1429 1668 1461 Orientalia
1692 1435 1775 1468 sunt,
1799 1440 1883 1471 quae
1909 1429 2012 1460 orien-

361 1488 438 1518 tales
463 1492 570 1528 patres
595 1485 817 1515 instituerunt:
847 1484 1045 1513 Anciranum
1070 1481 1204 1521 scilicet,
1228 1481 1490 1521 Neocesariense,
1517 1481 1718 1522 Gangrense,
1742 1480 2013 1517 Anthiocenumc,

361 1539 571 1572 Laodicensc,
597 1535 824 1567 sardicensed.

469 1591 667 1620 Anciranum
692 1586 863 1617 concilium
887 1591 961 1617 ante
985 1585 1138 1616 Nicenum
1163 1585 1261 1616 fuisse
1284 1584 1416 1625 legitur3
1448 1584 1503 1616 sed
1534 1590 1666 1627 propter
1696 1585 1850 1615 minorem
1875 1583 2013 1614 auctori-

362 1648 459 1674 tatem
484 1642 513 1672 ci
538 1642 568 1672 in
593 1640 705 1671 ordine
729 1637 938 1679 subponitur:
970 1639 1000 1668 in
1027 1648 1089 1679 quo
1114 1644 1222 1678 patres
1246 1636 1361 1667 XVIII
1388 1641 1568 1668 statuerunt
1591 1647 1731 1668 canones
1755 1635 1902 1675 XXIIII,
1933 1645 2011 1678 quo·

362 1705 431 1726 rum
457 1698 567 1724 auctor
591 1692 730 1722 maxime
756 1689 870 1720 Vitalis
894 1689 1117 1719 Anthiocenus
1148 1689 1321 1730 episcopus
1352 1687 1470 1719 dicitur
1501 1687 1609 1720 fuisse.
1653 1688 1908 1719 Ncocesariense
1939 1697 2012 1718 con-

364 1745 470 1777 cilium
498 1750 570 1786 post
593 1743 791 1774 Anciranum
816 1741 871 1771 sed
897 1746 969 1771 ante
994 1740 1150 1771 Nicenum
1176 1740 1274 1771 fuisse
1298 1739 1448 1770 traditur:
1478 1740 1510 1770 in
1540 1751 1603 1782 quo
1632 1745 1739 1781 patres
1764 1738 1895 1770 XVIIII
1919 1749 2013 1770 cano·

364 1810 420 1828 nes
446 1796 541 1827 Xllll
568 1800 757 1834 statuerunt,
789 1804 924 1835 quorum
949 1798 1061 1823 auctor
1084 1793 1225 1823 maxime
1250 1793 1309 1822 suit
1334 1791 1448 1822 Vitalis
1473 1791 1666 1825 Salaminiis,
1718 1790 1908 1832 Gangrense
1937 1801 2012 1822 con-

363 1849 470 1881 cilium
496 1853 567 1889 post
591 1847 747 1877 Nicenum
772 1846 870 1876 fuisse
895 1845 1027 1885 legitur:
1052 1845 1083 1874 in
1109 1855 1172 1886 quo
1196 1849 1303 1886 patres
1328 1843 1390 1874 XV
1413 1854 1553 1874 canones
1578 1843 1643 1874 XX
1667 1848 1857 1882 statuerunt,
1881 1846 2014 1885 propter

363 1900 519 1943 quasdam
543 1898 798 1930 aecclesiasticas
816 1897 1033 1934 necessitates,
1058 1896 1198 1927 maxime
1219 1900 1331 1926 contra
1346 1895 1545 1935 Eustasium7
1570 1896 1623 1937 qui
1641 1894 1780 1933 dicebat,
1804 1893 1890 1938 quod
1907 1893 2012 1925 nullus

363 1953 553 1992 coniugatus
581 1949 632 1981 vel
657 1950 711 1992 qui
736 1950 801 1979 suis
825 1948 974 1979 omnibus
999 1958 1061 1978 non
1086 1948 1289 1978 renunciaret
1318 1958 1408 1988 spem
1438 1947 1525 1988 apud
1551 1947 1655 1978 Deum
1688 1947 1804 1978 habere
1832 1951 1954 1988 posset,
1983 1950 2014 1977 et

363 2005 424 2035 alia
449 2003 634 2033 huiusmodi
659 2000 857 2042 blasphema.
908 2000 1147 2030 Anthioccnum
1172 2000 1203 2029 in
1226 1999 1368 2031 enceniis
1393 1999 1617 2040 Anthyochiae
1648 1999 1766 2030 factum
1797 2004 1855 2039 est,
1885 1998 1917 2028 in
1949 2008 2012 2039 quo

365 2063 471 2098 patres
498 2054 597 2085 XXX
622 2064 761 2084 canones
787 2051 883 2082 XXV
909 2057 1098 2091 statuerunt,
1122 2062 1256 2092 quorum
1281 2057 1394 2081 auctor
1418 2051 1477 2081 fuit
1499 2050 1662 2081 Eusebius
1687 2049 1869 2081 Palestinus
1892 2049 2013 2090 episeo-

365 2120 435 2150 pus.
487 2106 687 2137 Laodicensc
719 2103 902 2139 concilium,
935 2104 964 2133 in
996 2114 1058 2144 quo
1084 2109 1190 2144 patres
1216 2102 1313 2133 XXII
1340 2113 1479 2133 canones
1503 2102 1626 2133 LYIIII
1652 2107 1844 2142 statuerunt,
1875 2111 2013 2143 quorum

364 2168 476 2189 auctor
507 2159 566 2188 luit
588 2156 789 2187 Theodosius
820 2155 1002 2196 episcopus.
1054 2154 1244 2185 sardicense
1276 2154 1456 2191 concilium,
1488 2155 1519 2184 in
1551 2164 1614 2195 quo
1645 2160 1753 2196 patres
1785 2152 1844 2183 LX
1875 2162 2013 2183 canones

367 2211 446 2241 XXI
478 2214 668 2245 statuerunt,
700 2218 836 2249 quorum
868 2213 979 2237 auctor
1008 2207 1148 2237 maxime
1178 2206 1238 2236 fuit
1262 2207 1359 2237 Osius
1384 2205 1605 2237 Cordubensis
1634 2206 1805 2246 episcopus
1828 2209 1860 2235 et
1883 2208 2013 2235 sanctae

367 2262 528 2292 Romanae
552 2260 727 2291 aecclesiae
753 2259 885 2299 legatus.
933 2258 994 2287 llic
1018 2264 1066 2288 cst
1089 2257 1140 2288 ille
1165 2258 1272 2291 (lsius,
1298 2259 1352 2299 qui
1377 2259 1446 2288 vice
1469 2258 1569 2288 sancti
1595 2256 1739 2287 Silvestri
1765 2266 1869 2298 papae
1892 2255 2013 2286 Niceno

367 2314 502 2344 concilio
533 2312 661 2353 prefuit,
693 2311 746 2351 qui
778 2316 808 2340 ct
840 2311 870 2340 in
896 2310 1063 2350 Hyspania
1089 2320 1191 2350 usquc
1215 2309 1254 2339 ad
1280 2314 1407 2350 tempus
1432 2309 1612 2340 Constantii
1644 2308 1846 2349 imperatoris
1869 2307 2012 2346 duravit3

367 2366 419 2406 qui
445 2373 549 2395 tamon
575 2365 603 2393 in
630 2362 757 2395 ultimis,
791 2369 825 2392 ut
849 2362 988 2391 Severus
1014 2360 1178 2401 Sulpicius
1201 2362 1232 2390 iu
1257 2360 1438 2391 chronicis·
1463 2361 1529 2390 suis
1553 2365 1698 2394 testatur.
1730 2359 1806 2390 satis
1831 2359 1938 2400 inepte
1961 2357 2014 2389 de-

367 2417 475 2458 sipuit.
532 2415 611 2446 Nam
645 2425 715 2443 cum
742 2426 758 2444 a
784 2413 895 2453 legatis
919 2412 1063 2443 eiusdem
1090 2412 1218 2442 Arriani
1244 2412 1445 2453 imperatoris
1470 2413 1536 2442 sive
1561 2412 1774 2442 Ariminensis
1803 2409 1930 2441 concilii
1955 2420 2013 2451 pro

367 2468 548 2499 testimonio
574 2466 644 2496 lidei
671 2466 895 2506 inquireretur,
922 2465 946 2494 si
972 2464 1094 2494 Nicoma
1119 2464 1262 2504 synodus
1287 2463 1385 2493 tilium
1412 2463 1497 2494 l'atri
1527 2461 1707 2501 ὁμοοῦῡιον,
1739 2461 1771 2492 id
1800 2467 1848 2493 est
1878 2460 2014 2492 consub-

368 2519 558 2554 stantialem,
588 2517 673 2558 quod
699 2525 729 2547 ct
753 2516 1000 2547 eatlwlicorum:
1032 2526 1071 2545 an
1103 2515 1296 2548 {motor-(sior,
1330 2516 1359 2545 id
1387 2522 1434 2546 est
1466 2513 1666 2545 consimilem
1696 2520 1819 2544 tantum
1844 2518 2014 2552 assereret,

367 2571 452 2614 quod
486 2576 533 2600 ost
558 2570 784 2600 Arriamirumz
820 2567 881 2598 tale
913 2568 1012 2597 fertur
1043 2567 1170 2597 dedisse
1201 2578 1409 2608 responsum:
1442 2572 1611 2608 utrumque
1637 2573 1720 2597 reete
1744 2565 1824 2604 dici3
1854 2563 1939 2595 unde
1963 2563 2014 2595 de-

479 2682 506 2699 a)
528 2674 570 2698 iux'·
595 2675 616 2698 T.
694 2675 719 2696 Μ
744 2675 841 2698 der-er«
854 2682 880 2696 ra
903 2674 925 2697 Τ.
1003 2673 1027 2696 cl
1050 2671 1087 2695 bis
1110 2671 1232 2702 scriplum
1260 2681 1279 2696 ι,

479 2770 504 2794 l>
537 2768 562 2793 Γ.
587 2776 672 2801 supra
696 2778 723 2800 l».
745 2768 791 2791 Ιὶῖὶ.
861 2767 889 2799 23)
914 2765 957 2796 (fs.
983 2775 1024 2798 sp.
1051 2765 1098 2792 4⁸2.
1124 2766 1165 2790 ml.
1196 2764 1270 2790 'l'ln'vl
1297 2765 1316 2792 l.
1340 2774 1367 2797 2¹.
1387 2765 1456 2795 -157,
1483 2775 1507 2791 ιι.
1531 2765 1576 2790 15.
1649 2764 1678 2788 :35
1703 2764 1732 2789 C.
1754 2763 1765 2788 1
1793 2762 1877 2793 (vers.
1903 2761 2013 2793 Dion),

371 2833 392 2848 w,
418 2830 503 2854 supra
527 2830 555 2853 μ,
575 2820 621 2844 fif).
712 2819 740 2843 ⁴1>
766 2818 797 2844 l..
819 2818 855 2848 ll,
881 2827 902 2842 r.
923 2817 969 2842 w.
995 2818 1038 2841 cd.
1065 2816 1146 2840 llalm
1170 2826 1198 2849 p.
1218 2817 1265 2841 tw..

2029 717 2056 736 10

2029 974 2055 994 15

2029 1233 2056 1252 2⁰

2032 1489 2059 1510 25

2033 1749 2061 1768 80

2033 2006 2061 2026 85

2033 2264 2061 2283 40

2034 2523 2061 2542 15
