2132 3067
205 337 232 352 ιη,
242 334 345 356 )ῐ;ιιιὶι..’,,

259 364 291 383 18.

208 564 269 581 Itoni.
283 563 335 581 1ἱ·.4

228 615 268 634 101'.
280 615 314 637 27,
325 617 344 634 Β.

367 152 428 182 21⁴)
793 153 843 179 DE
864 152 1035 179 UNITATE
1058 151 1266 178 ECCLESIAE
1289 151 1584 179 CONSERVANDA.

367 245 449 274 sicut
474 254 568 282 mors,
593 244 622 272 in
648 242 756 273 clectis
779 241 840 272 Dei
865 241 989 282 integra
1014 245 1211 281 perseverat,
1236 241 1386 282 quoniam
1412 245 1509 281 eaput
1533 246 1563 271 et
1586 250 1712 282 eorpus,
1741 240 1827 282 quod
1852 246 1900 272 est
1921 239 2011 272 Chri-

367 302 433 325 stus
457 300 485 325 et
509 294 653 332 ccclesia,
677 293 717 323 ab
743 293 878 322 invicem
904 303 965 322 non
990 291 1161 323 discordat.
1196 291 1319 322 Poterit
1341 302 1417 322 sane
1441 290 1559 333 aliquis
1582 291 1705 322 solvere
1729 292 1760 321 in
1785 291 1833 322 his
1858 292 1911 334 qui
1935 291 2012 323 foris

366 351 439 377 sunt
462 347 638 384 caritatem,
662 355 743 386 quae
767 354 930 385 nunquam
956 348 1041 374 certe
1064 343 1097 373 in
1122 343 1232 374 electis
1256 343 1357 382 cadit3
1389 342 1429 373 de
1451 348 1576 373 caetero
1601 342 1686 382 velit,
1716 342 1804 383 nolit,
1833 343 1956 375 caelum
1980 349 2012 375 et

367 404 449 427 tori-a
473 397 561 438 prius
587 395 778 434 transibunt,
809 406 905 436 quam
930 394 979 425 vel
1003 395 1067 426 iota
1091 405 1190 425 unum
1214 393 1267 425 vel
1290 405 1372 424 unus
1395 405 1479 435 apex
1502 399 1683 435 praetereat
1712 395 1751 425 de
1775 394 1845 435 lege
1870 395 2012 435 Domini,

367 448 405 479 (lc
429 449 587 489 scriptura
614 447 756 477 Domini.
811 446 1031 487 Quaecunque
1055 451 1161 477 autem
1184 447 1311 487 scripta
1334 450 1420 486 sunt,
1445 446 1489 476 ad
1513 450 1655 476 nostram
1681 446 1863 477 doctrinam
1887 447 2012 488 scripta

366 505 451 537 sunt,
482 505 515 529 ut
542 511 604 540 per
631 499 829 539 patientiam
859 502 887 527 et
917 498 1169 528 consolationem
1197 499 1439 538 scripturarum
1472 508 1559 538 spem
1590 498 1776 536 habeamus,
1807 498 1891 528 sicut
1919 497 2014 529 docet

365 550 537 592 apostolus,
585 550 671 580 Ecce
695 550 779 580 enim
804 554 974 590 postquam
1000 548 1205 590 praedixerat
1227 548 1398 587 Dominus,
1421 554 1561 589 gentem,
1585 559 1666 590 quae
1691 559 1753 579 non
1778 549 1924 580 servierit
1945 549 2012 591 regi

381 602 551 643 Rabylonis
581 613 614 632 sc
638 602 838 632 visitaturum
863 611 933 631 esse
956 601 988 630 in
1012 599 1118 641 gladio
1143 606 1174 631 et
1197 600 1281 630 fame
1305 606 1336 631 et
1359 605 1448 641 peste
1472 619 1511 623 -—
1535 611 1592 642 per
1616 601 1702 642 quod
1725 600 1850 632 scilicet
1872 601 2013 632 testimo-

366 655 452 684 nium
478 654 560 684 sicut
589 659 619 683 et
648 664 705 694 per
727 651 907 694 apostolum
939 651 1031 683 docet
1060 651 1275 692 potestatibus
1304 651 1519 683 obediendum
1550 663 1619 683 csse
1643 671 1693 693 —‚
1717 658 1888 694 postquam
1917 652 2013 683 etiam

341 705 572 747 ·p1·:1cdixe1·:1t
603 704 793 735 sedechiam
819 714 929 744 regem
958 714 1017 744 pro
1046 704 1236 743 iuramento,
1268 703 1354 745 quod
1383 703 1532 743 solverat,
1562 704 1750 734 moriturum
1775 715 1845 735 esse
1868 704 1900 734 in
1925 713 2013 745 prae-

366 758 573 795 varicatione,
599 767 662 797 qua
685 755 872 796 despexerit
895 766 938 794 se,
963 755 1113 796 quoniam
1138 755 1352 786 iuramentum
1371 755 1504 786 Domini
1528 761 1586 796 est,
1611 755 1642 785 in
1667 756 1758 786 cuius
1781 755 1910 786 nomine
1933 755 2015 786 iura—

366 815 426 845 tur,
459 808 512 838 ubi
544 808 675 845 iustitia,
706 806 859 837 iudicium
889 812 920 837 et
942 807 1060 837 veritas
1085 807 1218 837 comites
1243 817 1311 838 esse
1340 807 1507 838 dicuntur:
1540 812 1613 848 post
1643 806 1733 846 haec,
1763 807 1906 850 inquam,
1937 806 2015 838 dicit

368 861 526 891 hominus
551 870 608 901 per
626 859 824 889 Hieremiam
850 859 1036 900 prophetam
1063 858 1102 889 de
1126 858 1302 900 prophetis.
1327 859 1425 889 immo
1449 858 1488 889 de
1511 858 1599 889 falsis
1623 858 1798 901 prophetis,
1823 858 1882 890 hoc
1906 863 1955 890 est
1977 857 2016 890 de

365 911 453 942 salsis
478 910 682 941 doctoribus:
706 909 826 950 Nolite,
850 911 965 952 inquit,
990 911 1108 942 audire
1126 910 1222 941 verba
1242 911 1478 952 prophetarum
1495 910 1672 942 dicentium
1689 911 1792 942 vobis:
1815 909 1934 942 ‘Nolite
1949 922 2013 942 ser-

367 965 435 994 vire
466 964 537 1003 reyi
563 961 762 1003 Babylonis',
793 963 874 1002 quia
905 963 1109 994 mendacium
1140 963 1208 1003 ipsi
1236 962 1416 1003 loquuntur
1446 962 1554 1000 vobis;
1586 963 1667 1004 quia
1689 974 1755 994 non
1779 963 1856 993 misi
1877 973 1940 1001 eos,
1969 963 2016 993 ait

368 1015 541 1052 Dominus,
565 1019 592 1043 et
616 1014 683 1054 ipsi
702 1013 901 1054 prophetant
925 1016 960 1046 in
984 1016 1113 1045 nomine
1134 1025 1201 1045 meo
1226 1014 1437 1052 mendaciter,
1460 1019 1495 1044 ut
1511 1014 1632 1044 eiciant
1648 1025 1714 1054 vos,
1737 1019 1765 1045 et
1785 1015 1929 1055 pereatis
1952 1018 2014 1045 tam

293 1085 297 1094 .
343 1092 346 1096 .
367 1077 432 1105 vos,
457 1077 551 1107 quam
574 1065 764 1106 prophetae,
795 1066 852 1106 qui
874 1067 1104 1097 vaticinantur
1126 1065 1225 1096 vobis.
1270 1065 1378 1096 'Certe
1403 1076 1523 1105 omnes,
1552 1070 1711 1107 quotquot
1734 1066 1895 1107 potestati,
1918 1066 2016 1096 immo

201 1388 301 1407 urinis:
308 1390 313 1405 1
320 1388 349 1408 ,2.

199 1478 242 1497 ler.
252 1478 286 1498 27,
298 1478 316 1496 T.
327 1478 346 1497 S.

261 1507 290 1526 17.

230 1643 273 1662 lor.
283 1643 318 1666 29,
328 1643 347 1662 7.

207 1695 242 1714 Pa.
254 1694 302 1714 l-ffl.
315 1695 347 1715 15.

368 1118 429 1148 Dei
455 1117 647 1147 ordinationi
673 1118 834 1157 resistunt,
857 1128 876 1148 a
900 1127 998 1158 regno
1023 1116 1084 1148 Dei
1109 1117 1201 1148 eiecti
1227 1117 1387 1158 perIbunt,
1417 1122 1447 1148 et
1471 1117 1591 1158 periuri
1615 1128 1748 1158 regnum
1774 1116 1837 1148 Dei
1858 1127 1923 1148 non
1947 1127 2017 1159 pos—

367 1168 527 1199 sidebunt.
574 1168 624 1199 Dc
648 1168 774 1200 duabus
798 1169 917 1210 quippe
934 1168 1118 1200 civitatibus
1135 1179 1240 1210 pauca
1256 1168 1398 1199 diximus
1416 1179 1524 1210 supra,
1548 1169 1639 1199 iuxta
1655 1168 1741 1210 quod
1758 1168 1871 1200 scribit
1885 1174 2016 1200 sanetus

368 1221 570 1261 Augustinus
595 1221 626 1250 in
651 1219 732 1251 libro
754 1220 896 1251 XVIIII.
914 1219 953 1251 de
970 1220 1098 1251 civitate
1116 1220 1213 1260 Dei1,
1237 1220 1276 1251 de
1300 1230 1365 1262 qua
1386 1219 1472 1251 dicta
1495 1225 1571 1251 sunt
1592 1219 1748 1261 gloriosa,
1772 1219 1828 1251 ubi
1851 1221 1934 1252 inter
1955 1219 2017 1252 alia

368 1271 514 1314 plurima,
546 1282 628 1314 quae
653 1279 727 1303 sunt
755 1271 924 1312 eiusmodi,
955 1271 1098 1314 loquitur
1125 1273 1202 1303 ista:
1237 1270 1405 1308 Quamdiu
1426 1273 1601 1314 permistae
1624 1277 1700 1303 sunt
1724 1272 1838 1303 ambae
1861 1273 2018 1310 civitates,

369 1325 490 1355 utimur
512 1328 539 1354 et
563 1336 621 1355 nos
642 1336 726 1365 pace
750 1323 946 1366 Babylonis,
976 1335 1016 1354 ea:
1039 1335 1106 1366 qua
1129 1329 1175 1355 ita
1198 1335 1262 1365 per
1276 1324 1379 1363 fidem
1400 1324 1546 1364 populus
1570 1323 1634 1354 Dei
1661 1322 1833 1364 liberatur,
1861 1329 1896 1354 ut
1926 1324 2018 1366 apud

370 1376 454 1406 hanc
477 1376 606 1407 interim
636 1378 907 1418 peregrinemuU
936 1381 1076 1417 propter
1099 1375 1185 1417 quod
1207 1380 1235 1406 et
1259 1375 1423 1417 apostolus
1446 1376 1617 1406 admonuit
1639 1375 1816 1414 ecclesiam,
1847 1379 1883 1406 ut
1910 1380 2019 1407 oraret

365 1439 428 1468 pro
454 1428 584 1468 regibus
607 1429 678 1459 eiu-s
703 1433 799 1470 atque
818 1427 1025 1466 sublimibus,·
1050 1427 1177 1458 addens
1199 1431 1227 1458 et
1250 1427 1372 1465 dicens,
1396 1431 1431 1457 ut
1448 1427 1587 1469 quietam
1606 1431 1633 1458 et
1648 1426 1865 1469 tranquillam
1881 1438 2019 1469 cyamus

370 1480 468 1509 vitam
500 1491 571 1510 cum
596 1480 684 1510 omni
710 1481 834 1521 pietate
861 1483 888 1510 et
919 1480 1068 1512 caritate.
1120 1479 1161 1509 Et
1186 1479 1347 1519 propbeta
1371 1478 1568 1517 Hieremias,
1596 1490 1668 1510 cum
1688 1479 1811 1520 populo
1834 1478 1899 1510 Dei
1921 1479 2019 1510 veteri

366 1532 619 1571 praenuntiaret
650 1532 873 1572 captivitatem
895 1536 923 1561 et
947 1531 1110 1562 divinitus
1132 1531 1320 1571 imperaret,
1349 1535 1383 1560 ut
1413 1530 1595 1561 obedienter
1622 1531 1707 1561 irent.
1735 1531 1771 1562 in
1795 1528 2017 1572 Babyloniam

374 1582 438 1613 Deo
461 1594 519 1613 suo
543 1583 640 1614 etiam
663 1583 727 1614 ista
749 1583 916 1623 patientia
939 1583 1122 1620 servientes,
1153 1583 1279 1613 monuit
1307 1587 1334 1612 et
1364 1582 1444 1622 ipse,
1473 1586 1507 1612 ut
1537 1587 1690 1612 oraretur
1709 1593 1772 1623 pro
1796 1581 1865 1621 illa,
1895 1581 2016 1622 dicens,

369 1635 447 1675 quia
470 1636 516 1666 ‘in
539 1635 608 1665 eius
630 1646 712 1675 pace
736 1639 780 1665 est
801 1646 873 1675 pas:
897 1633 1020 1665 vestra'.
1069 1634 1194 1665 Beatus
1217 1639 1323 1664 autem
1344 1633 1504 1674 populus,
1527 1634 1622 1664 cuius
1646 1633 1798 1664 dominus
1822 1633 1913 1664 Deus
1935 1634 2017 1674 eius,

369 1691 399 1716 et
423 1686 518 1715 miser
542 1685 680 1727 populus
705 1685 746 1716 ab
770 1686 830 1716 isto
856 1685 926 1717 Deo
950 1685 1117 1725 alienatus,
1148 1684 1253 1727 qualis
1283 1686 1380 1716 etiam
1410 1696 1472 1715 non
1500 1690 1549 1716 est
1579 1684 1707 1726 dignuS,
1736 1688 1771 1715 ut
1792 1684 1842 1716 vel
1870 1689 2016 1716 terrenae

369 1737 418 1767 vel
442 1736 587 1767 caelestis
611 1738 655 1768 rei
680 1736 829 1779 publicae
853 1738 894 1768 sit
916 1736 1066 1779 populus.
1119 1736 1182 1768 Res
1214 1735 1343 1779 publica
1374 1737 1458 1767 enini
1490 1736 1618 1777 dicitur,
1649 1735 1736 1778 quod
1760 1736 1801 1767 sit
1822 1747 1873 1768 res
1896 1735 2018 1778 populi,

369 1789 451 1819 sicut
473 1788 583 1820 scribit
606 1795 737 1820 sanctus
763 1789 966 1830 Augustinus
989 1789 1020 1820 in
1045 1789 1115 1831 ipso
1140 1788 1282 1820 XVIIII.
1306 1787 1388 1820 libro
1418 1788 1458 1820 de
1487 1789 1618 1820 civitate
1640 1787 1741 1828 Dei23
1776 1787 1833 1819 sed
1862 1787 2018 1830 populum

369 1851 437 1871 esse
461 1840 573 1872 definit
597 1848 722 1872 coetum
748 1840 962 1871 multitudinis
985 1841 1063 1871 iuris
1083 1851 1240 1872 consensu
1257 1840 1306 1870 vel
1323 1839 1468 1871 utilitatis
1485 1840 1709 1870 communione
1726 1839 1895 1870 sociatum.
1931 1838 2016 1878 Quid

370 1897 477 1922 autom
502 1891 587 1923 dicat
611 1893 687 1924 iuris
711 1903 915 1931 consensum,
945 1892 1140 1934 disputando
1163 1891 1316 1934 explieat,
1344 1903 1402 1934 per
1426 1891 1486 1923 hoc
1514 1891 1686 1923 ostendens
1713 1891 1782 1933 geri
1806 1892 1874 1922 sine
1897 1891 2020 1922 iustitia

371 1955 433 1973 non
458 1955 550 1985 posse
577 1955 641 1974 rem
666 1943 836 1985 publicam.
892 1943 952 1975 Ubi
974 1955 1061 1986 ergo,
1086 1945 1200 1986 inquit,
1223 1945 1354 1975 iustitia
1378 1955 1456 1974 vera
1480 1955 1545 1975 non
1570 1949 1624 1982 est,
1652 1954 1708 1974 nec
1731 1944 1785 1974 ius
1803 1948 1912 1985 potest
1934 1954 2017 1984 esse;

371 1997 456 2037 quod
480 1999 562 2027 enim
591 1999 660 2027 iure
675 1996 728 2036 fit,
748 1995 893 2037 profecto
918 1997 1000 2027 iuste
1015 1996 1067 2036 fit,
1091 1996 1179 2037 quod
1203 2001 1307 2026 autem
1325 1995 1367 2035 fit
1385 1996 1514 2035 iniuste,
1539 2007 1596 2026 uec
1620 1997 1690 2026 iure
1705 1995 1785 2035 fieri
1804 1999 1928 2036 potem
1951 2006 2017 2027 non

371 2048 451 2078 enim
480 2049 554 2078 iura
581 2048 722 2079 (licenda
745 2052 821 2078 sunt
845 2047 892 2078 vel
912 2048 1069 2088 putanda
1093 2047 1268 2089 quaelibeta
1293 2047 1409 2088 iniqua
1433 2047 1596 2077 hominum
1622 2048 1809 2078 constituta.
1857 2045 2017 2083 Quocirca

374 2099 427 2129 ubi
452 2111 513 2129 non
539 2104 581 2129 est
606 2111 683 2129 vera
708 2100 848 2138 iustitia,
878 2101 964 2131 iuris
995 2110 1154 2131 consensu
1184 2100 1327 2130 sociatus
1356 2103 1463 2129 coetus
1485 2099 1650 2130 hominum
1674 2110 1739 2130 non
1757 2103 1862 2140 potest
1884 2109 1961 2139 esse,
1990 2102 2018 2129 et

373 2150 441 2180 ide„
474 2162 528 2181 nec
561 2150 720 2191 populus;
752 2156 780 2181 et
805 2152 834 2181 si
856 2162 919 2182 non
943 2151 1097 2192 populuS,
1128 2163 1184 2182 nec
1207 2162 1258 2182 res
1283 2150 1415 2192 populi,
1445 2151 1501 2181 sed
1525 2151 1761 2192 qualiscunque
1783 2148 2017 2188 multitudinis,

372 2213 453 2242 quae
473 2203 589 2243 populi
615 2203 742 2233 nomine
765 2203 869 2243 diqna
895 2214 958 2233 non
983 2207 1036 2235 est.
1075 2202 1122 2234 Ac
1142 2214 1204 2244 per
1221 2202 1288 2242 boc,
1312 2203 1408 2232 sires
1427 2201 1563 2243 publica
1580 2213 1630 2232 res
1647 2206 1691 2232 est
1708 2200 1841 2243 populi,
1865 2206 1893 2233 et
1910 2212 2016 2243 popu-

371 2253 421 2281 lus
446 2265 505 2283 non
532 2258 586 2291 est,
611 2255 666 2294 qui
688 2265 842 2283 consensu
869 2255 953 2284 iuris
976 2255 1121 2285 sociatus
1145 2265 1210 2285 non
1235 2259 1290 2293 est,
1321 2265 1383 2284 non
1408 2258 1452 2284 est
1477 2258 1581 2285 autem
1605 2255 1669 2293 ius,
1694 2253 1750 2284 ubi
1772 2252 1864 2284 nulla
1886 2253 2017 2284 iustitia

371 2309 424 2342 est,
448 2305 562 2344 procul
587 2305 682 2334 dubio
707 2303 883 2345 colliqitur,
907 2305 962 2336 ubi
979 2307 1105 2336 iustitia
1124 2317 1187 2336 non
1206 2310 1259 2344 est,
1283 2316 1348 2336 non
1366 2317 1431 2336 esse
1450 2317 1513 2336 rem
1534 2305 1714 2347 publicam.
1763 2304 1894 2336 Iustitia
1913 2315 2016 2346 porro

371 2360 414 2385 est
439 2368 474 2382 ra
503 2356 614 2392 vir-tus,
638 2367 719 2396 «snae
743 2367 804 2386 sua
830 2358 946 2397 cuique
970 2357 1147 2388 distribuit.
1187 2356 1228 2387 Et
1251 2355 1344 2397 longe
1369 2368 1465 2398 supra
1486 2357 1569 2388 idem
1588 2357 1790 2398 Augustinus
1813 2356 1844 2386 in
1867 2354 1949 2387 libro
1972 2354 2015 2387 II.

371 2405 409 2435 dc
433 2406 560 2435 civitate
583 2407 663 2436 lui*
690 2407 895 2437 introducens
920 2409 1109 2438 sententiam
1135 2407 1183 2438 vel
1202 2408 1365 2449 Scipionis
1390 2408 1438 2440 vel
1455 2408 1550 2439 Tullii
1575 2409 1614 2439 de
1640 2419 1672 2439 re
1696 2407 1839 2450 publica:
1862 2407 1957 2440 Sicut
1978 2408 2014 2439 in

363 2457 500 2496 fidibus,
531 2458 643 2498 inquit,
675 2470 712 2487 ac
742 2458 832 2488 tibiis
863 2465 958 2500 atque
989 2465 1086 2490 cantu
1112 2461 1183 2501 ipso
1207 2472 1245 2490 ac
1268 2460 1399 2490 vocibus
1430 2465 1603 2491 concentus
1625 2464 1671 2491 est
1694 2460 1830 2501 quidam
1858 2458 2016 2491 tenendus

371 2520 409 2536 121·
433 2508 595 2538 distinctis
618 2510 717 2547 sonis,
741 2521 828 2551 quem
857 2512 1054 2541 itnnmtatunz
1081 2516 1177 2552 atque
1201 2511 1435 2552 discrepantem
1463 2523 1561 2543 aures
1583 2512 1730 2543 eruditae
1742 2510 1838 2552 ferre
1854 2522 1920 2542 non
1938 2521 2014 2552 poe·

348 2565 457 2597 ..suna
489 2560 578 2601 isque
609 2566 780 2590 concentus
805 2572 843 2589 121·
867 2561 1162 2593 dissimillimarum
1197 2574 1305 2593 vocum
1332 2563 1548 2594 moderatione
1573 2574 1704 2595 concors
1727 2567 1834 2594 tamen
1858 2561 2014 2603 ‘efficitur

371 2617 397 2641 et
422 2623 600 2651 congyruus,
625 2613 670 2641 siri·
695 2612 755 2641 02:¹¹
780 2614 912 2643 summis
937 2618 963 2641 e!
986 2614 1108 2653 infimis
1133 2619 1159 2644 et
1185 2614 1298 2645 mediis
1324 2615 1500 2645 interiectis
1524 2615 1706 2655 ordinibus,
1731 2619 1763 2645 ut
1785 2615 1885 2654 sonis,
1907 2612 2010 2644 mode-

482 2696 509 2715 nb
529 2692 599 2715 der-st
620 2693 686 2723 Any.
763 2693 789 2721 b)
810 2697 834 2716 ot
859 2694 880 2717 1.
903 2693 968 2724 Any.

481 2759 507 2786 1}
532 2758 561 2783 C.
586 2758 633 2789 *20:,
662 2758 731 2791 t‘lpp.
757 2758 817 2789 Vll,
843 2759 893 2783 vol.
919 2759 988 2791 571,
1014 2759 1050 2791 fs.
1075 2769 1160 2794 supra
1182 2771 1211 2794 μ.
1230 2762 1299 2787 202.
1375 2761 1405 2793 2)
1429 2761 1459 2788 C.
1485 2762 1533 2794 231,
1557 2762 1575 2788 l.
1599 2762 1618 2789 l.
1642 2762 1693 2788 col.
1719 2761 1789 2788 564.
1861 2761 1891 2794 3)
1915 2760 1945 2787 C.
1963 2759 2012 2793 21,

371 2812 384 2838 ς’
413 2809 434 2835 l.
454 2808 481 2841 ¹2,
505 2809 556 2834 col.
575 2808 623 2834 48.
643 2809 691 2834 49.

2034 715 2060 734 10

2036 972 2062 992 1⁶

2036 1229 2063 1250 2⁰

2037 1489 2063 1510 2⁵

2033 2262 2062 2282 4⁰

2031 2518 2059 2539 (ὅ
