2132 3067
249 1131 310 1150 1088.

331 158 392 187 246
757 159 807 184 DE
831 158 1000 184 UNITATE
1023 157 1230 184 ECCLESIAE
1256 157 1552 186 CONSERVANDA.

332 251 370 281 ab
394 249 510 280 illicita
535 260 566 279 se
589 248 722 289 quisque
745 247 969 278 conmunione
995 246 1177 287 suspendat
1199 252 1236 286 et,
1259 258 1337 290 quos
1357 248 1539 288 apostolica
1561 249 1649 279 sedes
1664 250 1699 280 in
1717 250 1879 280 consortio
1895 261 1977 281 com-

332 301 496 331 munionis
525 310 604 330 suae
634 310 699 330 non
730 299 857 339 recipit,
888 298 1018 329 omnino
1049 297 1207 340 refu-qim,
1238 309 1277 328 ne
1307 299 1386 330 inde
1414 310 1490 330 reus
1514 304 1589 330 ante
1618 304 1823 341 conspectum
1853 301 1977 331 aeterni

332 352 463 389 iudicis,
486 351 573 382 unde
592 354 723 392 poterat
745 348 883 388 salvari,
908 351 1074 380 consistat.
1120 348 1229 380 Idem·
1255 349 1405 381 Ianuario
1429 351 1584 392 episcopo
1601 350 1786 382 Sardiniae:
1808 351 1870 383 Eis
1890 363 1975 389 vero,

331 405 386 444 qui
410 403 448 434 ab
472 401 691 433 ecclesiastica
722 401 944 432 communione
973 405 1049 431 sunt
1077 402 1241 442 suspensi,
1273 401 1383 432 nullus
1413 401 1586 444 religiosus
1608 403 1785 434 secundum
1813 414 1976 434 canonum

329 458 507 495 praecepta
529 454 700 494 iungatur,
723 453 778 483 secl
799 464 856 483 nec
872 452 940 483 illis
957 453 1259 483 communicandum
1278 458 1332 493 est,
1349 454 1407 494 qui
1422 455 1663 485 communicant
1678 454 1976 485 excommunicatis.

332 505 501 536 Gelasius2
531 510 643 535 contra
672 503 813 534 fautores
837 503 960 534 Aeatii:
987 503 1083 535 Nihil
1113 504 1205 535 nobis
1237 515 1400 535 commune
1428 516 1499 535 cum
1530 505 1715 536 hominibus
1742 505 1997 545 communionis·

330 562 494 596 emim-nae,
524 561 602 587 nec³
631 555 828 597 praetendat
859 556 1041 597 quisquam,
1072 556 1158 597 quod
1190 556 1294 586 alicui
1314 556 1465 596 forsitan
1495 557 1690 588 evidentiori
1712 568 1778 587 non
1802 557 1978 588 communi-

330 614 433 639 casset
456 608 504 639 vel
527 608 768 638 communicare
791 607 944 637 videatur
967 607 1111 638 heretico.
1167 607 1256 643 Quid
1279 608 1364 638 enim
1387 609 1490 646 iuvat,
1520 609 1551 638 si
1573 608 1624 639 illi
1647 612 1735 639 non·
1759 608 1978 647 communicet,

330 666 357 690 et
380 660 430 691 his
453 664 560 690 tamen
584 659 806 690 communione
829 659 1002 699 iunyatur,
1027 659 1084 700 qui
1107 659 1145 690 αῖ)
1168 659 1260 690 illius
1284 670 1349 690 non
1374 664 1450 689 sunt
1473 660 1694 690 communione
1711 658 1852 690 diversi?
1889 657 1979 694 Quid

326 712 467 753 profuit,
491 711 578 751 quod
601 710 707 741 videri
731 709 854 741 volebat
877 709 928 740 ilci
946 709 1062 751 palam
1086 722 1152 741 non
1177 711 1425 750 communicare,
1449 711 1505 741 cui
1526 722 1587 752 per
1602 722 1678 742 suos
1695 711 1863 752 complices
1879 714 1978 742 necte-

330 762 448 793 batur?
496 762 584 793 Haec
615 760 745 803 quidem
777 765 961 792 sanctorum
994 767 1120 802 patrum
1151 762 1334 792 testimonia
1363 761 1590 802 amplectimur
1613 772 1651 793 ea
1681 772 1746 804 qua
1775 761 1908 803 dignum
1932 766 1979 792 est

330 814 548 854 veneratione,
572 812 627 844 sed
651 813 783 843 nimium
802 813 1004 854 nimiumque
1022 823 1084 844 non
1101 814 1350 854 expavescimus
1367 823 1405 844 ea
1422 824 1479 855 pro
1497 813 1592 844 huius
1609 814 1763 854 temporis
1780 813 1978 852 confusione,

330 865 459 908 quando
491 865 705 896 hereticorum
736 863 830 894 simul
860 863 1155 906 catholicorumque
1186 864 1384 895 confessione
1414 865 1569 906 permista
1598 871 1715 895 cuncta
1737 875 1832 896 verae
1857 870 1888 896 et
1915 865 1977 895 sin-

331 928 423 949 cerae
455 917 619 958 religionis
652 915 823 947 turbantur
854 915 1076 957 catholicaque
1107 922 1137 946 et
1164 916 1338 958 apostolica
1368 917 1491 958 puritas
1522 915 1738 947 confunditur.
1782 916 1870 947 Ecce
1893 915 1978 947 enim

331 969 509 1010 Hartvigus
533 967 847 1009 Magadaburgcnsis
876 968 1059 1009 episcopus,
1089 969 1142 1009 qui
1168 967 1264 998 semel
1288 978 1326 998 ac
1349 967 1491 999 secundo
1515 967 1686 998 damnatus
1709 972 1766 1006 est,
1797 968 1881 999 sicut
1903 978 1980 998 vere

332 1032 431 1062 supra
459 1020 612 1059 diximus,
644 1019 712 1060 ipse
743 1019 854 1049 videns
886 1018 1007 1049 diutius
1038 1030 1100 1049 non
1130 1030 1225 1060 posse
1249 1025 1360 1050 contra
1383 1020 1611 1061 imperatorem
1637 1019 1860 1060 episcopatum
1885 1029 1977 1050 suum

332 1071 542 1114 repugnando
574 1070 634 1102 sibi
667 1070 840 1109 vindicare,
872 1070 1146 1102 simulabaocum
1171 1082 1208 1101 eo
1232 1076 1361 1112 pactum
1387 1072 1477 1112 pacis
1499 1071 1605 1101 facere
1629 1075 1661 1101 et
1683 1070 1861 1112 supplicem
1885 1081 1918 1102 se
1941 1080 1979 1102 ac

332 1124 482 1155 devotum
508 1124 535 1153 ci
560 1122 673 1153 offerre
685 1127 710 1161 ⁴3
735 1122 789 1163 qui
814 1122 920 1159 etiam,
945 1127 979 1152 ut
1001 1121 1125 1152 facilius
1149 1123 1324 1163 promereri
1349 1129 1458 1164 posset
1480 1123 1700 1164 episcopatum
1718 1121 1760 1153 ab
1777 1122 1980 1163 imperatore,

332 1175 538 1217 promittebat
562 1178 695 1204 cunctos
718 1174 891 1214 principes,
917 1174 969 1214 qui
994 1173 1100 1204 adhuc
1117 1179 1226 1204 essent
1243 1184 1315 1204 cum
1338 1184 1376 1204 eo
1399 1173 1576 1212 discordes,
1601 1173 1632 1204 in
1648 1173 1784 1213 gratiam
1801 1174 1870 1204 eius
1887 1173 1979 1204 redu·

332 1238 414 1258 cere.
468 1226 510 1256 At
539 1226 724 1266 imperator,
756 1235 833 1265 prae
865 1225 963 1255 nimio
994 1235 1103 1255 amore
1134 1225 1222 1266 pacis
1254 1236 1316 1255 non
1348 1225 1571 1262 considerans,
1603 1225 1679 1266 quia
1709 1224 1802 1265 lupos
1833 1225 1864 1255 in
1896 1223 1979 1256 ovile

332 1279 438 1309 ovium
457 1277 682 1316 intromittere,
706 1276 768 1306 hoc
785 1286 847 1305 non
865 1275 906 1306 sit
923 1274 1123 1306 consuluisse
1140 1275 1296 1307 ecclesiae
1313 1276 1363 1307 vel
1384 1278 1428 1308 rei
1446 1275 1604 1318 publicae,
1628 1276 1770 1317 acceptis
1790 1276 1978 1307 iuramentis

332 1341 429 1371 super
453 1329 630 1370 promissae
661 1327 734 1358 fidei
768 1327 928 1364 firmitate,
959 1326 1099 1358 reddidit
1128 1328 1155 1358 ei
1187 1328 1304 1358 iniuste
1335 1329 1554 1370 episcopatum
1585 1327 1709 1369 absque
1738 1326 1884 1368 synodali
1907 1338 1979 1358 con-

331 1382 479 1412 ventione
504 1386 534 1411 et
557 1379 679 1422 absque
703 1390 859 1410 consensu
883 1379 968 1409 sedis
991 1378 1199 1420 apostolicae,
1230 1379 1316 1421 quod
1344 1379 1466 1411 factum
1490 1385 1538 1411 est
1561 1384 1676 1421 quarto
1699 1389 1783 1410 anno
1806 1384 1977 1421 postquam

306 1455 310 1460 .
332 1434 412 1464 iuste
436 1432 604 1473 depositus
628 1436 676 1462 cst
699 1430 845 1472 synodali
870 1430 999 1462 iudicio.
1042 1430 1125 1461 Tum
1149 1442 1226 1462 vero
1249 1430 1302 1462 ille
1328 1431 1520 1473 ‘Hal-tvigus
1543 1437 1656 1462 nactus
1679 1431 1892 1472 occasionem,
1916 1441 1979 1473 qua

332 1489 440 1526 posset
464 1483 581 1513 habere
607 1483 741 1513 liberum
767 1482 839 1512 hinc
863 1482 938 1513 inde
962 1483 1126 1513 introitum
1151 1482 1246 1514 simul
1270 1488 1301 1513 et
1325 1484 1459 1524 exitum,
1484 1483 1590 1524 coepit
1613 1482 1719 1514 redire
1741 1483 1782 1514 ad
1806 1489 1979 1514 consuetae

331 1537 478 1567 factionis
503 1535 678 1565 exercitum
704 1540 736 1564 ct
758 1533 926 1564 traducere
950 1534 1120 1575 episcopos
1144 1540 1174 1565 et
1197 1535 1362 1576 principes
1385 1536 1483 1566 totius
1506 1535 1596 1576 regni
1613 1534 1653 1565 ad
1671 1539 1794 1576 partem
1811 1534 1860 1565 sui
1876 1545 1979 1576 papae

332 1588 493 1628 Gregorii,
517 1592 557 1622 et,
582 1591 616 1616 ut
635 1587 762 1616 auctius
779 1586 983 1616 resuscitaret
1005 1597 1042 1617 ac
1066 1586 1222 1617 nutriret⁵
1246 1587 1347 1627 ipsius
1371 1586 1521 1618 incendia
1539 1585 1742 1618 Hildebranti
1760 1587 1822 1617 iam
1847 1585 1902 1617 diu
1926 1585 1979 1617 de-

332 1640 465 1673 suncti‘·,
489 1639 592 1679 primo
615 1637 744 1679 quidem
767 1648 823 1678 per
839 1636 1041 1668 clandestina
1057 1636 1227 1679 colloquia,
1253 1637 1369 1669 deinde
1386 1649 1443 1679 per
1459 1643 1634 1677 contracta,
1658 1637 1873 1680 undecunque
1889 1643 1978 1680 pote-

330 1697 390 1730 rat,
415 1688 636 1721 conventicula
653 1700 830 1719 sermonem
851 1688 959 1720 intulit
981 1688 1021 1720 de
1044 1690 1378 1720 excommunicatione
1401 1690 1615 1731 imperatorie,
1639 1689 1679 1720 de
1702 1689 1830 1729 iniusta,
1853 1693 1889 1720 ut
1909 1689 1979 1730 ipse

331 1743 468 1781 (licebat,
493 1741 695 1772 successione
721 1740 880 1781 wigberti
905 1741 944 1771 :ul
971 1741 1193 1782 pontificatum
1218 1740 1416 1783 apostolicae
1439 1741 1540 1781 sedis3
1571 1740 1664 1773 valde
1691 1745 1799 1772 autem
1824 1739 1979 1782 periculo·

331 1805 399 1825 sum
424 1794 491 1825 fore
515 1804 585 1824 cum
611 1791 768 1823 eiusmodi
793 1792 979 1822 hominibus
1002 1794 1258 1823 communionem
1283 1792 1424 1835 aliquam
1447 1792 1580 1833 habere3
1604 1792 1791 1834 imperatori
1807 1802 1884 1823 vero
1906 1802 1978 1834 pro-

332 1847 460 1876 missam
486 1845 580 1876 fidem
606 1849 637 1875 et
660 1845 853 1885 promissum
878 1845 1045 1875 servitium
1070 1844 1207 1875 libenter
1231 1855 1433 1885 conservare,
1461 1845 1487 1875 si
1516 1843 1593 1875 velit
1616 1843 1744 1886 publice
1767 1843 1914 1875 confiteri
1943 1854 1977 1875 se

330 1897 460 1928 vinculo
491 1895 704 1927 anathematis
736 1896 868 1937 ligatum
901 1906 972 1926 esse
1003 1901 1034 1926 et
1064 1895 1139 1926 inde
1170 1895 1249 1926 solvi
1281 1908 1337 1937 per
1360 1897 1534 1938 participes
1557 1897 1606 1927 sui
1631 1895 1781 1937 Gregorii
1806 1904 1920 1937 papae,
1951 1894 1978 1925 si

331 1950 426 1980 ctiam
452 1948 528 1979 velit
551 1948 756 1989 XVigbertum
782 1947 959 1989 deponere:
988 1947 1130 1989 alioquin
1155 1959 1189 1978 sc
1212 1948 1386 1989 poenitere,
1415 1947 1500 1990 quod
1523 1946 1576 1978 vel
1599 1947 1716 1978 viderit
1738 1945 1899 1977 hominem
1923 1956 1978 1978 ex-

331 2001 618 2037 communicatum,
650 2000 701 2030 cui
730 2010 894 2041 nunquam
929 1999 1045 2030 debeat
1076 2000 1348 2031 commmunicare
1377 1999 1492 2042 aliquis
1522 1998 1676 2030 fidelium.
1728 1997 1818 2029 Haec
1849 1997 1978 2039 saepius

332 2051 538 2082 memorando
562 2050 757 2082 sollicitabat
779 2051 903 2082 animos
928 2050 1149 2092 plurimorum,
1177 2062 1248 2082 cum
1274 2052 1336 2082 iam
1361 2058 1469 2092 posset
1493 2051 1562 2082 fieri
1586 2061 1651 2092 pax
1675 2049 1893 2089 ecelesiarum,
1917 2049 1978 2080 nisi

331 2104 398 2144 ipsc
422 2103 562 2144 IIartvig
592 2103 683 2134 iuxta
712 2114 828 2134 nomen
859 2114 951 2133 suum
982 2102 1097 2134 durum
1128 2104 1175 2134 eis
1206 2108 1393 2134 renovasset
1424 2102 1553 2134 bellum.
1607 2102 1693 2143 Ergo
1721 2100 1850 2143 plurimi
1879 2101 1976 2132 etiam

331 2156 568 2196 episcoporum,
599 2155 652 2196 qui
684 2154 916 2185 damnaverant
946 2155 977 2185 in
1007 2154 1131 2195 synodo
1160 2154 1296 2186 eundem
1322 2154 1517 2196 Hartvigum
1551 2160 1582 2185 et
1610 2155 1642 2184 in
1671 2153 1877 2184 damnatione
1906 2153 1976 2184 eius

331 2207 590 2247 subscripserant
614 2206 704 2236 iuxta
727 2206 921 2247 apostolicae
944 2205 1030 2237 sedis
1054 2206 1229 2245 decretum,
1258 2207 1320 2247 ipsi
1351 2217 1414 2237 non
1438 2206 1540 2237 solum
1564 2206 1596 2236 in
1620 2205 1878 2236 communionem
1901 2214 1974 2236 eum

442 2287 469 2317 a)
490 2286 560 2310 ‹If-ese
584 2289 610 2314 1:
632 2287 718 2319 recepi
738 2296 769 2312 cx
791 2287 845 2312 Gel.

441 2355 467 2386 1)
496 2355 630 2387 Greqorff
658 2355 800 2388 Epistulae
830 2355 881 2386 ll',
912 2355 961 2387 24,
991 2355 1033 2381 cd.
1060 2356 1160 2381 liii-ald
1184 2355 1207 2388 I,
1227 2365 1259 2390 p.
1277 2356 1353 2388 ‘259,·
1383 2355 1462 2388 Jaffc'
1482 2364 1526 2382 nr.
1547 2355 1635 2380 1295.
1757 2353 1786 2387 ⁸2)
1809 2352 1901 2387 Epist.
1925 2352 1974 2386 27,

332 2410 345 2433 fs*
370 2405 396 2436 3,
424 2414 453 2437 p.
479 2405 548 2429 425.
671 2407 698 2432 3)
728 2406 801 2433 ΙΙιίά.
826 2410 839 2436 ,S
868 2407 911 2438 11,
940 2416 968 2440 p.
994 2406 1063 2436 434,
1116 2406 1189 2440 [lid.
1219 2407 1273 2433 loci
1301 2410 1395 2433 extant
1424 2407 1487 2434 Lib.
1517 2416 1579 2433 can.
1604 2415 1627 2433 e.
1652 2405 1726 2437 1111,
1756 2405 1774 2430 l.
1796 2405 1815 2430 l.
1840 2414 1871 2439 p.
1896 2404 1974 2431 478.-

332 2455 465 2480 (ἔνΙιιείιιε
490 2460 587 2480 vnntrn
613 2456 740 2482 fautores
758 2457 862 2483 Acatii.
898 2459 956 2491 S.J.
1036 2458 1065 2492 4)
1086 2458 1161 2484 Num
1180 2458 1337 2491 Isara-{qus
1357 2458 1529 2484 simulaverit
1553 2466 1582 2484 se
1604 2467 1664 2483 cum
1688 2457 1856 2491 imperatore
1873 2465 1975 2491 pacem

326 2507 435 2539 sur-ere.
465 2507 575 2531 dubium
607 2511 653 2533 est.
707 2509 776 2533 Nam
807 2518 865 2534 curn
891 2510 944 2535 alii
965 2510 1115 2543 scriptores
1139 2509 1213 2535 illins
1235 2509 1336 2535 aetatis
1358 2510 1392 2535 de
1412 2509 1534 2543 perfidia
1560 2508 1694 2543 Ilartriyi
1715 2507 1784 2533 nihil
1806 2507 1928 2540 afferant
1951 2509 1975 2533 et

333 2567 390 2581 rum
422 2558 579 2583 ll'asramua
607 2559 655 2583 sul»
677 2559 759 2591 finem
790 2559 909 2585 rinsdem
934 2560 1036 2594 capitis
1058 2564 1153 2586 narret
1179 2560 1347 2594 Har-irinum
1371 2561 1540 2594 Moquntiae
1563 2560 1665 2586 celebri
1687 2562 1820 2586 conveula
1843 2562 1868 2585 et
1890 2559 1976 2593 impe-

332 2612 425 2634 ratore
446 2613 591 2642 praesento
609 2609 684 2641 ,ῥ’-κιο
709 2610 866 2636 nativ-itatis
884 2611 999 2636 Domini
1019 2612 1117 2637 solitas
1141 2612 1342 2637 benedictiones
1359 2612 1471 2644 secisse,
1495 2612 1526 2637 id
1547 2613 1620 2646 quod
1642 2621 1696 2637 non
1719 2611 1806 2638 solum
1830 2619 1889 2637 cum
1913 2619 1975 2637 ver-

332 2660 372 2685 bis
405 2662 521 2685 omnium
554 2660 672 2685 aliorum
704 2661 878 2693 scriptorum,
909 2663 957 2687 aed
985 2663 1067 2688 etiam
1097 2662 1186 2696 ipsius
1215 2663 1352 2689 Walrami
1370 2667 1488 2697 puynat,
1520 2664 1599 2689 etiam
1624 2663 1676 2689 hac
1699 2662 1727 2688 in
1750 2671 1782 2688 re
1803 2662 1862 2688 eius
1885 2661 1976 2688 verbio

334 2710 411 2737 tidem
435 2711 536 2736 hahere
559 2712 661 2736 dubim.
709 2711 753 2743 (7⁴-
778 2713 909 2745 epistolas
933 2714 967 2738 ab
988 2713 1099 2739 l'rbano
1125 2714 1165 2741 II.
1186 2723 1265 2748 popa
1290 2718 1313 2739 el
1337 2715 1372 2740 ab
1395 2715 1530 2740 Heinrico
1554 2723 1617 2748 reqe
1639 2714 1677 2739 ad
1694 2713 1867 2739 Hartwicum
1891 2713 1975 2739 datae

332 2762 431 2794 (Jnffe',
458 2762 589 2788 ln'blintla.
613 2766 631 2789 r.
658 2762 684 2793 Γ,
705 2772 735 2795 p.
758 2764 825 2788 154.
847 2764 926 2794 155).
997 2765 1025 2792 ἴι)
1051 2764 1092 2790 Ne
1115 2765 1149 2790 de
1170 2765 1223 2791 hac
1247 2766 1355 2799 quidem
1380 2775 1409 2792 re
1432 2766 1485 2792 alii
1506 2767 1655 2800 scriptores
1677 2765 1826 2800 quicquam
1847 2764 1973 2795 tradunt,

333 2813 362 2847 6)
388 2814 460 2839 Ubii!
485 2823 511 2839 a.
534 2814 619 2839 loss).
647 2814 718 2839 Mai.
737 2814 786 2839 ⁴25.

1997 722 2025 741 1⁰

2000 977 2026 998 1⁶

1999 1235 2026 1254 2⁰

1999 1494 2026 1513 25

1998 1750 2026 1770 80

1997 2007 2024 2027 ³5

1994 2289 2022 2307 ⁴0

1994 2565 2022 2585 «⁵

1992 2822 2021 2842 bo
