2132 3067
38 730 66 749 to

38 987 64 1007 15

506 159 557 186 DE
580 158 751 186 UNlTATE
774 161 984 188 ECCLESIAE
1007 162 1300 191 CONSERVANDA.
1669 159 1724 191 191

80 250 235 291 inscripta
266 253 342 279 sunt
371 247 501 292 decreta
529 254 641 279 contra
663 259 791 289 2regem,
822 250 920 281 immo
949 256 1060 282 contra
1081 252 1145 283 Dei
1175 251 1419 292 ordinationem,
1452 257 1495 292 ut,
1526 254 1551 284 si
1580 253 1728 295 pontifex

80 302 244 335 Romanus
266 300 334 340 regi
359 299 500 333 offensus
523 299 619 330 fuerit
642 311 699 341 pro
717 299 840 332 delictis
864 303 941 340 suis,
965 304 1080 334 caeteri
1106 314 1167 333 non
1187 304 1326 336 debeant
1340 305 1368 335 ei
1385 307 1456 335 esse
1472 305 1566 336 amici
1590 304 1638 336 vel
1656 316 1727 336 eum

80 352 215 394 alloqui;
245 350 366 393 alioqui
391 362 489 381 unum
513 362 583 382 csse
608 362 648 381 ex
673 351 744 390 iilis,
773 353 828 394 qui
853 355 1067 384 exterminare
1092 355 1204 386 volunt
1230 355 1395 386 ecclesiam
1426 355 1554 396 Christi,
1585 357 1729 398 quisquis

80 405 201 436 amicus
224 403 319 435 fuerit
341 403 370 434 ei
394 403 449 445 qui
472 408 520 434 est
545 402 740 434 huiusmodi.
778 403 889 435 Haeca
913 410 960 436 est
983 406 1178 446 inscriptio¹‚
1203 417 1283 448 quae
1307 407 1549 438 similitudinem
1568 408 1729 449 quandam

80 455 209 487 videtur
225 460 357 496 operata
380 465 451 485 esse
474 454 507 484 in
530 465 609 495 agro
635 454 808 493 dominico,
833 456 922 486 iuxta
945 456 1030 498 quod
1054 457 1133 488 dicit
1149 457 1307 488 Dominus
1331 459 1362 489 in
1383 459 1560 500 euangelio,
1577 459 1728 501 quoniam

81 509 114 540 in
142 507 244 538 divini
275 506 381 538 medio
413 506 546 536 seminis
573 506 697 536 zizania
725 508 994 548 superseminavit
1016 508 1166 539 inimicus
1198 510 1302 540 homo.
1348 510 1466 540 Notum
1490 516 1539 541 est
1561 511 1645 541 enim
1671 510 1729 550 his,

81 559 284 602 qui‘experti
307 563 391 596 sunt,
415 558 590 599 praecipue
613 564 721 589 autem
746 559 804 598 bis,
829 560 884 600 qui
901 559 1092 591 divisionem
1110 559 1264 591 ecclesiae
1283 560 1462 600 doluerunt,
1486 561 1622 603 qualiter
1638 560 1729 592 multi

81 623 145 644 non
175 610 278 642 solum
307 609 477 650 laicorum,
506 609 562 640 sed
593 611 819 651 episcoporum
849 617 945 653 atque
975 611 1165 642 clericorum
1196 612 1263 642 sive
1296 614 1541 651 monachorum,
1577 613 1730 644 habentes

82 663 212 707 quidem
244 662 346 693 zelum
371 661 443 701 Dei,
475 661 530 692 sed
555 672 617 692 non
643 661 820 692 secundum
851 663 1029 703 seientiam,
1060 664 1141 694 sicut
1165 664 1209 694 ait
1232 663 1405 705 apostolus,
1437 664 1673 706 suspenderunt
1696 676 1730 696 se

81 726 120 747 ac
142 720 394 757 segregaverunt
417 724 435 744 a
458 714 684 743 communione
709 714 804 744 totius
830 714 916 743 orbis
941 714 1159 753 ecclesiarum,
1183 721 1341 757 quotquot
1369 718 1605 746 communicant
1632 717 1730 747 nostri

81 767 236 808 temporis
266 765 334 806 regi
358 765 558 796 Francorum
591 771 621 795 et
652 765 837 806 imperatori
864 765 1090 804 Romanorum,
1119 767 1246 808 ipsique
1270 768 1415 798 exientes
1426 769 1468 789 ¹³-2
1491 780 1510 798 a
1533 769 1635 807 nobis,
1667 778 1729 798 non

81 830 139 851 nos
168 818 210 850 ab
241 817 332 859 ipsis,
363 823 515 847 verentur
545 816 637 847 nobis
669 817 908 848 communicare
933 816 982 847 vel
1010 818 1042 847 in
1070 817 1229 859 colloquio
1254 818 1303 849 vel
1326 819 1358 849 in
1382 820 1470 860 pacis
1494 818 1601 850 osculo
1625 819 1676 849 vel
1699 820 1730 849 in

82 870 234 902 orationis
263 868 379 900 studio.
431 867 571 900 Proinde
602 879 673 899 cum
704 868 852 910 superior
883 879 988 899 sermo
1019 870 1097 900 satis
1126 869 1404 907 demonstraverit,
1435 871 1528 900 nimis
1559 882 1628 901 esse
1660 881 1731 901 con-

82 923 214 955 trarium
243 920 372 952 divinae
404 920 597 951 ordinationi
629 921 814 961 pariterque
846 919 1083 952 ecclesiastieae
1114 922 1196 963 paci,
1229 922 1443 962 potestatibus
1473 932 1536 952 non
1567 922 1733 952 subiacere

81 972 331 1012 sublimioribus,
356 972 396 1003 de
419 978 547 1002 caetero
572 982 775 1014 quaeramus,
800 972 825 1002 si
850 972 935 1002 iusta
957 972 1055 1003 fuerit
1078 972 1132 1003 illa
1155 972 1287 1003 offensio
1312 984 1415 1015 papae
1438 973 1593 1004 adversus
1618 984 1734 1013 regem,

83 1025 184 1068 qualis
213 1030 300 1056 certe
323 1024 434 1055 divisit
456 1023 611 1055 ecclesiae
636 1025 803 1062 unitatem,
833 1034 890 1066 pro
920 1025 1012 1055 cuius
1041 1023 1164 1055 scilicet
1186 1025 1319 1055 unitatis
1343 1036 1450 1056 amore
1475 1030 1575 1055 totum
1599 1025 1735 1065 agimus,

39 1245 67 1264 2⁰

40 1505 68 1525 25

43 1765 71 1785 ³0

45 2023 73 2043 ⁸5

48 2368 77 2388 40

83 1076 236 1120 quicquid
261 1077 373 1107 horum
397 1075 494 1107 locuti
518 1076 685 1114 fuerimus,
709 1086 772 1106 non
789 1086 847 1117 pro
864 1075 1050 1107 defensione
1067 1077 1167 1118 partis
1183 1076 1325 1117 alterius,
1350 1076 1611 1118 quandoquidem
1630 1080 1735 1117 partes

83 1130 117 1161 in
137 1128 276 1160 ecclesia
298 1127 378 1159 nolit
400 1139 470 1159 esse
492 1127 594 1161 Deus.
624 1128 774 1169 quoniam
806 1134 907 1158 totuin
931 1127 1087 1159 ecclesiae
1111 1139 1238 1169 corpus,
1270 1128 1360 1158 cuius
1384 1134 1481 1170 caput
1504 1134 1552 1159 est
1578 1126 1734 1165 Christus,

83 1180 220 1213 redemit
242 1180 312 1222 ipse
336 1178 496 1218 Christus,
521 1179 669 1221 ideoque,
694 1179 749 1210 ubi
774 1189 837 1209 non
861 1186 909 1210 est
933 1185 1044 1220 totum,
1068 1180 1154 1222 quod
1179 1180 1298 1211 dicitur
1321 1179 1488 1218 catholica,
1513 1179 1573 1209 boc
1597 1184 1645 1209 est
1668 1179 1735 1208 uni-

84 1231 218 1263 versalis
248 1230 396 1270 ecclesia,
425 1231 470 1261 ibi
499 1242 562 1261 non
594 1238 643 1262 est
674 1230 806 1263 Christi.
837 1231 893 1262 sed
922 1231 1167 1273 malignantium
1199 1231 1344 1271 ecclesia,
1379 1243 1460 1273 quae
1492 1231 1595 1262 divisa
1625 1235 1672 1261 est
1703 1231 1735 1260 in

85 1288 176 1326 parte
198 1283 316 1326 aliqua.

190 1336 220 1367 6.
265 1335 352 1366 Ecce
375 1335 460 1365 enim
486 1334 581 1372 idem,
606 1334 645 1364 de
669 1345 732 1376 quo
756 1335 873 1375 agitur,
902 1345 988 1376 papa
1012 1334 1204 1366 Hildebrant
1227 1335 1370 1376 suscepit
1392 1334 1564 1376 aliquando
1589 1335 1620 1364 in
1645 1344 1736 1364 :ic-cu<

85 1386 209 1418 satione
231 1387 316 1428 regis
339 1387 461 1428 scripta
483 1385 621 1417 hostium
648 1397 789 1424 suorum,
819 1392 850 1416 et
873 1386 1008 1427 proinde
1039 1387 1335 1418 excommunicavit
1363 1397 1444 1424 cum,
1476 1385 1735 1427 quandoquidem

86 1439 169 1470 sacri
193 1449 334 1470 canones
358 1439 564 1477 constituant,
588 1448 651 1469 non
676 1449 769 1479 posse
794 1437 929 1479 ali(11108‚
954 1439 1007 1479 qui
1031 1444 1104 1468 ante
1128 1437 1312 1469 hesternum
1334 1437 1418 1468 diem
1436 1443 1491 1468 aut
1508 1437 1736 1467 nudiustertius

85 1490 206 1521 inimici
228 1490 368 1531 fuerunt,
391 1490 442 1521 vel
458 1496 663 1521 accusatores
680 1488 730 1520 vel
747 1495 845 1520 testes
862 1490 941 1528 fieri,
967 1501 1024 1521 nec
1040 1490 1158 1521 debere
1175 1501 1232 1532 per
1248 1491 1366 1531 scripta
1386 1488 1481 1520 ullius
1497 1489 1735 1520 accusationem

86 1543 217 1584 suscipi,
245 1553 304 1573 nec
327 1547 549 1573 accusatorem
573 1541 709 1572 absente
738 1541 925 1572 adversario
953 1541 1066 1572 audiri.
1111 1541 1189 1572 *Sed
1216 1552 1273 1572 rex
1298 1543 1459 1583 protectus
1484 1546 1531 1571 est
1554 1541 1585 1570 in
1610 1539 1734 1571 Italiam
1757 1551 1766 1560 ’

87 1594 306 1626 satisfacturus
332 1594 476 1625 Romano
508 1593 653 1635 pontifici
685 1604 742 1635 pro
775 1593 889 1635 culpis,
921 1593 1039 1634 quibus
1070 1604 1103 1624 se
1134 1593 1473 1624 excommunicaverat
1501 1598 1531 1623 et
1561 1592 1652 1633 quasi
1676 1592 1736 1632 pri-

85 1650 195 1679 vatum
224 1656 324 1687 regno
355 1646 418 1676 iam
448 1645 607 1685 effecerat,
635 1645 847 1687 depositoque
876 1644 962 1676 cultu
985 1645 1074 1686 regio
1098 1650 1129 1676 et
1152 1645 1264 1675 habitu
1289 1644 1467 1686 supplicem
1493 1655 1526 1675 se
1550 1654 1607 1685 per
1630 1643 1737 1673 onmia

87 1707 126 1729 ac
146 1698 364 1740 poenitentem
395 1696 543 1737 obtulit-⁹»,
570 1708 629 1728 nec
658 1698 747 1738 prius
778 1697 864 1727 omni
897 1697 1003 1729 officio
1027 1697 1215 1728 humilitatis
1239 1698 1385 1738 impenso
1411 1695 1542 1733 destitit,
1573 1695 1675 1725 donec
1705 1695 1736 1725 in

87 1750 223 1792 gratiam
247 1760 319 1780 cum
343 1759 430 1791 papa
452 1748 549 1779 rediit
571 1754 603 1779 et
625 1748 666 1780 ad
683 1749 959 1790 comprobandum
978 1748 1215 1779 ecclesiasticae
1232 1747 1502 1779 reconciliationis
1519 1747 1736 1778 testimonium

87 1812 211 1833 sacram
236 1801 495 1832 communionem
519 1801 662 1842 corporis
687 1805 719 1831 et
741 1801 907 1841 sanguinis
926 1800 1055 1831 Domini
1080 1800 1119 1831 de
1143 1811 1239 1831 manu
1257 1800 1417 1841 pontificis
1433 1799 1570 1840 accepit,
1595 1808 1737 1828 mensam

89 1863 162 1884 cum
185 1863 223 1884 eo
246 1853 335 1894 adiit,
365 1863 404 1883 ac
427 1852 543 1884 deinde
566 1852 720 1883 dimissus
744 1858 792 1884 est
815 1853 846 1882 in
871 1863 962 1894 pace,
994 1851 1120 1894 qualem
1150 1851 1272 1882 scilicet
1302 1862 1413 1892 pacem
1440 1850 1538 1880 Iudas
1565 1848 1736 1888 simulavit,

88 1915 153 1937 non
182 1904 310 1947 qualem
340 1903 489 1936 Christus
519 1903 657 1946 reliquit.
704 1904 828 1934 Aderat
858 1904 941 1934 enim
975 1909 1006 1934 et
1037 1903 1153 1943 legatio
1184 1903 1320 1934 hostium
1353 1913 1482 1933 suorum
1515 1901 1736 1942 quaerentium

90 1956 238 1990 omnibus
261 1956 365 1987 modis
389 1956 623 1997 interrumpere
647 1956 760 1987 initum
786 1956 844 1986 hoc
869 1955 1139 1986 reconciliationis
1163 1960 1303 1996 pactum,
1328 1954 1445 1995 quibus
1469 1963 1553 1994 papa
1575 1951 1739 1992 rescripsit

89 2008 207 2040 talibus
229 2008 355 2040 verbis:
385 2008 436 2039 Ne
458 2007 602 2047 solliciti,
630 2008 789 2050 inquiens,
821 2009 903 2046 sitis,
935 2008 1092 2049 quoniam
1119 2007 1363 2047 culpabiliorem
1395 2016 1464 2035 eum
1492 2004 1592 2035 reddo
1616 2003 1737 2033 vobis⁴.

200 2113 229 2146 a)
248 2114 305 2139 Nec
328 2115 351 2139 l.
427 2114 455 2146 b)
478 2114 615 2146 exigentes
639 2114 661 2137 1.

198 2207 226 2242 1)
251 2207 295 2241 Cf.
311 2208 399 2235 verba
420 2217 442 2234 c.
461 2208 488 2240 8,
510 2218 541 2242 p.
563 2208 637 2233 195:
662 2215 750 2241 quare
767 2206 822 2231 hoc
839 2205 997 2240 scripserit,
1020 2208 1049 2230 et
1066 2213 1155 2239 quare
1172 2204 1200 2229 iu
1220 2212 1289 2238 agro
1308 2203 1452 2230 dominico
1469 2202 1524 2228 hoc
1542 2200 1735 2231 seminaverit.

93 2257 124 2294 2)
147 2258 192 2291 C'f.
208 2268 230 2287 c.
250 2259 277 2293 7,
297 2268 327 2293 p.
348 2260 423 2285 193.-
447 2262 591 2294 quotquot
614 2257 828 2284 communi‹·ant
849 2257 912 2291 regi
929 2257 1105 2282 Francorum
1122 2259 1151 2282 et
1166 2255 1335 2290 imperatori
1352 2255 1556 2286 Romanorum,
1582 2253 1622 2278 ita.
1642 2255 1673 2278 ut
1690 2259 1736 2277 ex-

93 2313 195 2337 euntes
218 2318 235 2337 a
255 2310 351 2344 nobis,
374 2319 433 2338 non
456 2319 509 2338 nos
533 2310 570 2336 ab
594 2310 665 2345 ipsis
689 2313 738 2336 etc.
805 2310 835 2343 3)
861 2308 904 2340 Cf.
930 2318 954 2335 c.
982 2308 1027 2340 15,
1052 2308 1119 2334 libri
1141 2307 1189 2342 II,·
1219 2308 1290 2333 Δηη.
1314 2306 1464 2338 Lamberti,
1489 2306 1544 2332 SS.
1567 2304 1596 2337 V,
1617 2313 1648 2338 p.
1666 2302 1737 2331 259.

93 2361 170 2395 260;
199 2361 275 2390 Ami.
297 2362 456 2395 Bertlzoldi,
479 2362 534 2390 SS.
559 2362 588 2395 V,
607 2371 639 2396 p.
658 2361 736 2396 290;
769 2360 918 2387 Bonizonis
944 2360 991 2385 lib.
1016 2360 1054 2385 ad
1077 2369 1131 2386 am.
1155 2359 1235 2391 VIII,
1259 2359 1278 2385 Z.
1302 2359 1320 2385 I.
1343 2367 1371 2392 p.
1390 2358 1468 2389 610,·
1499 2355 1653 2382 Donizom's
1674 2354 1738 2380 Vita

94 2412 252 2447 Mathildie,
276 2413 332 2441 SS.
357 2414 429 2448 XII,
447 2423 481 2448 p.
499 2414 578 2447 382;
609 2413 701 2446 Epist.
726 2412 860 2446 Greyorii
883 2412 975 2446 (epist.
1001 2411 1132 2437 collectae
1156 2419 1198 2437 nr.
1218 2410 1264 2443 17,
1294 2409 1379 2443 Jaffe‘
1402 2410 1442 2441 II,
1464 2418 1493 2443 p.
1512 2407 1580 2438 543,
1605 2410 1629 2432 el
1652 2405 1737 2439 Regyi-

93 2466 179 2492 strum
194 2465 247 2498 IV,
264 2465 333 2500 12),·
357 2466 464 2498 Ranlce,
489 2465 561 2491 ‘Zur
578 2465 672 2491 lsritilt·
688 2462 1000 2497 fra'riltisclc-deutscher
1022 2461 1293 2488 Reichsannalisten’
1313 2470 1343 2494 p.
1358 2460 1534 2486 436-453.
1601 2458 1631 2492 4)
1653 2457 1739 2483 Fides

94 2515 190 2543 horum
211 2517 366 2550 verborum,
391 2517 494 2552 quippe
515 2526 587 2552 quae
609 2525 670 2542 cum
692 2516 785 2542 verbis
808 2514 927 2541 aliorum
950 2513 1117 2547 scriptorum
1134 2516 1268 2547 puynent,
1293 2522 1311 2539 a
1334 2512 1426 2538 mullis
1440 2512 1468 2537 in
1484 2510 1597 2536 dubium
1613 2512 1738 2536 vocatur.

59 2561 68 2565 ”
95 2566 193 2602 [Quod
212 2568 371 2595 Walramus
397 2569 427 2594 in
454 2569 508 2594 hac
530 2577 561 2594 re
583 2568 762 2602 depingenda
790 2576 809 2593 a
836 2566 935 2596 verbis,
963 2566 1060 2600 quibus
1083 2565 1250 2590 Lambertus
1278 2573 1337 2590 eam
1365 2563 1506 2595 describit,
1535 2559 1738 2594 aliquantulum

50 2625 79 2646 ⁴⁶

94 2619 207 2653 recedit,
234 2619 301 2646 inde
327 2620 433 2655 colligit
456 2620 489 2646 Ρ.
506 2614 664 2654 Ewald'p.
683 2619 816 2645 56-58.
847 2618 987 2644 Walramo
1010 2616 1134 2642 Annales
1154 2615 1299 2642 Lamberlz'
1325 2615 1433 2640 omm'no
1461 2612 1616 2646 incoquitos
1637 2610 1738 2643 fuisse.

98 2669 177 2700 Quod
199 2670 247 2697 vix
269 2671 402 2698 credibile
425 2674 474 2698 est.
519 2671 595 2697 Nam
615 2680 668 2704 quo
685 2680 752 2696 caso
769 2669 906 2703 fortunae
921 2668 1033 2701 sactum
1049 2676 1106 2694 esse
1125 2671 1264 2701 putemus,
1286 2669 1315 2692 ut
1333 2666 1492 2692 Walramus
1507 2664 1592 2690 eidem
1610 2661 1739 2688 coenobio

92 2720 158 2754 sere
179 2722 281 2749 eindem
303 2723 387 2750 annis
409 2723 571 2756 adscriptus
593 2722 663 2748 nihil
685 2722 719 2748 de
736 2721 879 2747 Lamberti
901 2719 1001 2746 studiis
1024 2716 1188 2745 audiverit?
1224 2718 1287 2743 Hoc
1301 2726 1356 2743 non
1371 2716 1544 2743 slatuena'nm
1562 2717 1608 2746 est,
1632 2710 1741 2738 etiamsi

99 2773 133 2799 de
155 2774 250 2800 eadem
272 2783 304 2800 re
324 2774 410 2800 verba
434 2774 550 2800 alterius
575 2774 610 2800 ab
635 2774 723 2799 altero
745 2773 886 2799 recedunt.
924 2771 998 2797 Nam
1017 2770 1084 2804 fieri
1102 2773 1222 2804 poterat,
1246 2772 1275 2796 ut
1299 2769 1333 2795 de
1354 2768 1407 2795 illa
1430 2776 1515 2794 coena
1531 2764 1647 2791 Domini
1667 2762 1738 2788 Wal-

97 2832 192 2851 ramus
214 2825 274 2851 alia
297 2826 450 2853 audivisset
474 2828 557 2859 atque
579 2825 644 2857 me,-
672 2825 738 2857 fieri
757 2827 877 2859 poterat,
906 2826 934 2849 ut
958 2831 1029 2857 quae
1050 2821 1214 2856 yravissimi
1234 2820 1383 2854 scriptores
1405 2819 1482 2844 illius
1506 2816 1605 2843 aetatis
1628 2814 1739 2840 diversa

1750 520 1900 543 Manui-(525.

1752 679 1814 697 Itoni.
1826 679 1859 702 10,
1868 679 1887 697 2.
