2132 3067
278 251 333 270 1070}

223 354 309 374 (it-nui.
322 355 340 372 7.

192 762 210 780 2.
220 760 269 779 Cor.
281 761 340 780 10.fi.

364 148 426 179 390
722 147 885 174 Biixoxls
910 144 1165 176 ALIORUMQUF,
1187 144 1461 172 CARDINALIUM
1485 143 1657 171 SCRIPTA.

364 240 566 276 manner-iarn,⁸
597 239 677 278 quia
704 248 767 267 non
792 248 839 266 me
864 235 953 266 itlius
978 235 1154 265 inimicitia
1183 234 1230 264 vel
1254 234 1369 274 aliqua
1392 234 1529 275 impedit
1555 235 1702 274 vanitas,
1733 235 1789 265 secl
1812 239 1916 265 motas
1931 234 2009 275 fra-

363 296 455 320 trs-na
480 290 651 319 dllncn'one
674 293 732 318 tua
756 292 782 318 et
806 286 1027 324 llllatlzz‘la’ae]
1051 285 1280 325 deprecatione
1303 284 1394 315 illius
1417 291 1533 327 exopto
1557 285 1702 316 salutem.

467 341 495 370 δ’.
542 339 700 370 Dominus
724 339 768 369 ait
791 337 830 368 ad
856 338 952 368 Cain:
980 336 1019 368 Si
1044 341 1123 367 recte
1147 335 1264 376 offeras
1295 341 1322 366 et
1346 347 1410 367 non
1434 342 1517 368 recte
1541 337 1691 376 dividas,
1710 338 1868 377 peccasti.
1912 336 1956 367 Et
1978 341 2013 367 tu

363 391 502 432 ‹1¹11dffl11,
529 389 767 430 Ilildclnnndc,
791 395 875 420 recte
900 387 1061 429 optulisti,
1085 386 1161 417 dum
1186 394 1376 428 preceptum
1402 389 1486 419 beati
1511 389 1597 419 Petri
1627 388 1667 419 ad
1692 387 1831 419 medium
1855 387 2012 419 reduxisti

362 443 533 473 ‹licentis11
561 443 622 474 Cui
648 441 791 473 Clemens
817 452 879 471 non
904 440 1065 481 loquitur,
1090 450 1145 469 nec
1170 450 1224 469 vos
1247 439 1277 469 ei
1297 439 1483 481 loquimini.
1528 439 1600 470 Non
1624 445 1709 470 reete
1732 446 1840 470 autem
1865 439 2014 479 divisisti,
2033 452 2046 471 5

363 495 458 525 immo
484 505 546 524 non
570 499 657 524 recte
681 491 856 523 dividendo
874 491 1024 533 peccasti,
1049 489 1125 520 dum
1151 489 1338 521 beatissimo
1357 490 1524 530 Clementi,
1549 490 1798 522 clementissimo
1822 497 1854 522 et
1871 490 2013 522 modera-

363 546 485 576 tissimo
509 545 644 586 pastori,
674 545 831 575 neminem
865 544 925 573 nisi
955 547 1143 573 accusatum
1173 548 1204 572 et
1233 543 1386 573 canonice
1416 543 1598 574 convictum
1628 543 1660 572 in
1683 542 1802 573 iudicio
1826 542 1877 574 vel
1900 547 2014 584 sponte

362 597 542 627 consessum
567 608 585 627 a
609 595 767 637 colloquio
792 606 850 625 suo
874 594 1068 632 removenti,
1093 599 1140 631 te,
1165 593 1423 625 crudelissimum
1447 601 1478 625 et
1502 605 1628 625 omnem
1653 593 1798 626 ordinem
1823 595 2013 625 canonicum

360 648 617 689 precipitantcm,
635 646 675 677 ad
692 647 845 688 placitum
863 652 893 677 et
910 656 973 676 non
991 645 1166 676 secundum
1185 645 1287 686 legem
1306 645 1449 685 Domini,
1471 646 1570 676 immo
1587 652 1700 676 contra
1715 645 1878 687 apostolos
1894 651 1927 677 et
1943 656 2012 688 pro-

362 699 473 740 phetas
497 705 527 729 et
551 699 655 740 ipsum
683 699 798 737 Iesum,
824 703 934 728 contra
958 697 1052 728 fidem
1077 696 1267 727 catholicam
1285 696 1516 738 predicantem,
1539 698 1650 739 inique
1666 698 1869 738 comparasti.
1914 697 2014 729 Recte
2035 709 2065 729 ιο

362 751 514 791 optulisti,
532 750 608 781 dum
632 749 768 792 apostoli
791 750 984 780 sententiam
1007 749 1256 790 representasti²
1280 749 1431 780 dicentis:
1459 750 1620 780 Habentes
1643 751 1678 780 in
1697 749 1878 790 promptub
1901 748 2016 780 ulcisci

361 814 483 832 omnem
507 802 791 833 inoboedientiam.
839 801 908 831 Non
926 807 1011 832 recte
1033 805 1138 831 autem
1155 799 1305 836 divisisti,
1328 800 1403 831 dum
1421 806 1533 832 contra
1554 800 1691 831 eundem
1709 799 1889 842 apostolum
1907 810 2015 842 quem-

360 853 436 884 libet
452 864 627 895 pauperem
645 852 866 891 christianum,
891 864 996 894 neque
1013 851 1155 893 legitime
1171 858 1357 882 accusatum
1376 863 1478 894 neque
1502 853 1534 883 in
1558 853 1675 883 iudicio
1693 858 1808 894 sponte
1833 849 2014 883 confessum

361 904 410 935 vel
433 906 585 937 canonice
609 905 808 944 convictum,
833 911 945 935 contra
971 915 1080 935 sacros
1104 915 1244 934 canones
1268 903 1336 934 sola
1359 903 1515 936 abusione
1544 905 1712 946 potestatis
1739 903 2014 935 excommunicari

360 968 455 998 posse
469 958 634 988 estimasti.
659 957 758 988 Recte
772 954 927 998 optulisti,
941 955 1014 986 dum
1031 954 1222 993 IIildricum,
1237 954 1303 985 solo
1317 956 1444 986 nomine
1457 967 1564 997 regem
1580 956 1787 995 Francorum,
1800 955 1897 986 nichil
1910 959 2016 997 preter
2036 968 2062 987 15

362 1019 478 1039 nomen
492 1008 530 1039 de
545 1009 688 1050 potentia
702 1008 793 1049 regni
809 1006 992 1045 habentem,
1010 1018 1082 1038 cum
1097 1008 1233 1038 maiores
1247 1007 1360 1038 domus
1374 1008 1404 1039 ei
1417 1008 1525 1049 potius
1539 1008 1744 1049 imperarent,
1758 1018 1830 1038 cum
1843 1006 1941 1038 nichil
1954 1007 2015 1037 nisi

361 1060 466 1090 iussus
483 1059 569 1102 loqui
587 1064 800 1102 presumeret,
824 1058 953 1090 iubente
971 1059 1116 1089 Romana
1132 1059 1206 1090 sede
1224 1059 1353 1090 nomine
1369 1060 1458 1100 regis
1476 1060 1637 1101 privatum
1654 1059 1765 1090 dixisti
1775 1064 1796 1093 ².
1842 1057 1914 1089 Non
1930 1063 2015 1089 reete

360 1117 467 1142 autem
485 1112 634 1151 divisisti,
658 1123 730 1143 cum
754 1111 793 1142 dc
818 1111 933 1141 minori
957 1116 988 1141 ct
1012 1110 1079 1141 solo
1095 1111 1224 1141 nomine
1247 1122 1322 1152 rege
1338 1118 1563 1151 argumentum
1589 1116 1701 1142 contra
1716 1121 1877 1142 caesarem
1901 1109 2016 1147 fecisti,

360 1174 431 1193 eum
457 1163 615 1194 aecclesia
632 1164 776 1194 Romana
799 1163 896 1194 etiam
921 1163 1056 1204 paganis
1081 1162 1129 1193 vel
1147 1162 1294 1193 Arrianis
1319 1162 1503 1193 caesaribus
1521 1163 1570 1193 ius
1587 1163 1729 1194 caesaris
1745 1161 1943 1193 reddendum
1961 1161 2015 1192 do-

361 1215 463 1246 cuerit
485 1226 543 1245 ncc
567 1226 718 1257 umquam
743 1226 761 1245 a
784 1214 938 1246 fidelitate
960 1213 1087 1245 illorum
1113 1225 1309 1256 quemquam
1325 1213 1493 1245 absolvere
1510 1215 1751 1256 presumpserit,
1775 1215 1830 1256 qui
1853 1214 1886 1244 in
1911 1224 2015 1245 sacra·
2035 1226 2063 1246 ‘20

361 1272 467 1297 menta
491 1267 578 1307 regia
601 1267 765 1306 iuraverit,
789 1266 873 1297 idem
898 1277 969 1296 cum
991 1266 1063 1297 Deo
1088 1266 1239 1305 sentiens,
1263 1266 1348 1296 idem
1373 1277 1445 1296 cum
1464 1266 1629 1308 prophetis
1651 1277 1809 1304 asserens,
1832 1265 1917 1296 idem
1942 1275 2015 1296 cum

360 1317 526 1356 aecclesia,
541 1329 623 1360 quae
636 1319 699 1349 iam
714 1319 745 1349 in
757 1317 853 1348 coelis
863 1322 985 1359 regnat,
999 1317 1128 1356 doeens,
1141 1328 1212 1347 cum
1228 1318 1318 1348 iuxta
1329 1317 1530 1349 Ezechielem
1541 1317 1731 1360 prophetam
1741 1317 2015 1360 etexpositionem

362 1368 445 1400 beati
463 1369 648 1409 101·0nimi³‚
673 1369 880 1412 propheciam
900 1369 1077 1400 Ezechielis
1094 1380 1192 1411 super
1207 1368 1268 1400 hac
1284 1381 1317 1400 re
1334 1370 1537 1410 exponentis,
1555 1369 1741 1410 Sedechias,
1758 1380 1814 1400 rex
1831 1368 2017 1408 Ierusalem,

362 1420 433 1451 ideo
457 1421 497 1452 ab
522 1422 591 1463 ipso
608 1422 680 1453 Deo
701 1422 904 1453 severissime
929 1432 1000 1452 cum
1026 1420 1122 1452 domo
1146 1431 1202 1451 sua
1228 1421 1269 1451 sit
1285 1420 1490 1463 dampnatus,
1515 1422 1592 1463 quia
1615 1420 1716 1463 fedus,
1740 1420 1826 1464 quod
1850 1431 1923 1451 cum
1939 1431 2015 1462 rege

364 1472 528 1504 liabilonisv
553 1485 610 1515 per
633 1484 749 1504 nomen
774 1474 835 1504 Dci
864 1472 998 1504 iurando
1023 1472 1216 1511 firmaverat,
1241 1471 1363 1504 solvere
1387 1473 1650 1515 presumpserite,
1672 1472 1747 1504 licet
1768 1484 1827 1504 rex
1850 1471 2017 1503 Babilonis
2036 1484 2064 1504 85

361 1524 488 1565 gentilis
513 1530 598 1556 esset
622 1531 652 1556 ct
670 1525 846 1557 sedechias
863 1524 901 1556 de
919 1530 1003 1555 statu
1021 1525 1193 1556 aecclesiae
1217 1524 1300 1555 illius
1323 1526 1488 1566 temporis,
1509 1525 1541 1556 id
1558 1530 1607 1556 est
1623 1525 1805 1566 baptizatus
1821 1524 2016 1566 baptismate

360 1576 623 1609 circumcisionis.
669 1576 770 1608 Cuius
802 1577 846 1607 rei
878 1576 1112 1608 discrecionem
1144 1576 1228 1617 legio
1252 1575 1384 1607 Thebea
1413 1576 1621 1618 spiritualiter
1642 1577 1763 1615 tenuit,
1793 1587 1866 1607 cum
1893 1576 2016 1608 caesari

363 1638 444 1668 quac
468 1629 609 1659 caesaris
641 1635 731 1659 erant
755 1627 917 1667 redderet,
950 1634 980 1659 et
1011 1634 1117 1659 tamen
1146 1629 1175 1658 ei
1207 1629 1237 1658 in
1262 1627 1348 1658 idolo
1372 1627 1423 1658 vel
1454 1629 1485 1658 in
1510 1629 1718 1660 sacramentis
1747 1627 1906 1659 idolorum
1931 1638 2013 1659 com-

364 1679 530 1710 municare
554 1690 612 1710 nec
635 1679 694 1711 sub
719 1679 827 1721 gladio
851 1681 1080 1722 acquiesceret.
1127 1679 1224 1710 Recte
1249 1679 1409 1721 optulisti,
1437 1679 1512 1711 dum
1537 1679 1745 1722 privilegium
1769 1679 1938 1711 cuiusdam
1961 1679 2016 1711 ab·

364 1730 486 1769 batiae,
510 1741 592 1772 quae
616 1732 646 1762 in
672 1731 820 1774 partibus
845 1731 969 1762 Galliae
992 1731 1079 1774 apud
1103 1731 1405 1773 Augustudunums
1429 1732 1490 1763 sita
1513 1740 1576 1769 est,
1605 1743 1623 1762 a
1647 1732 1742 1763 beato
1767 1731 1927 1773 Gregorio
1950 1730 2016 1763 die·
2035 1746 2063 1766 ao

363 1787 463 1813 tatum
489 1787 520 1813 et
543 1783 703 1814 firmatum
731 1785 762 1814 in
785 1784 1009 1814 auctoritatem
1033 1784 1203 1814 revocasti.
1248 1783 1292 1814 Ut
1314 1790 1420 1815 autem
1445 1783 1610 1815 evidenter
1633 1783 1826 1824 reveletur3,
1854 1783 1930 1826 quia
1952 1794 2014 1814 non

362 1838 447 1865 recte
475 1834 632 1873 divisisti,
667 1846 731 1866 non
765 1841 814 1866 cst
845 1833 937 1865 nobis
966 1835 1094 1876 pigrum
1130 1835 1333 1876 interponere
1367 1836 1480 1866 seriem
1516 1835 1661 1866 eiusdam
1696 1835 1868 1877 privilegii.
1913 1834 2015 1867 Cuius

363 1885 546 1927 exemplum
571 1898 604 1917 se
628 1887 672 1917 ita
695 1886 826 1918 habet⁴1
854 1885 995 1922 Quando
1020 1887 1065 1918 ad
1087 1898 1136 1925 ea,
1160 1887 1205 1917 ad
1228 1898 1311 1928 qaae
1335 1887 1566 1918 catholicorum.
1588 1899 1701 1929 requm
1725 1888 1826 1919 corda
1841 1887 2016 1929 pontifica-

364 1936 448 1968 libus
470 1943 546 1968 sunt
563 1939 694 1969 monitis
707 1938 933 1980 provocanda,
960 1939 1006 1969 ita
1030 1939 1162 1969 ardenti
1185 1938 1348 1969 desiderio
1371 1939 1486 1970 divina
1507 1940 1716 1980 preveniente
1736 1940 2016 1981 qratiasssuccen-

364 1989 499 2028 dantur,
523 1994 557 2020 ut
581 1990 620 2020 ab
645 1991 692 2021 eis
715 1989 799 2021 ultro
819 1995 1014 2030 poscantur,
1037 1995 1127 2021 tanto
1150 1995 1226 2020 sunt
1249 1991 1356 2021 alacri
1378 1995 1405 2021 et
1429 1990 1488 2022 leto
1513 1992 1623 2022 animo
1647 1990 1867 2030 concedenda,
1894 1995 2016 2033 quanto
2035 2004 2063 2024 ³⁶

366 2042 400 2071 in.
423 2052 461 2071 ea
487 2041 570 2082 ilisa,
595 2053 654 2082 qne
678 2042 830 2082 cupiunt,
854 2043 884 2072 si
907 2041 1026 2072 nollent
1041 2041 1169 2082 facere,
1190 2043 1260 2083 peti
1283 2041 1471 2073 debuerant.
1515 2042 1660 2074 Proinde
1685 2043 1780 2074 inacta
1804 2044 1932 2085 scripta
1945 2042 2015 2083 fili-

365 2103 455 2122 orum
484 2097 668 2123 nostrorum
695 2093 1056 2134 precellentissimorum
1087 2104 1198 2134 reyum
1226 2093 1440 2124 Rruniln'ldis
1471 2106 1509 2124 ac
1542 2095 1666 2135 nepotis
1696 2095 1806 2135 ipsius
1830 2094 2019 2126 Theoderici

368 2144 562 2174 monasterio
594 2150 728 2175 sanctae
754 2145 899 2183 Mariae,
930 2145 986 2175 ubi
1013 2144 1210 2175 ancillarum
1238 2145 1301 2175 Dei
1329 2150 1373 2176 est
1404 2147 1616 2187 conyreyatio
1647 2148 1842 2186 constituta,
1872 2147 1907 2177 in
1939 2146 2017 2178 urbe

369 2195 665 2234 .›lugsustudunensi
694 2208 712 2225 a
738 2196 933 2227 ¹reverendae
956 2197 1130 2227 memoriae
1154 2196 1302 2237 Suayre‘o
1330 2198 1482 2238 episcopo
1505 2197 1669 2236 conditah,
1698 2199 1753 2229 cui
1770 2208 1901 2238 preesse
1923 2197 2016 2229 dino-

367 2247 477 2285 sceris,
501 2246 690 2278 huiusmodi
708 2248 891 2289 privileyia
911 2249 1075 2289 presentis
1098 2249 1308 2279 auctoritatis
1332 2253 1463 2279 nostrae
1481 2249 1604 2280 decreto
1629 2249 1846 2291 indulgemus,
1869 2250 2016 2281 concedi·
2035 2263 2063 2282 ιο

367 2308 438 2327 mus
462 2302 556 2338 atque
574 2298 757 2337 firmamus,
788 2304 962 2330 statuentes
988 2299 1109 2330 nullum
1137 2311 1256 2341 reyam,
1286 2299 1413 2331 nullum
1437 2301 1632 2339 antistitum,
1662 2301 1785 2332 nullum
1813 2312 2016 2343 quacumqu-e

367 2348 529 2388 preditum
548 2350 720 2389 (Manuale,
745 2350 791 2380 ccl
807 2362 997 2391 quemquam
1024 2351 1125 2382 alium
1143 2351 1238 2390 [dei]
1261 2351 1322 2391 his,
1346 2363 1406 2393 que
1429 2353 1529 2383 eidem
1555 2354 1749 2383 monasterio
1773 2364 1794 2383 a
1809 2352 2016 2394 supradictis

358 2398 444 2438 filiis
468 2402 587 2431 nostris
613 2401 742 2441 reyiltus
766 2403 831 2432 iam
856 2402 981 2433 donata
1005 2408 1080 2433 sunt
1104 2403 1150 2434 vel
1175 2404 1207 2433 in
1224 2403 1346 2443 futuro
1369 2415 1389 2434 a
1413 2403 1603 2446 quibuslibet
1627 2403 1706 2435 aliis
1729 2403 1768 2435 de
1783 2405 1924 2446 proprio
1938 2403 2016 2446 fue-

368 2452 434 2481 rint
460 2452 529 2481 iure
546 2451 675 2490 collata,
698 2452 755 2483 sul)
773 2454 943 2485 cuiuslibet
967 2466 1087 2485 causae
1105 2455 1308 2486 occasionis'*
1331 2457 1437 2496 specu,²
1462 2455 1671 2487 imminuere¹
1692 2455 1738 2486 vel
1757 2454 1890 2496 auferre
1905 2461 1934 2487 et
1949 2456 2016 2488 sive

478 2547 505 2570 a]
526 2548 652 2577 reputasti
674 2549 698 2572 2.
776 2549 801 2572 b)
826 2553 851 2572 et
872 2549 934 2574 add.
957 2550 981 2574 2.
1053 2556 1076 2574 c)
1101 2551 1330 2575 excommunicare
1351 2559 1417 2575 corr.
1440 2551 1663 2576 excommunicari
1688 2553 1716 2581 1;
1737 2551 1968 2577 excommunicare
1990 2551 2015 2576 2.
2034 2554 2063 2575 ιο
2092 2546 2099 2571 ἱ

369 2591 398 2619 d)
420 2591 517 2615 decens
538 2600 604 2616 ror-r.
627 2593 685 2617 doc.
710 2594 731 2618 l.
799 2602 824 2618 e·
846 2596 1004 2627 presumpsit
1025 2597 1048 2621 2.
1116 2597 1139 2624 f)
1156 2598 1303 2629 Augustum
1325 2597 1350 2621 2.
1417 2598 1444 2629 g)
1467 2597 1537 2622 dees!
1559 2597 1584 2621 2.
1648 2597 1676 2629 h)
1699 2597 1737 2621 ito,
1758 2599 1782 2623 1.
1803 2597 1834 2627 2,-
1853 2597 1962 2623 condito
1983 2597 2014 2623 G.

368 2637 387 2661 ί)
410 2636 482 2661 deest
504 2639 526 2661 1.
549 2639 579 2666 2‚-
600 2639 685 2670 recepi
705 2647 735 2663 cz
758 2640 788 2665 G.
864 2641 894 2664 k»
916 2642 1099 2667 occasionisve
1121 2642 1153 2667 G.
1230 2643 1250 2669 1}
1272 2643 1390 2668 minuere
1412 2643 1443 2667 G.

478 2708 506 2741 l)
531 2707 574 2739 Cf.
599 2708 677 2741 epist.
704 2709 726 2739 l,
754 2711 798 2741 1³.
824 2720 869 2743 ap.
899 2711 1089 2738 Pseudo-Isia.
1114 2713 1156 2737 ed.
1182 2713 1334 2738 Hinschiua
1353 2722 1384 2747 p.
1403 2713 1451 2739 36.
1554 2714 1583 2747 2)
1609 2712 1652 2746 Cf.
1677 2713 1777 2739 librum
1799 2713 1834 2740 de
1855 2714 1925 2742 unit.
1949 2714 2014 2741 eccl.

369 2768 491 2785 consere.
516 2759 540 2791 I,
563 2760 589 2785 2².
611 2760 656 2791 16,
680 2769 766 2794 supra
789 2770 818 2794 p.
840 2762 907 2787 186.
925 2763 994 2789 2⁰¹³.
1067 2764 1096 2788 3‘·
1124 2763 1167 2796 Cf.
1192 2773 1277 2798 supra
1299 2773 1329 2797 1).
1348 2764 1419 2790 381.
1437 2764 1507 2791 383.
1582 2764 1612 2799 4)
1635 2764 1704 2799 Req.
1723 2765 1811 2798 XIII,
1831 2765 1858 2799 9,
1884 2764 1956 2800 Opp.
1973 2765 2014 2799 II,

369 2810 420 2836 coz.
441 2810 620 2841 mea—2³5,-
641 2811 719 2844 Jaffi:
747 2811 835 2838 1576.
2033 2823 2062 2845 ω
