2132 3067
606 158 721 184 LIBER
743 158 794 184 DE
816 157 973 184 HONORE
995 156 1210 184 ECCLESIAE.
1664 151 1723 182 637

628 246 726 278 CLX.
765 246 864 277 Item
889 246 936 277 de
962 246 1102 277 eadem
1127 257 1178 277 re.
1745 255 1806 279 (159)

191 308 430 339 Possessiones¹
454 308 498 338 ad
521 307 693 348 religiosas
718 307 828 338 domos
848 308 1046 347 pertinentes
1072 307 1196 338 nullam
1219 307 1467 348 descriptionem
1490 310 1682 347 aynoscant.

367 408 484 441 CLXI.
521 409 577 440 De
601 408 838 439 hereditate
863 410 900 439 in
925 409 1082 439 nomine
1107 408 1261 440 Christi
1286 407 1448 439 relicta.
1747 417 1808 441 (160)

192 470 252 501 Si²
281 471 353 511 quis
382 471 419 501 in
449 471 578 500 nomine
609 470 735 500 domini
766 471 870 500 nostri
898 470 971 499 Iesu
1003 469 1123 500 Christi
1159 469 1362 500 hereditatem
1400 467 1579 510 reliquerit,
1614 469 1725 509 capiat

55 535 68 555 5
85 523 121 554 id
144 522 230 564 quod
254 521 400 552 relictum
424 526 469 551 est
493 521 661 552 aecclesia.

432 612 566 644 CLXII.
604 613 662 644 De
687 613 919 644 hereditate
943 613 1085 644 relicta
1110 612 1373 654 martyribus.
1747 621 1808 645 (161)

192 674 251 706 Si⁸
269 675 342 716 quis
361 675 397 705 in
414 676 544 705 'nomine
560 679 740 716 martyrum
758 675 962 705 hereditatem
981 675 1158 716 reliqzterz’t,
1182 675 1293 714 capiat
1315 673 1441 704 lucrum
1465 674 1535 704 eius
1560 672 1726 703 aecclesia.

242 776 394 809 CLXIII.
430 776 508 807 Res
532 776 721 818 episcopi
745 777 781 806 in
808 777 864 807 ius
887 776 1126 807 aecclesiae
1150 775 1347 817 legaliter
1370 775 1572 806 devenire.
1745 784 1806 808 (162)

191 838 253 870 Si⁴
275 840 349 880 quis
367 843 444 879 post
463 839 688 879 episcopatum
714 838 759 868 vel
783 842 858 868 ante
882 839 1172 868 consecrationema
1196 836 1332 867 voluerit
1352 837 1514 876 proprias
1539 847 1587 865 res
1612 834 1726 865 aeccle-

39 903 66 922 ιο
85 891 155 922 siae
179 889 301 932 offerre,
329 891 425 921 cuius
448 890 621 930 episcopus
643 889 715 929 erit,
743 889 800 920 lzoc
824 888 992 920 laudabile
1016 895 1080 927 est,·
1111 890 1190 930 quia
1214 899 1277 919 non
1302 892 1345 918 est
1369 888 1493 928 emptio,
1521 887 1576 917 secl
1599 886 1726 917 oblatio.

370 991 539 1023 CLXIIII.
578 991 656 1022 Res
680 990 908 1022 aecclesiae
932 991 1113 1022 firmiter
1137 1000 1432 1032 permansuras.
1745 998 1805 1023 (ιω)

191 1052 349 1083 Nullam⁵
373 1053 620 1084 diminutionem
640 1054 818 1092 patiantur
835 1051 1075 1083 aecclesiastica
1100 1053 1177 1082 iura
1203 1052 1235 1082 in
1261 1051 1363 1091 rebus,
1388 1049 1491 1092 quasb
1512 1053 1588 1090 post
1610 1050 1727 1090 episco-

85 1109 200 1146 patum
224 1106 406 1146 acquisitas
429 1104 604 1135 aecclesiae
628 1115 734 1135 eorum
759 1108 934 1144 competere
957 1103 1191 1144 disposuimus.

129 1206 260 1239 CLXV.
297 1206 356 1238 De
385 1206 593 1248 episcopis
622 1217 692 1248 pro
722 1205 844 1237 rebus
873 1205 1102 1236 aecclesiae
1131 1205 1364 1236 exactionec
1387 1215 1461 1234 non
1485 1203 1684 1234 constrin-
1747 1212 1810 1236 (ιω)

41 1271 67 1291 ι5
823 1257 984 1298 gendis.

190 1319 334 1350 Nulla-3⁶
358 1320 532 1360 episcopus
550 1330 615 1360 pro
639 1319 733 1350 rebus
757 1320 930 1350 aecclesiae
958 1329 1037 1349 suae
1066 1318 1264 1348 exactionem
1296 1317 1341 1348 vel
1364 1317 1540 1348 molestiam
1559 1316 1728 1356 paciatur.

136 1421 284 1453 CLXVI.
329 1421 434 1460 Quid
465 1432 584 1463 agere
616 1420 762 1452 debeat
791 1422 1016 1462 imperator,
1046 1420 1077 1450 si
1108 1424 1355 1450 commutare
1385 1417 1565 1449 voluerit
1596 1427 1681 1448 cum
1750 1427 1810 1451 (165)

795 1472 1018 1503 aecclesia.

192 1534 253 1566 Si⁷
281 1535 460 1575 imperator
488 1539 683 1565 commutare
711 1534 849 1565 voluerit
877 1545 948 1564 eum
973 1533 1146 1572 aecclesia,
1173 1535 1359 1573 potestatem¹
1389 1530 1500 1561 habeat
1530 1535 1666 1568 tantum,
1696 1534 1730 1559 ut

41 1597 68 1617 ιο
87 1585 293 1617 melioratasd
316 1597 368 1617 res
392 1586 548 1617 aeeclesia
569 1597 636 1627 pro
659 1587 906 1617 commutatione
927 1586 1099 1626 suscipiat.

357 1682 521 1714 CLXVII.
559 1683 618 1714 De
642 1682 883 1714 reverentia
906 1683 1192 1723 imperatorum
1215 1681 1253 1710 in
1277 1679 1455 1711 clericos.
1750 1692 1811 1715 (ωε)

193 1737 279 1775 Ecce
303 1743 352 1774 his
376 1745 475 1775 sacris
498 1744 784 1775 constitutionibus
807 1749 918 1786 aperte
935 1748 1033 1785 patet,
1056 1746 1229 1784 quantame
1252 1741 1465 1772 reverentiam
1489 1740 1572 1770 sacri
1595 1740 1730 1780 impera-

88 1801 173 1827 tores
195 1795 370 1827 aecclesiae
393 1796 458 1827 Dei
482 1801 513 1827 et
535 1797 565 1827 ei
588 1796 804 1827 servientibus
828 1795 945 1826 habere
969 1793 1120 1825 debeant!

131 1897 313 1930 CLXVIII.
350 1898 542 1940 Exempla
564 1903 809 1937 sanctorum,
834 1897 986 1939 quibus
1009 1907 1077 1938 pro
1102 1896 1277 1927 veritate
1301 1905 1427 1936 usque
1451 1893 1497 1924 ad
1523 1898 1686 1923 mortem
1751 1905 1812 1929 (1⁶7)

41 1960 68 1980 25
549 1956 707 1981 certare
730 1949 974 1991 plenissime
997 1950 1263 1980 admonemur.

194 2010 298 2052 Igitur
320 2017 492 2053 postquam
516 2016 606 2042 tanta
630 2011 854 2042 observandae
870 2011 1016 2041 veritatis
1031 2014 1203 2051 praecepta
1226 2007 1462 2050 praemisimus,
1485 2016 1569 2035 nunc
1591 2005 1732 2036 breviter

88 2067 272 2094 sanctorum
296 2062 456 2105 exempla,
485 2063 539 2105 qui
562 2073 621 2104 pro
645 2063 777 2093 veritate
801 2073 864 2093 non
888 2062 1063 2093 timuerunt
1086 2066 1288 2102 praesentem
1312 2059 1409 2089 vitam
1435 2057 1568 2099 perdere
1592 2056 1731 2098 profera-

91 2125 170 2153 muS‚
194 2120 225 2145 et
248 2114 295 2145 sic
316 2114 388 2145 Deo
410 2114 585 2145 auxiliante
609 2119 809 2156 praesentem
834 2113 975 2145 libellum
1001 2113 1040 2144 de
1065 2113 1184 2144 honore
1208 2116 1335 2142 sanctae
1359 2109 1469 2140 matris
1493 2107 1666 2139 aecclesiae
1689 2108 1730 2138 ad

88 2165 184 2196 finem
207 2165 372 2198 ducamus
416 2166 480 2197 Hic
504 2166 664 2208 primumf
688 2167 827 2196 occurrit
856 2166 968 2196 beatus
992 2164 1185 2203 Iohannesg,
1209 2163 1341 2194 Domini
1365 2170 1563 2203 praecuisor,
1586 2160 1730 2191 veritatis
1809 2197 1838 2215 f

41 2227 69 2247 so
88 2217 121 2248 in
144 2222 269 2249 tantum
291 2224 425 2258 amator,
449 2223 485 2249 ut
507 2218 660 2249 iniustum
684 2218 808 2249 facinus
832 2217 1054 2248 interdicendo
1078 2217 1156 2257 regi
1180 2216 1261 2246 mori
1286 2225 1343 2256 pro
1367 2213 1501 2244 veritate
1524 2222 1729 2253 nequaquam
1749 2226 1812 2245 Marc
1814 2227 1848 2247 c,
1858 2227 1890 2246 13

87 2269 221 2300 timeret.
256 2269 310 2299 Sic
334 2275 366 2301 et
389 2269 501 2301 beatus
517 2270 628 2301 Helias
646 2271 714 2311 regi
731 2270 919 2311 opsistendo
943 2269 1197 2311 persecutionem
1215 2266 1281 2308 pati
1298 2266 1418 2296 veritus
1435 2275 1499 2294 non
1515 2269 1572 2295 est.
1612 2263 1760 2294 Beatusc
1750 2261 1777 2280 ‘f
1784 2261 1898 2314 32ξξ·19’

89 2320 184 2352 etiam
208 2321 348 2362 Moyses,
371 2321 435 2352 Dei
458 2322 641 2363 praeceptis
666 2321 821 2363 populum
844 2321 1004 2361 erudiens,
1034 2331 1097 2350 non
1127 2319 1290 2357 honorem,
1321 2316 1378 2348 sed
1406 2316 1662 2358 persecutionem
1689 2315 1729 2346 ab

89 2372 134 2403 eis
157 2373 344 2414 saepissime
368 2384 482 2414 passus
504 2378 563 2404 est.
608 2372 797 2405 Machabaei
813 2384 889 2404 vero
906 2372 1014 2404 beatib
1038 2377 1194 2412 martyres
1218 2380 1275 2412 pro
1300 2368 1413 2410 patriis
1429 2366 1553 2408 legibus
1570 2367 1650 2397 mori
1667 2378 1730 2398 non
1752 2357 1899 2407 ,fflassffla

89 2429 290 2455 recusarunt.
339 2423 420 2455 Tres
449 2425 541 2466 pueri
571 2425 602 2455 in
633 2425 760 2456 camino
788 2425 872 2466 ignis
901 2435 959 2466 pro
987 2424 1123 2454 veritate
1151 2422 1235 2453 mitti
1265 2431 1328 2451 non
1358 2419 1567 2460 refugierunt.
1618 2419 1729 2450 Sancti

44 2531 71 2551 ³⁵
199 2529 224 2560 a)
245 2527 341 2553 ilerum
359 2537 420 2558 seva,
445 2529 491 2554 sed
510 2529 561 2555 del.
583 2530 658 2554 132⁸.
766 2530 792 2561 b)
816 2533 877 2554 ante
898 2529 972 2559 add,
996 2528 1042 2553 sed
1062 2527 1113 2552 del.
1136 2526 1209 2550 132².
1317 2526 1341 2556 c)
1365 2525 1435 2550 deest
1455 2521 1532 2549 B21‘.
1639 2525 1665 2555 d)
1688 2532 1729 2548 res

90 2575 150 2600 mel.
170 2571 247 2599 32¹².
304 2576 328 2607 e)
351 2576 472 2608 quantae,
492 2583 505 2600 s
524 2576 574 2600 del.
597 2576 671 2600 132⁸.
728 2576 750 2605 f)
771 2575 877 2608 primus,
899 2574 985 2606 l'post
1005 2582 1045 2602 ea,
1066 2578 1095 2598 ut
1114 2573 1227 2603 videtur,
1250 2571 1313 2596 adel.
1333 2571 1409 2596 132⁸.
1468 2571 1497 2603 g)
1519 2571 1636 2603 baptista
1656 2570 1729 2600 add„

89 2620 136 2646 aed
154 2621 204 2646 del.
224 2621 299 2646 132².
374 2621 405 2651 h)
424 2621 519 2646 iterum
539 2621 612 2650 add„
632 2622 678 2647 sed
697 2622 747 2646 del.
769 2621 794 2646 B
806 2622 845 2646 2³.

199 2719 226 2753 1)
249 2719 358 2746 Iuliani
382 2719 496 2746 constit.
519 2720 627 2754 CXIX,
651 2730 674 2747 c.
697 2721 724 2753 5,
749 2721 768 2747 l.
792 2720 810 2745 l.
832 2728 860 2752 p.
882 2719 950 2744 166.
1037 2718 1067 2752 2)
1092 2717 1165 2744 Ibid.
1190 2726 1212 2742 c.
1232 2716 1260 2744 9.
1348 2716 1377 2752 3)
1400 2716 1474 2744 Ιόἰά.
1498 2725 1521 2743 c.
1542 2716 1588 2749 10,
1614 2725 1644 2749 p.
1665 2715 1732 2740 167.

91 2769 121 2804 4)
143 2769 217 2797 lbid.
243 2770 332 2803 CXV,
356 2779 379 2797 c.
397 2771 425 2801 5,
445 2779 476 2804 p.
497 2771 564 2798 148.
664 2771 694 2807 5)
719 2772 793 2798 Ibid.
818 2780 840 2797 c.
860 2770 886 2803 6,
907 2780 938 2804 p.
961 2769 1027 2796 149.
1118 2769 1147 2803 6)
1170 2769 1244 2795 Ibid.
1269 2777 1291 2795 c.
1310 2768 1359 2801 47,
1379 2777 1410 2802 p.
1430 2767 1498 2795 158.
1587 2766 1616 2802 7)
1641 2766 1732 2793 Const.

44 2828 71 2848 ιο
97 2820 161 2855 VII,
184 2831 207 2847 c.
225 2821 253 2854 2,
271 2831 304 2856 p.
321 2822 370 2854 32,
394 2822 442 2848 ubi
463 2823 548 2849 verba
572 2826 683 2849 tantum
708 2840 748 2843 -—
772 2821 913 2856 suscipiat
936 2822 1042 2848 desunt.
