2132 3067
600 160 681 187 VIII.
716 162 768 187 DE
790 160 961 189 EMTIONE
983 164 1261 194 ECCLESIARUM.
1688 167 1744 197 107

527 277 598 313 DE
626 278 889 315 EMPTIONE
916 280 1321 320 AECCLESJARL'M.

212 343 392 374 Karissimo
415 344 504 376 fratri
530 344 665 376 Paulino
690 346 870 377 Bernaldus
899 347 965 378 solo
994 350 1122 380 nomine
1145 350 1322 392 presbyter,
1352 363 1413 383 non
1444 354 1597 395 moribus,
1628 355 1744 386 bonum

109 393 310 434 indeficiens,
334 395 418 437 quod
444 402 492 427 est
515 395 672 427 Christus.

213 446 436 488 Questionem,
467 447 566 478 frater
593 447 780 489 karissime,
813 460 907 490 quam
939 460 958 479 a
988 461 1038 481 ine
1068 451 1296 483 exsolvendam
1329 457 1468 496 expetis,
1500 456 1631 487 inultum
1665 458 1747 488 vires

77 510 89 529 5
109 503 233 529 nostras
256 497 395 536 excedit,
419 509 515 540 quam
540 500 599 530 etsi
623 505 841 541 competenter
865 500 1030 542 explicare
1053 514 1190 542 nossem,
1214 505 1312 534 otium
1331 514 1435 536 tamen
1456 507 1608 538 librorum
1632 508 1669 538 ad
1689 508 1747 539 hoc

107 549 331 592 exequendum
356 549 473 580 habere
497 550 661 581 deberem:
686 562 745 581 nec
761 551 799 582 de
816 552 875 582 hac
892 563 988 584 causa
1011 553 1131 595 aliquid
1150 566 1343 597 prepi-opere
1360 558 1498 588 scribere
1515 558 1636 591 vellem.
1662 559 1746 600 quod

106 607 188 633 non³
212 612 253 632 ex
275 601 465 632 auctoritate
498 608 680 633 sanctorum
712 608 837 643 patrum
863 604 1132 645 inrefragabiliter
1156 606 1294 647 probare
1318 619 1454 648 possein.
1501 610 1562 640 Sed
1588 618 1621 640 tu
1645 612 1746 641 omnis

106 664 213 684 morae
235 653 408 694 impatiens
432 652 473 684 ab
496 654 664 684 exactione
687 664 750 683 non
775 654 914 695 desistis,
939 656 1022 687 unde
1047 663 1078 687 et
1103 669 1153 688 me
1174 669 1231 699 pro
1253 667 1306 689 tuo
1323 671 1430 690 amore
1448 661 1578 691 nimium
1598 662 1746 692 festinare

106 705 202 746 cogis.
255 704 372 735 Dicam
402 709 510 735 tamen
540 704 581 736 ad
611 716 754 746 presenS‚
786 712 820 736 ut
850 717 991 747 possum,
1021 708 1110 739 salva
1140 709 1335 751 diligentiori
1365 712 1570 752 inquisitione
1601 715 1630 743 in
1660 713 1744 743 aliud

62 768 88 788 ιο
105 761 242 797 tempus,
271 760 302 786 et
325 755 384 786 hoc
410 755 540 798 quidem
565 767 602 787 eo
627 762 732 798 pacto,
764 763 798 788 ut
825 764 856 788 et
879 764 912 789 tu
936 758 1060 789 interim
1087 771 1221 802 quaeras
1251 767 1281 792 et
1310 762 1334 792 si
1365 762 1441 803 quid
1467 764 1637 803 inveneris,
1670 764 1744 794 inihi

104 807 251 838 intimare
272 817 337 838 non
360 808 514 849 graveris

208 867 358 910 Inprimis
381 869 480 909 igitur
502 868 574 899 volo
599 869 681 899 scias
710 869 838 900 beatum
864 870 1081 911 Augustinum
1112 872 1144 902 in
1175 872 1256 903 libro
1287 875 1568 905 retractationum¹
1594 886 1745 914 asserere,
1778 887 1788 904 2

105 931 138 951 se
167 930 228 950 non
260 920 401 962 quinque
431 919 531 950 libros
564 920 602 951 de
634 920 696 951 fide
727 927 758 952 et
789 921 954 962 operibus,
988 922 1043 953 sed
1075 934 1173 953 unum
1205 930 1324 954 tantum
1361 927 1595 966 composuisse,
1630 927 1746 967 quemb

103 971 149 1002 ita
178 971 256 1002 dicit
285 971 443 1012 incipere:
475 971 679 1008 Quibusdam
710 973 848 1004 videtur.
894 973 989 1004 Unde
1017 973 1094 1004 illud
1124 981 1212 1005 tuum
1245 975 1283 1006 de
1313 977 1499 1017 symoniaco
1531 978 1745 1007 testiinonium

61 1035 86 1055 ιε»
104 1033 166 1054 non
195 1022 288 1053 nobis
317 1023 503 1054 satisfacere
527 1025 655 1064 poterit,
685 1025 711 1055 si
736 1036 776 1055 ex
801 1024 864 1054 alio
890 1024 971 1056 libro
997 1025 1081 1056 beati
1106 1027 1281 1067 Augustini
1305 1027 1344 1057 de
1368 1028 1429 1058 fide
1453 1034 1482 1058 et
1506 1028 1655 1069 operibus
1679 1039 1746 1069 pre-

74 1085 79 1089 ”
103 1074 226 1106 titulato
249 1080 449 1116 excerptum.
494 1075 689 1106 Incredibile
712 1077 796 1106 enim
817 1076 943 1107 videtur
959 1078 1176 1118 Augustinum
1195 1077 1291 1108 alium
1310 1078 1424 1109 librum
1449 1079 1488 1110 de
1504 1079 1566 1110 fide
1591 1086 1621 1110 et
1645 1079 1746 1120 operi-

103 1126 163 1158 bus
187 1126 416 1168 composuisse,
445 1127 509 1157 nisi
533 1128 624 1158 cuius
648 1128 842 1159 mentionem
867 1129 945 1159 facit
968 1129 1000 1158 in
1024 1130 1257 1160 retractatione.
1304 1130 1453 1161 Preterea
1476 1131 1580 1171 ipsum
1605 1131 1747 1161 testimo-

103 1178 200 1218 nium,
234 1178 262 1208 si
292 1177 374 1209 bene
404 1177 524 1219 recolo,
556 1178 775 1210 venditionem
799 1179 849 1210 vel
878 1181 1071 1221 emptionem
1095 1180 1403 1212 aecclesiasticarum
1435 1193 1538 1212 rerum
1571 1182 1645 1212 dicit
1676 1193 1745 1213 esse

104 1230 339 1271 symoniacum:
374 1229 459 1271 quod
489 1231 584 1260 nimis
615 1230 723 1261 laxum
754 1231 892 1267 videtur,
922 1242 994 1262 eum
1025 1238 1055 1262 et
1086 1231 1245 1272 legitimas
1276 1233 1477 1263 venditiones
1509 1239 1539 1263 et
1567 1234 1745 1274 emptiones

58 1291 85 1311 ιο
103 1291 210 1313 earum
234 1292 340 1312 rerum
364 1281 535 1312 inclusisse
559 1282 714 1313 videatur.
761 1283 967 1324 Quapropter
990 1283 1022 1314 id
1046 1284 1149 1325 ipsum
1175 1283 1269 1314 beato
1294 1285 1476 1324 Augustino
1499 1283 1658 1314 ascribere
1683 1295 1744 1314 non

103 1343 262 1375 presumo.
306 1332 374 1364 Nec
397 1332 458 1363 hoc
481 1333 600 1364 dictum
625 1335 670 1364 ita
692 1335 844 1376 recipias,
869 1335 959 1376 quasi
985 1346 1045 1375 ego
1070 1342 1143 1366 tuae
1161 1335 1358 1376 preindicem
1376 1336 1530 1377 opinioni,
1554 1337 1650 1366 immo
1674 1347 1691 1365 a
1715 1342 1744 1367 te

103 1384 173 1416 volo
197 1385 318 1415 cercius
341 1384 415 1415 inde
439 1384 558 1416 doceri.

208 1445 267 1476 Est
297 1450 403 1476 autem
435 1451 490 1477 tua
518 1447 655 1487 questio,
687 1447 712 1476 si
741 1446 878 1477 vendere
903 1446 951 1477 vel
975 1458 1080 1477 emere
1104 1446 1274 1478 aecclesias
1299 1447 1340 1477 sit
1363 1446 1607 1487 symoniacum?
1651 1446 1743 1477 Unde

102 1496 160 1528 tibi
191 1497 235 1527 ita
266 1497 459 1538 respondere
490 1509 632 1539 possum,
664 1498 739 1539 quia
769 1503 848 1540 aput
878 1499 1026 1539 antiquos
1050 1509 1113 1528 non
1138 1499 1191 1537 ita,
1224 1505 1257 1528 ut
1285 1497 1392 1532 modo,
1423 1497 1603 1539 presbyteri
1627 1497 1744 1528 aeccle-

57 1558 84 1578 25
103 1548 165 1579 sias
187 1549 250 1579 iam
273 1548 396 1580 dudum
421 1549 559 1580 ordinati
588 1551 755 1591 acquirere
787 1556 1035 1587 consueverunt,
1065 1549 1121 1580 sed
1153 1550 1183 1579 in
1211 1550 1279 1590 ipsa
1311 1549 1510 1580 ordinatione
1540 1555 1743 1590 acceperunt.

101 1600 184 1631 Nam
207 1601 309 1632 sancti
332 1605 440 1642 patres
464 1601 495 1630 in
522 1599 778 1632 Calcedonensi2
801 1600 937 1632 concilio
961 1601 1083 1632 irritam
1107 1600 1354 1631 *ordinationem
1385 1599 1557 1632 cuiuslibet
1586 1600 1745 1631 iudicave

102 1657 185 1691 runt,
214 1652 268 1693 qui
292 1651 332 1683 ad
357 1657 478 1683 eertum
503 1652 606 1683 locum
633 1652 797 1683 ordinatus
822 1664 884 1683 non
908 1653 1121 1691 inveniretur3
1154 1663 1268 1693 nempe
1300 1652 1397 1684 locus.
1429 1652 1480 1682 cui
1511 1652 1654 1682 minister
1678 1658 1745 1682 erat

102 1703 347 1743 consecrandus,
370 1704 518 1745 inprimis
542 1704 827 1745 pronunciabatur.
875 1704 994 1746 Sicque
1019 1704 1178 1734 ordinatio
1203 1704 1340 1734 ministri
1365 1702 1404 1733 ad
1423 1703 1622 1744 designatum
1642 1703 1745 1733 locum

102 1754 319 1796 sollempniter
350 1755 541 1796 celebratur,
574 1757 657 1787 sicut
687 1755 794 1786 adhue
822 1757 853 1786 in
879 1755 1080 1786 ordinatione
1105 1756 1330 1796 episcoporum
1355 1756 1421 1785 sive
1445 1754 1599 1786 abbatum
1625 1754 1744 1795 ubique

56 1816 83 1836 ευ
102 1806 299 1838 observatur.
345 1806 427 1838 Cum
452 1807 524 1848 ipsa
547 1807 749 1838 ordinatione
774 1807 920 1837 minister
942 1805 1207 1838 incardinabatur
1230 1806 1407 1837 aecclesiae
1437 1817 1496 1836 nec
1520 1805 1600 1836 alius
1624 1806 1650 1835 ei
1676 1816 1744 1835 acc-

102 1858 241 1898 alesiam,
265 1857 346 1889 alius
370 1860 659 1897 consecrationem,
684 1859 739 1890 sed
764 1858 848 1889 idem
870 1859 937 1899 ipse
960 1857 1093 1889 eontulit
1115 1863 1286 1899 utrumque
1311 1865 1341 1888 et
1364 1857 1475 1888 eodem
1501 1862 1660 1897 tempore:
1686 1867 1743 1887 nec

103 1909 245 1952 plenaria
274 1909 491 1952 deputabatur
521 1911 691 1946 ordinatio,
721 1921 817 1952 quam
848 1921 910 1940 non
940 1909 1129 1951 precederet
1159 1914 1245 1939 certa
1274 1909 1333 1939 loci
1358 1909 1549 1949 designatio.
1596 1906 1688 1937 L'nde
1712 1913 1743 1937 et

101 1962 187 2003 apud
210 1962 358 2004 antiquos
381 1968 487 2004 patres
508 1967 652 1993 nontam
670 1961 820 2003 specialis
837 1960 1009 2002 prohibitio
1033 1960 1118 1991 facta
1141 1959 1258 2001 legitur
1280 1960 1319 1990 de
1343 1961 1504 2001 emptione
1527 1958 1743 1996 ecclesiarum,

101 2014 227 2055 quasin
244 2013 323 2055 ipsis
341 2013 598 2045 ordinationibus
623 2014 872 2054 comprehensas
895 2018 926 2043 et
949 2023 1021 2042 cum
1046 2013 1125 2053 ipsis
1148 2023 1206 2053 per
1229 2012 1383 2053 pecunias
1407 2011 1541 2041 obtineri
1566 2009 1742 2051 prohibitas

54 2074 82 2095 ³⁵
101 2071 266 2097 noverunt.
310 2064 353 2096 Et
376 2076 449 2095 cum
473 2070 598 2106 emptas
623 2064 840 2095 ordinationes
866 2064 1068 2105 symoniacas
1092 2069 1285 2105 reputarent,
1315 2063 1491 2103 emptiones
1515 2061 1740 2092 aecclesiarum

101 2115 211 2157 procul
235 2116 334 2147 dubio
358 2127 421 2147 non
445 2122 654 2158 exceperunt,
679 2117 776 2146 immo
800 2126 859 2145 nec
882 2116 1033 2156 excipere
1057 2121 1238 2156 potuerunt.

205 2176 402 2218 Postquamc
425 2182 533 2208 autem
559 2176 794 2207 commendatio
819 2175 994 2206 aecclesiae
1021 2176 1060 2206 ab
1086 2177 1156 2216 ipsa
1179 2175 1419 2205 consecratione
1448 2175 1479 2203 in
1509 2178 1629 2204 tantuin
1655 2173 1740 2213 cepit

100 2228 251 2269 separari,
283 2233 319 2258 ut
347 2233 421 2269 post
448 2227 584 2259 multum
608 2234 737 2269 tempus
761 2227 934 2257 aecclesias
958 2228 1163 2268 acquirerent
1186 2227 1246 2256 iam
1272 2225 1392 2256 dudum
1417 2225 1604 2257 consecrati.
1634 2234 1739 2254 neces-

100 2279 217 2309 sarium
246 2278 340 2322 [fuit],
371 2285 406 2310 ut
437 2280 488 2310 etd
519 2279 651 2321 speciali
679 2284 798 2310 statuto
826 2278 1052 2320 prohiberetur
1079 2278 1197 2319 emptio
1225 2276 1464 2314 aecclesiarum,
1495 2277 1577 2306 sieut
1604 2282 1633 2306 et
1658 2276 1738 2316 ipsa-

53 2339 81 2359 40
99 2340 169 2360 rum
193 2331 479 2370 consecrationum,
510 2342 569 2362 nec
597 2342 696 2361 unum
728 2331 833 2361 minus
863 2340 958 2371 quam
991 2329 1173 2372 [alterum]e
1201 2328 1431 2370 dampnaretur
1454 2333 1488 2358 ut
1510 2327 1740 2367 symoniacum.

100 2379 162 2412 Sed
187 2383 442 2414 consecrationes
467 2394 523 2423 per
545 2383 687 2424 precium
711 2386 861 2423 acceptas
880 2380 939 2411 tibi
956 2386 1080 2412 constat
1097 2391 1165 2411 esse
1181 2381 1388 2414 simoniacam
1413 2378 1489 2408 mihi
1513 2385 1617 2408 autem
1643 2376 1739 2407 nihilo

100 2433 203 2463 minus
226 2432 266 2464 de
289 2434 577 2472 commendatione,
610 2433 642 2464 id
665 2439 713 2464 est
735 2433 774 2464 de
799 2443 876 2464 cura
906 2433 1096 2472 animarum,
1126 2431 1235 2462 itidem
1260 2430 1397 2468 videtur,
1429 2430 1454 2459 si
1484 2440 1542 2470 per
1571 2428 1737 2469 pecuniam

99 2482 269 2515 obtinetur.
313 2484 395 2516 Nam
421 2485 543 2527 Symon
568 2496 692 2526 magus,
722 2490 756 2515 ut
784 2483 902 2525 legitur
925 2485 956 2514 in
981 2483 1118 2514 Actibus
1144 2482 1373 2523 apostolorum,
1405 2492 1460 2522 per
1491 2481 1659 2521 pecuniam
1686 2478 1739 2509 ob-

100 2534 197 2566 tinere
220 2535 331 2577 voluit,
361 2547 424 2567 non
456 2542 491 2568 ut
519 2537 657 2578 apostoli
687 2546 799 2566 manus
823 2536 851 2566 ei
876 2536 1075 2576 inponerent,
1106 2534 1161 2565 sed
1193 2539 1226 2564 ut
1256 2534 1324 2574 ipse
1354 2531 1425 2562 aliis
1449 2542 1562 2562 manus
1586 2532 1738 2572 inponere

53 2595 81 2615 4⁵
99 2591 215 2626 posset.
260 2586 321 2618 Cui
352 2594 460 2618 autem
488 2587 643 2619 aecclesia
666 2588 734 2618 sive
759 2597 835 2617 cura
858 2587 1037 2617 animarum
1062 2586 1272 2616 committitur
1284 2584 1304 2623 s,
1335 2584 1439 2614 eidem
1471 2584 1565 2614 etiam
1598 2587 1737 2623 potestas

206 2681 234 2712 a)
255 2690 339 2714 supra
359 2683 447 2715 script.
468 2683 492 2709 9.
587 2683 614 2714 b)
637 2691 687 2716 que
708 2684 733 2707 9.
828 2682 854 2711 c)
876 2689 1003 2713 posquam
1025 2681 1049 2705 9.
1148 2681 1174 2711 d)
1198 2683 1223 2704 et
1244 2694 1275 2697 -—
1298 2679 1480 2711 prohiberetur
1506 2687 1585 2709 super
1605 2685 1690 2700 rusnr.
1712 2676 1736 2700 9.

100 2725 125 2758 e)
146 2727 284 2752 recentiori
303 2737 386 2753 manu
405 2729 433 2753 in
453 2738 537 2762 marg.
558 2730 685 2761 adscript.
706 2729 731 2752 9.
807 2728 827 2753 s)
847 2728 1008 2752 commititur
1027 2728 1052 2751 9.

206 2815 234 2850 1)
256 2816 290 2843 L.
314 2816 355 2849 II,
381 2826 403 2846 c.
427 2817 477 2851 38,
504 2816 574 2852 Opp.
599 2817 642 2843 ed.
667 2817 772 2843 Bened.
795 2819 814 2842 t.
839 2815 863 2848 I,
889 2816 939 2842 coz.
958 2815 1006 2841 55.
1095 2815 1124 2848 2)
1149 2814 1178 2841 C.
1197 2814 1213 2839 6
1237 2812 1366 2847 (Dion).

1458 2866 1504 2888 14*

1767 469 1799 493 (Ι)

1765 1455 1797 1478 (3)

1766 1611 1792 1632 Ὗ.
1801 1614 1819 1631 9.

1759 2184 1790 2208 (⁴)
