2132 3067
40 708 67 727 10

41 965 69 985 15

41 1543 68 1562 20

39 1801 66 1821 2⁵

39 2075 66 2095 80

40 2349 67 2369 ³5

39 2605 68 2625 40

325 143 512 170 EPISTOLA
534 144 588 170 AD
613 143 802 172 HUGONEM
827 144 1166 173 ARCHIEPISCOPUM
1189 145 1489 174 LUGDUNENSEM.
1668 143 1728 175 647

84 236 211 263 nostrae
234 231 465 274 adquieveritis
475 238 498 271 ³,
528 238 712 264 consecrato
737 234 822 264 omni
847 235 951 264 studio
972 233 1250 276 persuadebimus,
1281 241 1316 266 ut
1338 236 1514 277 primatum
1538 235 1732 278 Lugdunen-

85 284 128 315 sis
149 283 326 315 aecclesiae
342 290 563 325 recognoscat,
587 283 680 315 vobis
704 286 785 316 sicut
801 286 952 327 primatib
975 297 1033 316 suo
1050 285 1194 318 deferatc
1219 297 1345 317 omnem
1363 286 1503 318 debitam
1521 289 1731 320 reverentiam

86 335 160 378 [εἴθ]
185 335 362 366 secundum
390 335 580 366 traditiones
604 342 730 377 patrum
755 336 916 368 exhibeat.
963 337 1028 376 Qui
1051 338 1076 368 si
1100 337 1331 380 adquiesceree
1355 338 1493 370 noluerit
1523 340 1642 370 nostris
1664 351 1733 382 per—

85 386 304 425 suasionibus,
335 386 414 417 nosf
445 393 552 417 tamen
582 386 623 417 ab
654 386 703 417 his
734 398 815 429 quae
839 390 1041 430 preceperit&
1070 389 1267 430 apostolicab
1298 389 1408 421 sedesi
1442 401 1506 421 non
1536 391 1732 423 recedemus

86 438 120 470 Si
150 443 256 470 autem
280 438 494 480 peticionibus
518 439 635 468 nostris
664 449 727 469 non
750 438 1005 480 adquieveritisk
1028 446 1058 471 et
1086 439 1217 482 aliquod
1248 441 1385 472 scisma¹
1411 442 1535 473 fueritm
1558 443 1656 474 inden
1679 454 1732 474 ex·

86 494 188 522 ortum
218 496 329 521 contra
362 494 471 520 votum
501 494 645 520 nostrum
677 495 809 520 secure⁰
841 490 964 531 dicam,
999 502 1104 533 neque
1138 493 1291 534 iniquitas
1330 504 1401 524 mea
1432 505 1536 535 neque
1565 500 1731 536 peccatum

85 552 192 573 meum
217 551 320 583 neque
343 551 401 571 vos
424 542 570 583 poteritis
593 540 700 571 dicere
723 540 817 572 vobis
843 553 906 573 non
930 543 1029 574 fuisse
1052 543 1242 585 predictum.

192 592 265 624 Del'
281 598 408 624 caetero
425 592 578 634 praedam
603 602 622 622 a
638 592 912 624 Puteacensibus¹
938 594 969 624 in
995 605 1044 624 me
1067 600 1098 625 et
1121 595 1152 625 in
1170 594 1400 627 Carnotensem
1424 596 1590 628 ecclesiam
1615 597 1731 628 factam

85 645 155 676 iure
177 655 305 686 possem
336 655 355 676 a
377 644 470 675 vobis
499 650 654 685 repetere,
684 645 710 675 si
739 646 951 676 reverentiam
977 651 1116 677 vestram
1145 647 1175 677 in
1203 647 1253 677 ius
1277 654 1428 689 possem‘l
1451 658 1575 686 vocare,
1607 649 1662 690 qui
1691 648 1733 679 ad

86 696 348 738 suggestionem?
378 695 556 727 emulorum
589 706 733 727 meorum
763 696 945 738 predictoss
976 698 1170 738 sacrilegoss
1204 709 1223 728 a
1256 709 1307 730 me
1340 704 1372 730 et
1403 700 1624 741 coepiscopis‘
1653 701 1733 731 meis

86 748 312 779 communione
346 748 510 790 privatoss
542 758 593 778 me
626 748 788 779 nesciente
822 749 1061 779 communioniu
1094 749 1280 780 reddidistis
1317 761 1355 781 ac
1393 761 1450 792 per
1483 751 1543 781 hoc
1577 750 1732 782 scelerum

87 809 218 830 suorum
241 799 486 841 impunitatemv
509 799 550 831 ad
573 799 789 841 perpetranda
813 800 935 830 maiora
959 800 1129 842 sacrilegia
1150 801 1329 834 relaxastis.
1375 802 1470 841 Quod
1487 808 1593 833 utrum
1617 803 1734 833 facien-

87 850 164 882 dum
186 850 319 891 fueritw‚
343 850 394 882 vel
418 856 490 892 post
513 850 633 881 factum
658 851 786 892 cognita
802 852 938 882 veritate
955 852 1192 894 corrigendum,
1216 853 1359 884 iudicet¹
1382 854 1505 885 iustitia
1520 859 1636 893 vestra,
1660 865 1732 885 cum

87 902 172 934 iusta
194 901 324 934 vincula
346 913 409 934 non
433 901 538 933 solvat
563 902 625 933 nisi
648 914 725 934 vera
747 904 934 944 penitentia.
980 903 1014 934 Si
1038 903 1079 934 ad
1108 904 1186 936 haec
1211 905 1319 935 omnia
1342 906 1536 947 respondere
1564 917 1628 937 non
1659 905 1734 938 licet

87 953 140 986 vel
162 964 225 985 non
249 954 365 996 placet,
389 954 429 985 ad
453 953 533 986 haec
556 954 693 985 saltem?
716 953 848 986 ultimaz
873 955 936 986 duo
960 955 1155 997 respondeat
1177 957 1330 987 sanctitas
1353 963 1470 989 vestra.
1506 957 1651 992 Valete³.

887 1257 924 1292 Π

206 1325 490 1368 EPISTOLA
531 1327 612 1367 AD
650 1326 1071 1369 IOSCERANNUM
1108 1327 1616 1372 ARCHOEPISCOPUM

262 1394 704 1437 LUGDUNENSEM
734 1396 811 1437 ΕΤ
842 1395 1160 1438 RESPONSIO
1194 1396 1562 1439 IOSOERANNI.

195 1478 275 1511 Cum
297 1478 478 1510 Heinricus
499 1479 531 1510 V.
554 1479 712 1510 Paschali
732 1490 845 1521 papae
869 1481 1082 1511 investiturae
1106 1481 1321 1522 privilegium
1352 1484 1548 1522 extorsisset,
1578 1495 1734 1526 maqnum

87 1529 258 1561 clamorem
282 1535 310 1561 et
332 1530 595 1562 lamentationem
625 1532 710 1562 inter
740 1533 828 1563 viros
858 1532 1091 1563 ecclesiasticos
1122 1537 1194 1563 orta
1225 1544 1290 1564 esse
1320 1544 1410 1564 nemo
1441 1539 1486 1565 est
1516 1537 1574 1576 qui
1596 1536 1733 1577 ignoret.

86 1581 256 1623 Imprimis
278 1583 315 1613 in
339 1582 441 1614 ltalia
464 1587 491 1612 et
516 1582 630 1614 Gallia
660 1582 753 1614 multi
774 1583 875 1624 fuere
905 1584 1082 1626 dignitatis
1107 1588 1134 1614 et
1157 1584 1290 1615 lionoris
1316 1585 1469 1616 ecclesiae
1499 1587 1735 1618 studiosissimi

87 1632 284 1674 defensores,
315 1634 373 1675 qui
394 1645 531 1675 papam,
561 1638 596 1665 ut
613 1634 828 1676 privilegium
860 1635 946 1666 illud
968 1636 1191 1677 perniciosum
1220 1636 1417 1667 rescinderet
1445 1638 1734 1681 imperatoremque

86 1686 386 1726 eaecommunicaret,
408 1685 605 1717 vehementer
627 1687 829 1727 impulerunt
839 1692 860 1718 ².
906 1687 1033 1718 Interea
1053 1687 1237 1727 Ραεοῆαἰῖε,
1262 1699 1350 1729 quem
1368 1688 1527 1720 Heinrico
1550 1694 1643 1720 tanta
1663 1701 1734 1721 con—

87 1737 218 1768 cessisse
233 1736 330 1769 valde
344 1738 518 1778 poenituit,
536 1738 641 1779 paulo
660 1743 748 1779 post,
772 1743 806 1769 ut
828 1739 966 1778 videtur,
992 1739 1037 1769 ad
1053 1739 1226 1770 nonnullos
1243 1740 1412 1780 episcopos
1430 1739 1584 1780 Gallicos,
1608 1741 1733 1772 Inonem

87 1788 207 1820 scilicet
233 1788 472 1827 Cmnotensem,
497 1788 681 1821 Girardum
703 1789 1012 1832 Enqolismense=1n³‚
1041 1791 1311 1832 alios⁴forta3se
1341 1792 1495 1832 epistolas
1523 1793 1606 1823 satis
1630 1794 1734 1823 conci-

197 1886 225 1916 a)
245 1893 304 1918 aeq.
320 1885 344 1909 5.
360 1885 384 1910 6.
401 1886 465 1917 7(‘?).
481 1885 506 1910 8.
524 1886 572 1916 10;
594 1885 766 1919 adquiescere
780 1887 933 1917 nolueritis3
955 1885 1090 1918 sequentia
1111 1895 1193 1918 usque
1213 1887 1249 1912 ad
1271 1890 1296 1911 et
1315 1887 1422 1919 aliquod
1443 1897 1492 1912 om.
1508 1889 1532 1912 3.
1591 1889 1617 1920 b)
1638 1885 1692 1920 pati
1710 1889 1733 1912 1.

86 1932 112 1962 c)
132 1931 230 1956 referat
250 1933 280 1962 15
300 1931 398 1956 referat
417 1939 548 1963 superscr.
568 1932 610 1956 vel
631 1933 663 1957 de
685 1933 715 1962 2;
738 1936 763 1957 et
785 1933 850 1958 add.
870 1933 930 1958 edd.
1031 1932 1060 1962 d)
1081 1932 1152 1957 deest
1173 1941 1240 1957 omn.
1262 1933 1337 1958 codd.
1354 1938 1463 1966 praeter
1483 1935 1507 1959 4.
1611 1936 1636 1964 e)
1657 1943 1732 1967 aequ.

87 1977 111 2002 5.
133 1977 158 2002 8.
182 1978 223 2002 10.
289 1977 311 2009 f)
331 1986 380 2002 vos
400 1981 502 2002 tantum
524 1978 548 2003 8.
605 1982 634 2010 g)
656 1987 698 2011 ap.
720 1979 767 2004 sed
787 1987 857 2011 pree.
881 1980 922 2003 10.
980 1978 1007 2009 h)
1029 1978 1152 2002 Romana
1172 1980 1196 2003 4.
1218 1980 1242 2003 5.
1265 1980 1288 2004 6.
1312 1981 1334 2003 7.
1355 1980 1380 2004 8.
1402 1981 1426 2004 9.
1484 1982 1504 2009 ἰ)
1526 1981 1641 2012 eeclesia
1661 1982 1686 2005 5.
1707 1981 1732 2005 6.

85 2024 115 2055 k)
136 2032 194 2057 aeq.
216 2025 264 2055 11;
285 2015 378 2056 αᾷιιεν.
403 2024 450 2055 10;
471 2025 640 2057 acquiescitis
662 2026 686 2049 5.
709 2025 733 2049 6.
757 2026 823 2057 70).
844 2025 868 2050 8.
976 2025 994 2055 Ι)
1017 2024 1132 2049 schisma
1152 2025 1177 2049 3.
1283 2026 1321 2057 m)
1342 2027 1404 2051 inde
1424 2027 1502 2051 fuerit
1522 2027 1598 2053 mm..-
1619 2026 1732 2051 schisma

87 2074 181 2095 contra
200 2074 290 2095 votum
310 2074 427 2096 vestrum
449 2079 489 2096 ex.
509 2071 544 2095 fu.
567 2071 592 2094 3.
682 2072 712 2099 n)
734 2075 852 2096 exortum
873 2071 937 2096 inde
958 2071 981 2095 2.
1069 2070 1096 2099 ο)
1118 2079 1167 2102 ego
1188 2071 1213 2094 3.
1303 2074 1331 2104 p)
1351 2072 1453 2104 reliqua
1473 2073 1527 2097 des.
1552 2075 1574 2097 1.
1596 2073 1620 2097 2.
1641 2073 1667 2097 3.
1690 2074 1731 2097 11.

87 2116 117 2148 q)
136 2125 233 2141 vocare
253 2125 359 2149 possem
380 2117 440 2142 edd.
506 2117 530 2149 r)
551 2118 733 2149 sugestionem
755 2118 779 2142 9.
846 2118 872 2145 s}
892 2117 1019 2149 predictis
1040 2118 1177 2149 sacrilegis
1199 2137 1204 2142 .
1220 2136 1226 2142 .
1242 2135 1248 2142 .
1269 2119 1379 2150 privatis
1399 2119 1424 2143 5.
1487 2122 1508 2149 t)
1530 2127 1546 2143 a
1566 2120 1732 2151 coepiscopis

87 2162 112 2187 5.
135 2163 178 2188 10.
252 2164 282 2193 u)
303 2164 518 2188 communionem
539 2164 563 2188 5.
646 2167 672 2193 v)
692 2164 851 2195 impunitate
873 2163 914 2189 10.
936 2163 976 2188 ed.
995 2163 1081 2195 princ.
1158 2163 1192 2193 w)
1213 2164 1247 2188 sit
1268 2165 1298 2194 5;
1325 2165 1395 2190 deese
1419 2165 1460 2190 10.
1541 2166 1567 2196 x)
1590 2165 1680 2190 videat
1702 2166 1732 2196 ὃς

86 2209 143 2233 vidt
164 2209 194 2239 63
219 2209 344 2234 videlicet
363 2209 388 2234 8.
484 2210 515 2241 y)
535 2210 623 2234 saltim
645 2210 669 2234 9.
695 2210 735 2234 10.
833 2212 857 2239 z)
879 2210 930 2234 duo
951 2210 1044 2234 ultima
1064 2210 1130 2241 70).
1155 2210 1196 2234 10.
1219 2210 1278 2234 edd.
1379 2211 1406 2242 a)
1427 2210 1465 2235 ita
1485 2212 1508 2236 2.
1531 2213 1560 2241 9;
1587 2212 1660 2236 Bene
1680 2212 1732 2236 val.

85 2256 111 2280 4.
135 2255 180 2286 10;
201 2255 270 2280 bene
289 2255 349 2279 vale
369 2255 445 2285 ecld.;
464 2255 510 2280 vai·
527 2256 553 2280 5.
575 2256 598 2280 6.
621 2256 644 2280 ⁷.
666 2256 697 2286 8;
717 2254 746 2279 v‘l'
766 2257 788 2280 1.

197 2344 224 2378 1)
246 2344 376 2370 Adelicia
392 2344 560 2370 Puteacensi
581 2345 645 2379 (‘Le
660 2343 783 2377 Puz'set')
806 2344 919 2370 domina
943 2348 966 2370 et
988 2345 1107 2378 Huqone
1124 2345 1188 2377 filio
1205 2345 1281 2377 ems,-
1305 2355 1330 2372 v.
1348 2346 1427 2379 epist.
1446 2346 1493 2378 76,
1517 2355 1546 2380 p.
1564 2347 1621 2379 38‚·
1644 2347 1677 2373 de
1704 2356 1734 2373 re

85 2395 151 2430 ipsa
179 2396 217 2429 cf.
241 2397 319 2430 epist.
346 2396 393 2422 75.
419 2395 467 2422 76.
494 2397 562 2422 111.
590 2397 658 2422 112.
683 2396 762 2429 204;
795 2396 898 2421 Merlet
926 2397 955 2421 in
985 2396 1146 2421 ‘Memoires
1174 2397 1207 2421 de
1236 2397 1265 2422 Za
1292 2397 1393 2423 socie'te‘
1422 2398 1543 2424 archeol.
1573 2398 1730 2425 d'Eure-et-

86 2446 164 2473 Loir’
187 2447 260 2473 VIII
280 2447 403 2482 (1885),
423 2456 455 2481 p.
475 2448 543 2479 121,
567 2457 594 2474 n.
617 2449 640 2474 1.
708 2447 738 2479 2)
763 2446 808 2480 Cf.
832 2447 942 2479 Selium,
966 2448 1035 2472 ‘Die
1059 2447 1163 2473 Polieik
1184 2447 1271 2482 Papst
1295 2448 1442 2474 Paschalis
1464 2449 1505 2475 II.
1528 2458 1615 2484 yeqen
1631 2450 1734 2475 Kaiser

86 2498 225 2525 Heinrich
246 2499 276 2525 V.
300 2499 338 2524 im
352 2499 443 2526 Jahre
469 2499 556 2525 1112’
579 2499 607 2524 in
625 2498 812 2525 ‘Jahrbitcher
828 2499 877 2524 der
892 2499 1044 2525 Alcademie
1064 2499 1298 2533 qemeinnzllziqer
1319 2500 1551 2534 H'issenschaflen
1573 2510 1605 2526 zu
1622 2501 1733 2534 Erfurt'

87 2550 106 2578 l.
129 2550 149 2577 l.
172 2549 291 2585 (1877),
310 2559 342 2584 p.
366 2551 401 2576 21
421 2559 495 2585 sqq.,·
518 2551 676 2581 Bernheim,
701 2550 773 2575 ‘Zur
794 2550 893 2576 Gesclz.
915 2550 962 2576 des
983 2550 1119 2576 Ii'ormser
1137 2550 1326 2584 Concordats’,
1351 2551 1501 2587 Gt'ittz'nqen
1528 2552 1616 2583 1878,
1637 2561 1668 2586 p.
1686 2554 1731 2578 11.

89 2601 119 2636 3)
141 2602 196 2629 Ed.
221 2601 325 2628 schum
348 2602 366 2628 l.
383 2603 401 2628 l.
421 2612 453 2636 p.
473 2602 521 2629 89.
594 2602 624 2635 4)
649 2601 693 2634 Cf.
718 2601 863 2635 epistolam
885 2601 966 2634 infra
989 2602 1132 2633 edendam,
1157 2602 1205 2627 ubi
1227 2603 1277 2628 lvo
1301 2603 1384 2630 dicit:
1409 2603 1581 2638 quibusdam
1603 2608 1732 2629 nostrum

89 2652 213 2687 scripsit.
259 2653 366 2680 Eadem
395 2655 481 2680 verba
505 2654 669 2680 Paschalem
697 2653 752 2679 sibi
780 2653 926 2687 scripsisse
954 2653 1006 2679 Ivo
1035 2653 1065 2678 in
1095 2654 1173 2687 epist.
1192 2653 1262 2680 233.
1286 2655 1324 2680 ad
1354 2655 1481 2682 abbatem
1503 2656 1731 2687 Anqerz'acensem

87 2705 205 2732 indicat.
243 2705 307 2731 Non
323 2708 397 2731 recte
413 2706 589 2738 Loewenseld
611 2706 720 2731 litteras
736 2705 819 2731 [voni
842 2705 939 2730 missas
962 2713 988 2731 a.
1007 2705 1094 2731 1112.
1115 2708 1179 2739 post
1204 2706 1349 2732 concilium
1366 2707 1554 2733 Lateranense
1577 2707 1732 2732 collocavit.

89 2755 150 2782 Eas
179 2756 250 2782 enim
280 2759 428 2790 antequam
452 2757 598 2784 Paschalis
626 2758 806 2784 investiturae
831 2756 1010 2789 prz'uileqinm
1035 2759 1200 2782 retractaret
1223 2757 1307 2783 datas
1331 2767 1387 2783 esse
1411 2767 1443 2783 ea:
1467 2758 1545 2792 epist.
1564 2758 1633 2784 233.
1658 2759 1731 2783 com*-

90 2807 215 2833 ciendum
245 2816 302 2834 esee
328 2809 445 2840 videtur,
475 2808 523 2834 ubi
551 2809 681 2843 legimus:
712 2806 903 2834 familiaribus
934 2811 961 2833 ct
993 2807 1142 2834 caritatem
1172 2808 1372 2835 redolentibus
1402 2809 1505 2835 litteris
1534 2809 1731 2835 admonendus
