2132 3067
33 677 59 696 10

34 936 59 955 15

33 1194 60 1213 20

33 1452 59 1472 25

34 1757 60 1776 ³0

33 1987 60 2007 ³5

35 2269 62 2288 40

36 2525 64 2544 «5

668 110 719 136 DE
742 109 887 137 ALBINO
912 110 960 136 ET
983 109 1136 137 RUFINO.
1669 108 1732 139 >¹133

81 198 199 231 mater'.
256 198 406 230 Gai-sias:
438 198 600 237 ‘Domine,
633 199 686 241 qui
719 204 792 229 sunt
822 199 916 229 amici
953 199 997 230 tui
1032 198 1103 230 vela
1135 200 1189 241 qui
1218 199 1341 231 faciunt
1375 199 1571 232 voluntatem
1601 200 1730 232 tuam?⁷

80 251 204 293 Papab:
227 250 301 289 ‘Qui
318 250 455 281 offerunt
477 252 642 292 preciosas
659 250 820 292 reliquias.
845 250 909 280 hiic
930 257 1005 281 sunt
1020 251 1116 281 amici
1135 252 1208 290 mei,
1234 251 1298 282 hiie
1323 259 1396 283 sunt
1413 253 1466 294 qui
1484 253 1606 284 faciunt
1623 252 1732 284 volun-

81 308 177 334 tatem
209 301 332 333 meam’.
386 301 536 332 Gai-sias:
569 302 732 342 Uomine,
764 302 913 343 spiritum
947 302 1041 333 liuius
1073 303 1183 333 mundi
1215 302 1332 341 habes,
1363 311 1394 335 et
1419 304 1580 348 [iterumd]
1605 315 1730 336 secum:

80 354 294 396 ‘Numquam‘
325 353 445 384 accedo
476 353 515 384 ad
546 360 586 391 te,
619 354 696 395 quin
725 353 837 385 abeam
868 354 976 395 peior'.
1031 354 1134 395 Papa:
1166 354 1289 386 -Frater
1314 356 1440 395 Garsia,
1472 356 1548 397 quid
1581 356 1731 388 dixisti?⁷

81 406 227 437 Garsias:
263 405 385 444 ‘Dixif,
421 406 507 447 quod
539 404 799 436 Cathabatmon¹
832 405 948 436 dividit
979 405 1159 447 Egiptumg
1189 405 1229 436 ab
1261 406 1430 438 Affrieah’.
1477 408 1598 438 Rursus
1630 419 1731 450 papa:

79 458 203 489 ‘Frater
219 457 344 497 Garsia,
369 468 428 498 ego
452 468 522 488 sum
547 462 657 498 pastor
681 456 828 488 bonus2'.
866 456 1015 487 Garsias:
1039 457 1133 489 ‘Vere
1158 463 1268 499 pastor
1294 458 1414 499 bonus',
1440 464 1472 490 et
1497 459 1659 502 [iterumdj
1685 471 1731 491 se-

79 521 167 541 cum:
191 509 288 548 ‘Quia
312 508 393 540 bene
415 509 522 550 pascis
539 508 647 549 gulam
666 509 773 542 tuam',
820 508 926 550 Papa:
952 508 1049 547 ‘Quid
1073 509 1221 540 dixisti?y
1267 509 1413 541 Garsias:
1439 511 1620 549 ‘Dicebanu
1645 511 1729 553 quod

80 561 233 593 Cathmus
251 559 363 592 habuit
381 561 535 602 quatuori
556 560 654 591 filias:
672 559 739 598 Ino,
758 561 881 601 Agave,
899 560 1071 591 Autonoek
1088 566 1119 592 et
1136 560 1280 592 Semele'.
1315 561 1419 603 Papa:
1443 562 1587 593 “Frater
1604 562 1730 601 Garsia,
1751 570 1761 581 ⁴
1776 586 1782 591 .

79 623 137 654 ego
169 623 330 654 cognosco
363 623 439 643 oves
471 623 558 643 meas
571 611 605 643 Γ.
660 611 810 642 Gan-sias:
842 611 937 642 ‘Vere
969 613 1170 652 cognoseisl'
1201 618 1232 643 et
1264 612 1424 656 [iterumd]
1457 625 1581 645 secum:
1614 614 1729 645 ‘Niehil

78 665 161 696 enim
181 664 337 706 relinquis
361 665 393 695 in
412 665 583 706 marsupiis
601 664 760 695 earum¹’.
799 663 905 704 Papa:
932 663 1028 702 ‘Quid
1052 663 1173 704 dixisti,
1199 664 1402 707 [Ga1·sia·¹]?'
1446 665 1628 696 Garsiasm:
1653 666 1731 707 [Do-

79 718 162 747 mine
173 716 209 758 dJ,
240 727 300 758 ego
325 716 485 755 dicebam,
510 715 595 758 quod
621 715 775 746 Rodanus
801 714 861 746 fert
885 716 915 745 in
940 725 1028 746 mare
1052 715 1199 746 Arai-im'.
1244 716 1349 758 Papa:
1379 717 1503 748 ‘Frater
1527 716 1677 754 Garsian,
1701 724 1731 749 et

77 774 278 810 cognoscunt
295 779 346 799 me
363 778 453 798 meae
465 767 500 798 2'.
539 768 691 799 Garsias:
716 767 966 808 ‘Cognoscunt⁰,
983 767 1138 809 inquam‘‚
1156 772 1208 798 etp
1225 778 1351 798 secum:
1376 768 1557 800 ‘Latronem
1577 780 1728 810 inagnum

79 826 109 851 et
138 825 381 850 emunctoremq
413 820 490 851 boni
522 819 651 851 talenti'.
700 819 806 860 Papa:
839 819 1026 861 ‘[Ga1·siad,]
1059 818 1135 860 quid
1168 818 1304 849 dixisti?
1350 819 1419 850 Non
1452 821 1536 851 enim
1568 820 1730 862 intelligo.

81 871 229 903 Garsias:
260 871 342 913 ‘Ego
367 871 526 909 dicebam,
561 870 648 913 quod
672 871 796 902 Zetusr
821 877 851 902 et
875 870 983 902 Calais
1006 870 1136 901 fuerunt
1158 869 1214 900 filii
1238 871 1381 904 Boreae'.
1433 871 1537 913 Papa:
1568 873 1665 911 ‘Quid
1690 874 1730 904 ad

80 923 186 954 rem?'
231 922 380 954 Garsias:
411 922 548 954 ‘Nichi1⁷.
594 923 700 965 Papa:
731 922 828 962 ‘Quid
859 933 935 964 ergo
961 923 1072 953 borum
1098 923 1290 953 mentionem
1315 922 1434 953 facis?
1482 924 1629 955 Grai-sias:
1656 925 1730 956 ‘Do-

80 975 173 1014 mine,
203 976 235 1005 in
268 975 431 1006 Parnaso-*¹
462 980 570 1006 monte
603 974 725 1018 [olimd]
757 974 910 1013 dormivi,
942 975 973 1005 in
1004 973 1142 1016 pellibus
1173 974 1370 1013 animalium,
1401 975 1455 1006 ubi
1486 976 1574 1007 fonte
1603 981 1731 1018 potatus

80 1026 229 1058 Yconeos
247 1027 356 1058 Musas
373 1027 476 1068 hausi,
495 1032 527 1058 et
543 1026 660 1058 exinde
678 1027 805 1068 poetica
822 1026 934 1068 plenus
951 1025 1131 1065 dulcedine,
1154 1025 1311 1057 fabulosis
1328 1026 1449 1059 salibus
1466 1032 1550 1058 totus
1568 1027 1730 1059 redundo'.

81 1079 182 1121 Papa:
208 1079 263 1110 ‘Ut
285 1078 392 1118 video,
415 1079 551 1121 plenust
576 1089 610 1109 es
633 1077 805 1110 rimarum'.
845 1078 995 1110 Garsias:
1019 1078 1085 1108 ‘Sic
1109 1083 1166 1116 est,
1190 1077 1330 1117 domine,
1355 1079 1414 1109 hac
1431 1079 1507 1121 [etd]
1525 1079 1597 1110 illac
1614 1079 1729 1111 effluo'.

183 1131 212 1162 7.
258 1131 384 1162 Interea
400 1130 581 1162 Iohannes*¹
599 1130 779 1161 Gaditanus
796 1129 1014 1161 Toletanuinu
1038 1131 1178 1169 intuens,
1200 1130 1280 1162 vidit
1300 1142 1372 1162 eum
1390 1131 1555 1173 pinguem,
1581 1131 1729 1171 nitidum,

78 1181 224 1223 lautumv,
241 1183 426 1222 rotundum,
440 1181 628 1222 molaremW,
645 1181 872 1224 ponderosum,
886 1193 1029 1224 gravem,
1042 1183 1192 1224 rigidum,
1206 1181 1405 1224 cyclopemw,
1419 1194 1555 1225 corpore
1568 1184 1730 1225 giganteo,

80 1240 208 1276 pectore
231 1238 394 1273 extent01,
416 1239 528 1265 ventre
551 1233 723 1276 profundo,
753 1233 869 1276 amplis
896 1234 1038 1274 renibus,
1067 1234 1179 1275 largos*
1203 1234 1417 1274 interoculari,
1447 1235 1551 1266 fronte
1581 1235 1731 1274 obducta,

79 1285 167 1317 vultu
183 1285 330 1327 terribili,
346 1287 436 1328 gravi
454 1291 614 1328 respectu,
633 1285 734 1316 hirtaz
749 1286 883 1324 cesarie,
896 1286 1068 1317 cervicalia
1084 1286 1310 1328 pinguissimo,
1342 1286 1456 1328 Itaque
1475 1297 1581 1318 coram
1600 1298 1684 1329 papa
1701 1292 1731 1318 et

77 1337 292 1369 cardinalibus
310 1348 483 1379 assurgens
507 1337 719 1369 exclamavit:
744 1337 883 1378 ‘Dignus
902 1339 970 1369 esth
994 1336 1095 1368 tribus
1117 1337 1272 1368 calicibus
1289 1337 1464 1369 Toletanus
1481 1339 1561 1370 iste’.
1606 1339 1669 1370 Atc
1688 1338 1731 1369 illi

78 1388 263 1421 obtulerunt
289 1391 319 1421 ei
346 1395 410 1421 tres
438 1389 569 1429 calices3
601 1400 735 1432 quorum
764 1390 833 1430 ipse
860 1389 1022 1430 primumd
1051 1400 1113 1420 uno
1140 1390 1204 1420 ictu
1233 1390 1432 1431 percuciens,
1463 1389 1631 1422 devoravit
1658 1401 1730 1421 eum

80 1442 193 1484 [totum
203 1441 226 1484 θ]
252 1452 354 1484 usque
377 1441 416 1472 ad
442 1441 539 1472 feces.
574 1441 687 1472 Tunes
705 1440 800 1472 Oddo
816 1441 998 1472 Hostiensis
1019 1442 1221 1483 episcopus-‘¹,
1246 1442 1299 1483 qui
1324 1441 1369 1472 ibi
1391 1441 1514 1480 aderat,
1538 1440 1731 1473 vociferatus

79 1497 159 1524 estg:
183 1493 278 1524 ‘Ecce
301 1494 341 1524 de
358 1493 462 1535 primo
479 1493 578 1524 calice
596 1503 660 1535 pax
678 1492 742 1524 est'.
778 1493 981 1534 Rangeriush
998 1493 1171 1524 secuudum
1189 1492 1310 1524 scilieet
1326 1492 1473 1524 similiter
1489 1493 1643 1525 invadens
1660 1493 1732 1524 cali-

79 1555 156 1585 cem,
180 1545 400 1587 incorporavit
416 1556 488 1576 eum
506 1550 619 1576 totum.
658 1545 793 1575 Pisanus
812 1556 888 1575 vero
905 1545 1081 1577 clamabat:
1105 1545 1181 1576 ‘Iste
1197 1546 1312 1576 iteruin
1329 1544 1455 1576 locatus
1472 1547 1539 1577 est'.
1584 1546 1731 1577 Bruno⁶:

80 1596 248 1636 ‘Quidnii”
292 1597 453 1628 Demumi
474 1608 549 1628 vero
573 1597 701 1628 tertium
723 1596 927 1638 aggrediens,
953 1597 1042 1629 dedit
1058 1598 1087 1629 ei
1103 1609 1201 1629 unum
1220 1596 1402 1639 colaphum,
1426 1603 1457 1628 et
1473 1597 1642 1629 absorbuit
1658 1609 1729 1628 eum

79 1653 178 1679 totum
209 1659 311 1691 usque
339 1648 381 1680 ad
404 1648 544 1688 radices,
576 1649 673 1679 cumk
703 1648 749 1679 sic
774 1648 971 1680 Gaditanus:
1011 1649 1063 1680 ‘Et
1094 1649 1133 1680 de
1165 1650 1264 1681 tercio
1300 1648 1372 1679 finis
1400 1648 1464 1683 θεῖ’,
1512 1649 1731 1690 Gregorius1:

189 1755 217 1784 a)
238 1755 279 1779 vel
301 1769 334 1773 —
355 1758 427 1779 tuam
448 1755 502 1779 cles.
524 1755 557 1779 B.
645 1755 671 1785 b)
695 1763 785 1787 pappa
806 1754 831 1778 B
850 1763 959 1786 semper.
1046 1760 1071 1779 cl
1092 1755 1119 1779 hi
1139 1754 1171 1780 Α.
1262 1755 1288 1785 d)
1311 1755 1381 1779 deest
1402 1755 1434 1780 Α.
1523 1756 1550 1785 e)
1571 1755 1730 1787 quandoque

79 1800 177 1825 accedo
198 1801 232 1825 ad
251 1804 286 1825 te.
317 1801 410 1833 Pappa
432 1801 464 1826 B.
528 1801 548 1831 s)
568 1802 683 1825 Domine
705 1801 826 1825 dicebam
849 1801 880 1825 B.
944 1804 971 1833 g)
995 1802 1129 1833 Egyptum
1151 1801 1183 1825 Β.
1252 1801 1278 1831 h)
1300 1802 1391 1826 Africa
1411 1801 1444 1825 Β.
1513 1802 1531 1832 i)
1552 1804 1676 1833 quattuor
1697 1801 1729 1824 Β,

79 1846 106 1877 k)
128 1846 268 1871 Authonoe
290 1847 322 1873 B.
427 1848 446 1876 Ι)
468 1855 556 1872 eorum
579 1847 610 1872 A.
715 1854 753 1871 m»
774 1847 868 1872 Garsia
887 1846 919 1871 A.
1034 1848 1061 1872 ni
1085 1848 1193 1872 Gai-sias
1214 1847 1245 1872 A.
1354 1848 1382 1876 ο)
1404 1856 1470 1872 corr.
1491 1855 1523 1872 ez
1544 1855 1677 1879 cognosco
1698 1846 1720 1871 A

79 1892 106 1924 p)
127 1893 222 1917 iterum
243 1893 276 1918 B.
371 1895 396 1926 q)
420 1897 645 1918 remuneratorem
667 1893 750 1917 Barb.
845 1894 868 1921 r]
890 1894 988 1918 Zentus
1008 1893 1041 1919 B.
1143 1897 1165 1920 s)
1186 1892 1225 1917 ita
1246 1893 1277 1918 A.
1301 1893 1332 1917 Β.
1437 1898 1456 1919 Ν
1480 1901 1508 1918 es
1529 1893 1623 1925 plenus
1644 1893 1729 1917 Barla.

79 1939 107 1967 u)
127 1938 192 1963 thol.
212 1939 245 1965 Β.
334 1940 359 1971 v)
382 1940 462 1964 latum
486 1940 517 1965 Β.
606 1944 641 1965 w!
662 1939 733 1964 dees(
754 1939 787 1963 B.
875 1940 903 1971 x)
923 1939 960 1962 ila
980 1939 1079 1967 Barb.,·
1106 1943 1216 1964 extenso
1237 1939 1278 1969 Β;
1307 1940 1408 1963 extanti
1428 1939 1459 1964 A,
1549 1941 1578 1971 y)
1600 1939 1673 1971 largo
1695 1953 1728 1957 —

81 1985 196 2010 obducta
222 1985 275 2010 cles.
297 1985 329 2010 B.
433 1986 459 2016 z)
480 1986 556 2018 hyrta
577 1985 610 2010 B.
715 1990 743 2011 a)
765 1986 888 2010 cervicali
909 1986 981 2017 ping.
1010 1985 1064 2010 des.
1087 1985 1118 2010 Β.
1220 1987 1248 2011 b)
1270 1985 1429 2017 sequebatur
1449 1986 1506 2016 iste,
1535 1986 1606 2009 linea
1626 1985 1676 2010 del.
1698 1986 1729 2010 A.

81 2031 104 2062 c)
126 2032 161 2056 At
180 2031 218 2056 illi
239 2036 292 2056 tres
314 2032 337 2056 ei
357 2033 408 2056 cal.
429 2032 483 2056 obt.
506 2032 538 2056 B.
653 2032 683 2063 d)
709 2040 790 2056 unum
818 2032 945 2063 primum;
975 2039 1055 2056 unum
1083 2032 1153 2056 linea
1179 2032 1310 2056 subducta
1335 2032 1386 2055 (lel.
1407 2030 1439 2056 A,
1553 2031 1580 2061 e)
1607 2031 1676 2055 deest
1697 2030 1729 2056 A,

80 2077 100 2108 f)
119 2077 194 2102 Tunc
210 2091 239 2096 —
256 2079 416 2103 vociferatus
438 2082 478 2103 est
497 2079 551 2102 cles.
573 2078 606 2102 Β.
683 2083 710 2110 ξ’»
734 2078 898 2109 Rangerius:
921 2078 999 2101 ‘Ecce
1021 2078 1053 2101 dc
1074 2079 1158 2110 primo
1179 2078 1264 2102 calice
1285 2086 1336 2110 pax
1358 2077 1413 2103 est'.
1454 2078 1580 2102 Similiter
1599 2078 1729 2102 invadens

80 2123 224 2149 secundum
246 2125 366 2153 calicem,
384 2125 565 2156 incorporavit
586 2132 645 2148 eum
665 2128 759 2148 totum.
799 2124 912 2148 Pisanus
933 2125 984 2148 ait:
1006 2123 1038 2148 B.
1128 2124 1154 2151 li)
1177 2125 1315 2155 Rangerus
1335 2124 1367 2149 A.
1410 2123 1507 2148 Tea-tus
1529 2123 1569 2148 hic
1590 2127 1730 2156 corruptus

82 2177 134 2194 esse
153 2169 267 2195 videtur.
326 2172 344 2202 i)
367 2171 488 2196 Tercium
510 2179 572 2195 vero
593 2178 669 2202 aggr.
691 2170 722 2194 B.
783 2170 812 2197 k)
833 2170 968 2194 Iohannes
989 2170 1138 2194 Gaditanus
1159 2170 1191 2195 B.
1250 2170 1267 2199 1)
1290 2170 1433 2202 Gregorius
1454 2184 1488 2187 —
1509 2178 1599 2195 verum
1620 2170 1675 2196 des.
1696 2169 1729 2195 I).

191 2263 216 2297 l)
241 2263 285 2296 Cf.
310 2264 443 2290 Sallustii
469 2265 503 2290 de
532 2264 602 2290 bello
626 2264 792 2297 lnqurmino
815 2273 839 2289 c.
860 2263 914 2288 19.—
946 2262 1038 2297 Igitur
1069 2263 1103 2288 ad
1128 2263 1350 2296 Catabathmon,
1381 2263 1430 2297 qui
1459 2262 1539 2289 locus
1563 2264 1729 2298 Aegyptum

83 2313 119 2339 ab
142 2314 242 2340 Africa
266 2315 369 2341 dividit
393 2319 442 2342 etc.
530 2316 559 2349 2)
586 2315 630 2348 Cf.
654 2315 713 2342 ΙοΙι.
743 2316 788 2347 10,
810 2315 864 2340 14.·
888 2314 948 2346 Ego
973 2323 1033 2339 sum
1058 2318 1158 2348 pastor
1182 2314 1276 2340 bonus
1301 2318 1328 2341 et
1353 2323 1498 2349 cognosco
1523 2315 1615 2350 (oves)
1639 2324 1727 2344 meas,

84 2368 111 2390 et
141 2370 318 2400 cognoscunt
351 2375 395 2393 me
426 2375 517 2399 meac,
549 2376 620 2401 quae
651 2367 735 2393 verba
763 2367 807 2392 Izic
836 2366 864 2391 in
894 2366 979 2392 risum
1004 2366 1193 2399 deflectuntur.
1304 2367 1333 2394 3)
1358 2367 1438 2393 Ilaec
1460 2370 1559 2392 auctor
1583 2375 1615 2392 ex
1640 2367 1730 2393 I'ersii

84 2415 181 2443 Flacci
197 2418 316 2452 proloyo
339 2418 407 2445 libri
429 2420 590 2445 Satirarum
614 2419 728 2445 habuit:

588 2470 648 2496 Nec
671 2470 752 2496 font-e
776 2469 859 2495 labra
882 2468 977 2503 prolui
1003 2468 1158 2497 caballino,

588 2522 648 2548 Nec
672 2521 700 2546 in
725 2521 845 2555 bicipite
870 2520 1029 2547 somniasse
1055 2520 1196 2546 Parnasso

587 2572 715 2605 Memini,
739 2576 771 2598 ut
794 2576 914 2606 repente
938 2571 978 2597 sic
1001 2574 1090 2605 poeta
1113 2571 1270 2606 prodirem.

589 2624 856 2658 Heliconiadasque
879 2622 1076 2657 pallidumque
1100 2623 1232 2649 Pirenem

588 2675 650 2701 Illis
673 2675 788 2702 remitto
813 2679 863 2701 etc.

85 2723 114 2758 4)
137 2724 235 2752 Postea
260 2726 390 2753 Gelasiue
411 2736 500 2761 papa.
597 2728 625 2760 5)
653 2727 731 2753 oddo
756 2727 796 2759 II,
824 2727 1040 2753 1088—1101.
1136 2727 1164 2761 6)
1190 2727 1346 2761 Episcopus
1369 2728 1515 2762 Siym'nuae,
1540 2727 1617 2753 cuins
1641 2735 1728 2752 sermo

39 2781 66 2800 5⁰
86 2778 109 2800 et
131 2776 263 2809 epistolae
284 2777 389 2811 aliquot
412 2777 490 2810 infra
515 2779 638 2805 edentur.

157 2830 253 2855 Libelli
275 2831 306 2856 de
327 2831 380 2856 lite.
414 2832 448 2856 11⁴
1464 2833 1496 2856 55
