2132 3067
47 719 72 738 w

44 983 68 1004 15

41 1240 68 1260 20

41 1498 66 1518 ²5

41 1757 67 1778 80

40 2015 67 2036 ³5

42 2303 70 2323 4⁰

43 2571 70 2590 45

46 2827 74 2847 50

650 153 836 180 LIBELLUS
861 155 912 180 DE
935 154 1177 182 SYMONIACIS.
1679 152 1739 181 547

92 244 179 275 dotes
203 253 320 273 uxores
351 242 475 282 ducere,
505 242 611 283 palam
643 243 793 284 nuptias³
823 243 994 283 faciebant,
1025 243 1165 274 nefanda
1194 245 1396 275 matrimonia
1428 243 1660 275 contrahebant
1689 245 1740 275 etb

90 295 214 336 legibus
245 305 298 324 eas
322 294 487 329 dotabant,
521 304 592 324 cum
625 294 742 335 quibus
773 293 949 324 secundum
982 293 1071 335 leges
1103 306 1160 326 1166
1191 296 1222 326 111
1254 306 1317 326 una
1346 295 1440 326 domo
1471 295 1566 327 simul
1597 294 1741 327 babitare

91 345 260 377 debebant.
306 345 396 376 Sacri
421 356 560 386 namque
577 351 738 375 canones¹
764 344 866 376 nullas
891 345 970 375 alias
994 345 1142 377 mulieres
1167 347 1262 378 simul
1287 358 1357 378 cum
1384 347 1443 378 hoc
1467 347 1576 378 ordine
1594 347 1739 377 habitare

90 398 277 439 permittunt
311 397 371 427 nisi
407 407 460 427 eas
495 395 578 426 solas
614 408 695 438 quae
730 397 816 427 omni
852 402 1003 427 careantc
1038 399 1231 439 suspicione.
1286 398 1348 429 Sed
1384 400 1470 440 quod
1507 399 1554 429 his
1591 398 1739 429 omnibus

91 449 228 480 deterius
251 454 308 486 est,
338 449 394 478 vix
417 448 534 489 aliquis
563 448 789 478 inveniebatur
813 449 868 489 qui
892 448 941 479 vel
965 449 1173 489 symoniacus
1203 460 1265 479 non
1299 456 1383 480 esset
1413 450 1463 481 vel
1495 462 1511 480 3
1544 451 1739 491 symoniacis

90 499 252 532 ordinatus
276 510 338 530 non
362 499 486 530 fuisset.
533 499 627 530 Unde
652 500 747 529 etiarn
774 510 874 540 usque
891 499 984 530 hodie
1008 501 1206 531 inveniuntur
1230 500 1359 542 quidam
1386 502 1441 543 qui
1465 501 1546 533 male
1570 513 1739 541 arg-umen-

89 557 190 584 tantes
221 556 252 582 et
274 550 431 582 aeclesiae
459 551 734 592 dispensationem
768 561 830 580 non
862 551 941 582 bene
971 551 1196 592 intelligentes,
1228 552 1266 583 ab
1292 552 1344 583 illo
1377 554 1440 583 iam
1469 558 1611 594 tempore
1636 564 1740 584 sacer-

89 603 209 634 dotium
233 603 264 632 in
289 602 427 633 aeclesia
450 602 608 633 defecisse
631 601 837 635 contendant,
883 603 983 632 Aiunt
1007 603 1108 633 enim:
1140 603 1172 634 Si
1200 614 1309 634 omnes
1334 604 1411 635 tales
1435 609 1534 643 erant,
1565 604 1595 635 id
1626 610 1683 640 estv
1713 605 1739 634 si

89 665 197 686 omnes
219 653 269 685 vel
292 654 468 695 symoniaci
493 659 583 684 erant
606 653 658 684 vel
681 664 699 683 a
721 654 917 694 symoniacis
939 654 1075 685 ordinati
1101 653 1247 698 [ei-antd],
1265 666 1332 693 VOS,
1358 657 1412 697 qui
1435 667 1519 686 1111116
1544 657 1631 695 estis,
1656 656 1739 686 unde

88 706 149 738 huc
173 704 330 737 venistis?
369 706 432 736 Per
455 716 546 747 quos,
570 705 630 736 nisi
654 716 712 746 per
734 704 804 735 illos
828 706 1010 736 transistis?
1051 705 1121 736 Non
1146 706 1224 737 fuite
1250 707 1303 736 via
1326 706 1464 738 aliunde.
1499 707 1586 747 Ergo
1610 707 1652 738 illi
1685 709 1740 748 qui

89 757 164 789 voss
187 757 429 797 ordinaverunt,
453 757 493 788 ab
518 756 580 787 illis
603 761 634 787 et
658 767 719 786 non
745 755 784 786 ab
809 756 880 787 aliis
905 768 979 787 suos
1005 757 1133 788 ordines
1159 764 1382 800 susc-eperunt,
1407 759 1460 800 qui
1486 758 1535 789 vel
1561 760 1737 800 symoniaci

89 813 178 840 erant
208 808 257 840 vel
285 820 305 839 a
335 808 532 850 symoniacis
564 808 701 839 ordinati
733 814 832 838 erant.
884 808 967 838 Hisg
996 814 1101 840 autem
1135 816 1245 851 postca
1275 809 1553 851 respondebimus.
1586 812 1737 851 quoniam

89 860 165 892 haec
188 861 335 902 quaestio
359 871 421 891 non
446 870 579 902 parvam
606 860 730 901 quaerit
754 859 1016 901 disputationem.

190 921 219 951 2.
264 921 360 951 Nunc
382 921 512 952 interim
537 932 574 952 ea
597 931 678 962 quae
703 921 870 961 coepimus
896 931 1138 962 prosequamur.
1183 921 1270 953 Talis
1296 928 1364 952 erat
1380 921 1525 960 aeclesia,
1554 921 1632 952 tales
1650 928 1739 952 erant

86 972 230 1014 episcopi
254 978 285 1003 et
301 972 494 1012 sacerdotes,
518 971 597 1003 tales
621 978 652 1003 et
675 973 737 1013 ipsi
754 972 891 1002 Romani
908 972 1087 1013 pontifices,
1113 974 1167 1014 qui
1192 984 1301 1004 01111165
1325 973 1424 1004 aliosh
1449 973 1627 1003 illuminare
1645 974 1738 1004 debe·

86 1024 171 1058 bant.
217 1024 323 1056 Omne
347 1023 393 1055 sal
417 1030 486 1055 erat
508 1024 710 1063 infatuatum,
737 1035 842 1066 neque
867 1029 936 1054 erat
959 1024 1080 1066 aliquid
1106 1026 1136 1055 in
1162 1035 1224 1067 quo
1242 1025 1434 1057 condiretur,
1458 1031 1489 1055 et
1512 1025 1572 1055 nisi
1590 1026 1738 1055 dominus

87 1075 228 1107 Sabaoth
257 1075 441 1118 reliquisset
470 1076 563 1107 nobis
593 1087 713 1114 semen,
745 1076 836 1118 quasi
867 1075 1009 1106 Sodoma
1038 1076 1211 1106 fuissemus
1243 1082 1274 1106 et
1306 1077 1396 1117 quasi
1429 1076 1589 1107 Gomorra
1621 1075 1738 1107 similes

86 1138 237 1160 essemus.
301 1128 338 1158 In
370 1127 429 1158 hac
461 1128 562 1169 igitur
590 1133 678 1158 tanta
707 1132 899 1169 tempestate
930 1127 1042 1158 beatus
1073 1127 1137 1158 Leo
1176 1127 1344 1169 apostolici
1374 1127 1522 1158 culminis
1554 1128 1737 1159 cathedram

86 1181 236 1221 suscepit,
259 1185 294 1209 ut
316 1179 396 1211 haec
419 1179 491 1210 talis
514 1184 666 1221 tantaque
691 1179 821 1210 lucerna
845 1179 1018 1209 universali
1043 1179 1237 1210 candelabro
1261 1180 1464 1220 superposita
1494 1179 1616 1210 luceret
1640 1181 1738 1209 omni-

89 1232 145 1263 bus
174 1231 228 1273 qui
260 1231 292 1261 in
323 1231 418 1262 domo
450 1236 534 1262 sunt.
583 1231 683 1262 Erat²
714 1231 796 1261 enim
831 1231 882 1261 hic
905 1231 1064 1262 Tullensis
1097 1232 1278 1272 episcopus,
1311 1231 1420 1261 Bruno
1453 1232 1592 1271 nomine,
1624 1231 1739 1262 nobilis

86 1293 211 1324 genere,
240 1282 344 1313 forma
373 1284 548 1324 speciosus,
581 1283 636 1314 sed
668 1283 845 1324 speciosior
868 1283 1047 1320 sanctitate,
1078 1282 1189 1314 litteris
1221 1283 1405 1321 instructus7
1437 1282 1583 1313 doctrina
1613 1290 1738 1324 potens,

87 1333 229 1365 moribus
252 1340 384 1365 ornatus
395 1340 416 1373 ³,
446 1340 476 1365 et
499 1345 722 1376 quaecumque
752 1333 825 1364 huic
850 1334 953 1365 ordini
979 1335 1159 1365 necessaria
1182 1340 1264 1369 sunt,
1296 1334 1388 1364 simul
1412 1335 1443 1364 in
1468 1345 1505 1365 eo
1530 1341 1643 1365 cuncta
1667 1346 1738 1365 con-

85 1391 246 1417 venerant.
291 1386 332 1417 Et
356 1385 426 1417 talis
444 1385 575 1428 quidem
593 1386 745 1426 magister
762 1387 962 1417 necessarius
987 1391 1064 1424 erat,
1089 1386 1143 1428 qui
1167 1385 1220 1416 tali
1246 1391 1392 1427 tempore
1414 1392 1444 1416 et
1468 1385 1546 1416 tales
1564 1385 1738 1427 discipulos

87 1437 252 1470 habiturus
276 1443 353 1469 erat.
398 1437 628 1469 Convenerunt
651 1438 760 1479 itaque
784 1439 845 1468 viri
867 1437 1007 1478 religiosi
1034 1437 1129 1467 simul
1153 1448 1225 1467 611111
1245 1437 1397 1468 Heinrico
1422 1438 1614 1478 imperatore
1625 1443 1646 1475 ⁴,
1671 1437 1738 1467 viro

87 1501 142 1531 per
164 1492 270 1520 omnia
294 1489 556 1531 prudentissimo,
586 1495 618 1520 et
640 1489 773 1530 legatisi
800 1489 1030 1529 Romanorum,
1060 1490 1115 1530 qui
1143 1495 1219 1519 tunc
1241 1490 1396 1530 temporis
1424 1488 1466 1519 ibi
1500 1494 1621 1525 erant⁵5
1651 1500 1737 1530 prac-

85 1541 183 1573 fatum
207 1542 397 1583 episcopum
428 1540 563 1572 multum
590 1541 813 1582 deprecantes,
843 1546 876 1571 ut
907 1552 964 1582 pro
996 1551 1105 1571 amore
1136 1540 1356 1582 apostolorum
1388 1540 1569 1581 principum
1595 1540 1680 1570 Petri
1709 1545 1739 1570 et

87 1592 176 1624 Pauli
199 1593 364 1624 Romanae
390 1592 546 1624 aeclesiae
576 1593 762 1624 subveniret
785 1603 921 1634 seseque
953 1603 1010 1633 pro
1035 1591 1098 1622 fide
1128 1597 1159 1623 et
1182 1591 1356 1632 religioneh
1385 1591 1556 1622 christiana
1588 1591 1738 1633 periculis

87 1644 210 1676 tradere
241 1655 305 1676 non
335 1646 471 1676 timeret.
517 1644 669 1675 Timebat
698 1645 781 1675 enim
813 1655 893 1685 gens
925 1643 977 1674 illa
1009 1644 1102 1674 huius
1133 1650 1261 1675 nostrae
1290 1649 1392 1674 terrae
1422 1643 1664 1683 habitationem,
1694 1651 1739 1674 ut-

86 1702 159 1738 pote
175 1707 257 1738 quae
280 1696 319 1728 de
344 1696 422 1727 locis
446 1696 626 1727 sanissimis
649 1696 689 1726 ad
713 1695 785 1727 loca
808 1695 935 1726 infirma
957 1701 1180 1726 transmearet.
1226 1695 1346 1726 Beatus
1367 1700 1474 1725 autem
1498 1694 1549 1725 ille
1567 1695 1739 1736 episcopus

85 1759 146 1779 non
169 1747 230 1779 loci
253 1748 482 1787 infirmitatem,
506 1747 562 1778 sed
587 1753 694 1779 tantae
717 1747 874 1778 aeclesiae
898 1747 1126 1778 sublimitatem
1151 1747 1324 1777 ascendere
1352 1745 1525 1777 metuebat.
1577 1747 1630 1776 sic
1654 1747 1737 1777 6111111

86 1799 214 1841 Moyses
243 1800 360 1830 fecisse
391 1799 517 1841 legitur,
549 1810 643 1841 quem
675 1810 747 1830 cum
779 1799 940 1830 Dominus
970 1799 1170 1830 Israhelitico
1207 1798 1327 1840 populo
1365 1809 1544 1839 preponere
1576 1798 1739 1837 voluisset,

86 1851 145 1883 ait:
169 1852 314 1891 Obsecro,
340 1852 490 1891 Domine,
521 1853 608 1883 mitte
630 1862 721 1892 quem
747 1852 908 1882 missurus
933 1863 972 1881 4³³.
1019 1850 1132 1881 Victus
1165 1850 1293 1881 tandem
1324 1860 1432 1881 eorum
1460 1849 1619 1891 precibus⁴
1653 1849 1739 1890 quod

86 1902 130 1934 illi
153 1902 363 1944 postulabant
385 1914 418 1934 se
442 1903 502 1934 sub
526 1903 585 1934 hac
610 1903 795 1933 conditione
819 1902 979 1933 facturum
1004 1913 1074 1933 esse
1098 1902 1284 1943 promisitvz
1315 1901 1415 1942 ‘Ego¹,
1448 1901 1560 1942 inquit,
1593 1901 1737 1930 ‘Romam

86 1954 167 1985 vado
198 1955 318 1996 ibique,
357 1956 382 1985 si
414 1955 518 1986 clerus
557 1960 588 1985 et
611 1954 748 1996 populus
785 1965 843 1985 sua
869 1960 983 1996 sponte
1016 1965 1065 1984 me
1087 1953 1147 1984 sibi
1180 1954 1211 1983 in
1236 1953 1422 1995 pontificem
1445 1952 1589 1993 elegerit,
1622 1952 1736 1982 faciam

85 2005 170 2048 quod
204 2007 336 2047 rogatis,
377 2005 470 2038 aliter
503 2011 611 2037 autem
647 2005 835 2036 electionem
870 2005 989 2036 nullam
1026 2006 1189 2046 suscipio'.
1256 2004 1298 2035 At
1332 2004 1376 2035 illi
1411 2004 1514 2045 gavisi
1548 2004 1739 2034 confirmant

87 2059 276 2089 sententiam
312 2063 343 2089 et
377 2057 511 2089 laudant
550 2057 778 2089 conditionem.
826 2057 893 2088 Illis
935 2063 1041 2088 autem
1083 2056 1198 2087 diebus
1242 2061 1311 2087 erat
1352 2056 1416 2086 ibi⁷
1459 2055 1634 2086 monachus
1672 2056 1738 2097 qui-

87 2109 157 2140 dam
192 2109 366 2149 Romanus,
397 2109 611 2150 Ildeprandus
641 2110 780 2147 nomine,
810 2108 928 2139 nobilis
960 2108 1076 2139 indolis
1103 2107 1303 2146 adolescens,
1335 2107 1409 2138 clari
1443 2108 1563 2148 ingenii
1594 2114 1737 2138 sanctac-

88 2172 148 2203 que
181 2161 356 2202 religionis.
401 2161 509 2192 Iverat
543 2166 649 2192 autem
684 2160 888 2192 adolescens¹
920 2159 993 2191 illuc
1029 2166 1095 2191 tum
1130 2159 1277 2190 discendi
1310 2160 1425 2200 gratia,
1460 2165 1525 2189 tuni
1562 2160 1669 2201 etiam,
1704 2164 1739 2190 ut

88 2214 118 2243 in
146 2212 254 2255 aliquo
288 2212 439 2254 religioso
478 2213 548 2244 loco
587 2213 645 2244 sub
686 2212 772 2243 beati
804 2211 969 2243 Benedicti
1009 2211 1118 2252 regula
1157 2211 1314 2242 militaret.
1368 2211 1465 2241 Hunc
1496 2212 1594 2251 igitur
1625 2212 1737 2242 beatus

197 2302 223 2331 a)
244 2309 280 2325 nu
300 2301 416 2332 nuptias.
438 2309 474 2324 nu
494 2301 564 2325 linea
585 2300 668 2324 rubra
689 2300 739 2324 del.
763 2301 786 2324 2.
852 2300 881 2329 h)
903 2303 929 2323 ct
948 2299 998 2330 leg.
1021 2307 1065 2322 eas
1087 2299 1140 2322 dot.
1161 2299 1215 2323 des.
1238 2299 1262 2322 2.
1322 2299 1344 2329 r)
1368 2302 1462 2322 carent
1482 2298 1506 2322 2.
1572 2299 1600 2322 d>
1621 2298 1691 2322 deest
1716 2301 1737 2323 1.

89 2345 116 2377 e)
135 2346 226 2371 eadem
245 2355 326 2371 manu
347 2355 477 2378 ευμεν-κν,
502 2348 525 2370 1.
607 2346 626 2377 f)
650 2354 698 2370 nos
721 2347 746 2370 ἱ).
828 2346 856 2377 g]
878 2345 1014 2377 sequentia
1037 2354 1117 2376 usqne
1139 2345 1174 2369 od
1195 2345 1289 2369 rerba:
1311 2345 1411 2374 Quibus
1432 2352 1502 2368 nunc
1523 2344 1737 2376 respondendum

90 2395 129 2417 est
155 2393 192 2424 (p.
209 2393 270 2422 554,
292 2393 308 2417 Ι,
325 2392 370 2423 16)
398 2401 447 2418 om.
470 2393 494 2416 2.
610 2392 640 2422 h)
665 2392 737 2416 11111111
760 2392 834 2420 mm„
860 2391 905 2415 sed
926 2392 997 2415 linea
1023 2391 1151 2414 subducta
1177 2391 1227 2414 del.
1251 2392 1273 2415 1.
1387 2391 1406 2420 i)
1434 2390 1457 2414 16
1478 2390 1553 2419 adil„
1577 2390 1623 2414 scd
1643 2390 1694 2415 del.
1717 2400 1737 2416 e.

90 2438 120 2470 k)
139 2439 217 2463 sicin
230 2447 314 2471 marg.
329 2447 409 2462 manu
431 2447 499 2462 saec.
514 2437 610 2462 XVII.
631 2447 713 2465 corr.,·
734 2438 859 2469 religiose
884 2439 906 2461 l.
978 2437 997 2466 l)
1018 2437 1098 2466 linea,
1120 2441 1147 2460 ul
1168 2437 1281 2466 ridetur,
1301 2435 1441 2460 recentiori
1461 2445 1542 2460 manu
1563 2436 1690 2460 subducta
1715 2438 1736 2461 1.

196 2514 224 2547 1)
254 2513 359 2541 Concil.
383 2514 519 2539 Moenum
551 2522 574 2539 c.
593 2514 620 2546 3,
652 2513 752 2538 Mausi
769 2513 810 2544 II,
833 2512 884 2537 col.
904 2511 981 2545 679‚-
1013 2511 1172 2543 Iliuschins,
1202 2511 1364 2537 Decretales
1387 2511 1596 2540 I'seudoisid0r‚
1617 2521 1648 2545 p.
1667 2512 1736 2537 ⁶2:38.

91 2564 120 2599 2)
156 2565 185 2591 V.
214 2564 330 2590 Wiberti
359 2565 422 2591 Vita
451 2565 552 2590 Leonis
581 2565 637 2590 IX.
670 2565 694 2596 I,
724 2573 748 2590 c.
774 2564 798 2597 l,
842 2563 884 2589 ed.
916 2563 1074 2595 walterich,
1111 2562 1273 2595 Pontificum
1305 2563 1425 2589 Roman.
1458 2563 1534 2588 Vitae
1558 2563 1582 2595 I,
1610 2572 1641 2597 p.
1670 2564 1736 2589 128.

91 2615 122 2650 3)
158 2615 202 2648 Cf.
227 2616 378 2642 Bonizom's
406 2616 492 2642 Liber
520 2617 557 2642 ad
590 2616 707 2642 amicum
739 2615 769 2647 V,
806 2614 908 2640 Lz'bclli
938 2615 971 2640 de
1000 2615 1049 2640 lise
1072 2614 1095 2646 I,
1124 2623 1154 2648 p.
1178 2614 1255 2640 587.-
1299 2614 1427 2640 moribus
1457 2614 1595 2640 decenter
1624 2618 1735 2639 ornato.

93 2666 123 2701 4)
144 2667 203 2692 III.
311 2668 341 2700 5)
364 2667 479 2693 Wiherti
506 2667 534 2694 V.
560 2667 663 2693 Leonis
686 2667 726 2699 II,
752 2676 775 2692 c.
794 2667 820 2698 2,
846 2667 863 2691 ἰ.
882 2666 899 2692 Ι.
920 2675 952 2700 p.
973 2665 1039 2692 149.
1151 2666 1179 2699 6)
1210 2665 1239 2692 1⁷.
1264 2666 1364 2692 Leonis
1388 2675 1410 2693 e.
1429 2666 1456 2698 2,
1481 2666 1499 2692 l.
1516 2665 1535 2692 l.
1556 2675 1585 2698 2).
1607 2666 1677 2690 150:
1704 2674 1737 2690 va

95 2717 270 2751 conditione,
299 2718 322 2744 si
347 2718 462 2744 audiret
491 2718 580 2744 totius
605 2718 675 2744 cleri
699 2726 732 2744 ac
752 2717 874 2743 Romani
904 2717 1005 2751 populi
1036 2725 1215 2743 communem
1246 2725 1309 2743 esso
1341 2717 1402 2742 sinc
1435 2716 1524 2742 dubio
1555 2724 1735 2741 consensum.

95 2769 123 2802 7)
154 2770 310 2797 Secundum
339 2770 486 2796 11⁷2'bertum
517 2771 574 2804 (II,
597 2779 620 2796 c.
640 2770 669 2805 2)
699 2773 849 2796 conventus
872 2768 1002 2794 Heinrici
1030 2769 1104 2802 reglis
1133 2769 1211 2803 apud
1238 2769 1416 2802 Vl'anyiouem
1447 2769 1540 2794 urbem
1571 2771 1738 2793 convocatus

95 2824 170 2854 erat,·
193 2822 297 2848 Bom'zo
320 2821 339 2847 l.
354 2821 371 2848 l.
389 2821 549 2848 Brunonem
572 2821 601 2847 in
626 2822 757 2848 comitatu
779 2830 828 2847 suo
852 2820 1079 2846 lindebrandum
1102 2820 1233 2846 habuisse
1258 2820 1335 2846 dicit.

1456 2874 1505 2896 69*

1820 1025 1843 1043 cf

1762 1055 1815 1074 Luc.
1831 1055 1864 1077 14,
1875 1055 1903 1072 34

1761 1861 1802 1879 Ex.
1813 1861 1849 1884 38,
1860 1862 1892 1879 12.
