2132 3067
0 2755 23 2870 l

0 2866 5 3027 ξ

392 128 580 155 EPISTOLA
604 128 775 156 HL'GONIS
798 129 834 156 X.
859 130 1071 157 CONCILIUM
1094 131 1331 159 TOLETAXUM
1355 132 1406 158 XI.
1662 130 1721 162 421

86 219 141 258 eis,
165 218 219 259 qui
243 217 322 248 duas
347 217 491 249 fecerunt
507 217 691 257 aecclesias,
715 219 774 250 sub
791 218 935 259 periculo
953 219 1026 250 fidei
1043 221 1287 251 communicatis
1297 226 1319 260 ³,
1343 222 1484 264 maxime
1501 233 1574 253 cum
1591 223 1737 254 Romana

85 269 240 301 aecclesia
263 268 400 300 sinodali
424 269 545 300 iudicio
563 269 707 300 Tui-bani
731 272 874 301 errores'
891 270 1133 312 dampnaverit1
1160 277 1191 302 et
1214 271 1254 302 ab
1272 273 1340 303 eius
1357 275 1582 306 communione
1599 276 1738 316 Spiritus

85 322 187 353 sancti
210 321 327 352 iudicio
351 320 543 351 recesserit?
593 320 685 360 Sunt,
718 322 771 363 qui
802 322 932 353 sinistra
961 323 1231 364 interpretacione
1260 330 1449 365 pervertunt
1479 335 1561 367 quae
1590 326 1736 366 dicimus,

84 379 117 405 et
144 372 255 404 dicunt
284 383 343 403 nos
372 371 585 402 harundinem
610 378 706 404 vento
737 373 904 413 agitatam,
935 385 972 404 eo
1003 374 1089 415 quod
1119 374 1267 405 nolumus
1290 377 1394 407 ventis
1423 377 1578 418 perfidiae
1609 379 1734 419 agitari.

53 441 65 460 ⁵
86 424 241 466 Quisquis
264 423 316 455 ille
339 430 397 464 est,
423 423 512 463 sciat,
537 424 612 465 quia
636 424 677 454 ‘in
702 423 791 456 coelo
815 432 863 456 est
887 424 985 455 iudex
1008 436 1099 456 meus
1124 432 1155 456 et
1179 427 1327 457 conscius
1352 429 1459 459 meus'.
1504 428 1660 471 Quisquis
1684 430 1736 462 ille

84 481 141 516 est,
164 475 355 518 perpendat,
380 475 458 516 quid
482 476 532 515 sit,
557 474 643 516 quod
667 475 872 506 beatissimus
890 476 1018 515 Paulus,
1043 479 1239 509 enumeratis
1264 479 1456 520 quibusdam
1481 481 1548 512 suis
1571 481 1736 512 laboribus

85 533 116 560 et
137 526 298 570 periculis,
326 526 511 557 subiunxit:
543 527 709 568 Insz'piens
725 528 843 568 factus
867 539 948 568 sum,
974 539 1028 559 ros
1053 540 1097 559 me
1121 530 1282 570 cogisti-5¹³.
1328 530 1394 560 Nos
1419 531 1513 562 etiam
1539 533 1563 562 si
1588 533 1736 575 exemplo

86 579 164 612 tanti
187 579 287 620 patris
309 579 498 620 insipienter
521 577 610 620 loqui
634 579 791 619 cogimur,
823 578 954 620 longum
979 585 1027 611 est
1050 591 1199 612 enarrare
1223 582 1462 622 persecutiones
1486 588 1517 614 et
1539 584 1684 625 pericula
1707 592 1738 616 et

85 631 169 673 quod
191 631 224 661 in
241 630 398 662 mortibus
414 630 600 672 frequenter
615 629 745 669 fuimus,
770 630 857 672 quod
879 631 986 672 regiae
1003 632 1162 662 maiestati
1186 638 1217 663 et
1240 631 1310 664 aliis
1334 633 1535 675 principibus
1560 647 1617 677 pro
1642 647 1739 667 causa

39 699 66 718 ιο
84 683 147 715 Dei
170 693 228 713 nos
251 683 340 723 ipsos
363 682 550 722 obiecimus,
581 681 668 724 quod
697 693 840 713 summos
872 682 1019 721 honores,
1050 684 1143 714 nobis
1173 683 1307 723 oblatos,
1339 695 1396 725 pro
1428 686 1544 717 nichilo
1576 687 1737 724 duximus,

85 733 171 777 quod
194 732 266 776 plus
291 744 387 776 quam
412 733 597 776 quindecim
623 733 738 764 annis²
763 745 804 765 ex
827 734 948 765 divitiis
971 735 1010 766 ad
1036 735 1179 777 inopiam
1204 742 1236 766 et
1259 735 1387 767 tandem
1415 737 1455 768 ad
1480 737 1612 769 exilium
1638 744 1736 770 trans-

85 787 212 825 ivimus,
242 786 287 817 ita
310 792 345 817 ut
367 797 511 817 essemus
535 785 674 817 abiectio
697 786 800 816 servis
824 787 951 827 nostris,
984 797 1065 828 quos
1096 787 1185 828 prius
1218 787 1340 818 divitiis
1364 799 1567 820 auxeramus.
1615 790 1737 832 Scripsi

85 838 246 869 maiestati
262 843 410 869 vestraec
428 847 491 868 non
507 837 678 868 immernor
693 837 827 878 gratiae,
852 848 947 879 quam
965 837 1156 869 exhibuistis
1174 840 1356 880 paupertati
1374 846 1511 871 nostrae.
1556 841 1606 872 De
1631 848 1736 873 cetero

84 889 170 932 apud
193 889 300 920 Deum
325 895 402 931 opto
426 894 458 920 et
481 899 536 920 oro
560 888 647 930 apud
671 900 738 929 vos,
770 896 804 920 ut
835 889 1010 920 consulatis
1040 889 1205 921 laboribus
1237 891 1434 922 senescentis
1466 893 1576 923 matris
1601 899 1737 927 nostrae,

41 955 66 974 ιε,
84 941 248 973 Romanae
263 941 449 980 aecclesiae,
473 946 504 972 et
520 947 628 972 vestro
645 940 768 975 honori.
815 941 856 972 Et
878 940 954 972 licet
970 942 1129 973 monitore
1146 953 1209 972 non
1225 943 1358 983 egeatis,
1382 948 1476 984 urget
1499 948 1604 974 tamen
1623 944 1736 975 caritas

85 993 205 1026 Christi
226 1004 368 1032 monere,
400 997 434 1023 ut
464 993 571 1034 potius
602 1003 653 1023 res
682 993 770 1035 ipsas
794 997 826 1023 et
848 993 991 1035 pericula
1014 993 1233 1034 consideretis,
1267 1004 1362 1035 quam
1387 994 1419 1024 in
1443 994 1579 1026 vocibus
1602 996 1736 1027 vacuis⁴¹

85 1045 259 1076 videamini
289 1044 465 1076 immorari.
511 1044 601 1075 Deus
632 1049 751 1085 autem,
784 1045 837 1087 qui
870 1045 1018 1087 dispersa
1049 1050 1237 1088 congregat,
1268 1045 1322 1087 qui
1354 1045 1428 1076 facit
1459 1052 1596 1088 utraque
1628 1058 1736 1087 unum,

85 1097 234 1139 precibus
263 1097 440 1127 aecclesiae
470 1102 502 1127 et
531 1095 652 1127 auxilio
683 1103 714 1128 et
745 1096 879 1128 consilio
911 1105 1016 1129 vestro
1046 1103 1177 1129 revocet
1208 1097 1249 1128 ad
1279 1097 1487 1128 concordiam
1518 1104 1549 1129 et
1580 1099 1735 1130 unitatem

85 1147 276 1180 catholicam
301 1147 517 1180 sacerdotium
541 1154 572 1179 et
596 1159 741 1190 regnum,
766 1154 796 1180 et
820 1148 889 1180 dies
905 1156 1029 1180 vestros
1053 1150 1204 1191 disponat
1228 1150 1259 1179 in
1277 1159 1365 1191 pace,
1390 1155 1435 1189 ut,
1459 1150 1608 1181 devitatis
1632 1162 1736 1182 erran-

40 1214 67 1233 ιο
85 1201 161 1231 tium
185 1200 341 1242 vestigiiS,
372 1200 471 1242 pedes
494 1199 569 1231 Iesu
596 1199 730 1231 liberius
761 1202 893 1242 possitis
923 1201 1074 1243 amplecti
1106 1209 1136 1233 et
1167 1202 1301 1232 verbum
1333 1212 1375 1232 ex
1399 1212 1453 1232 ore
1477 1201 1571 1241 illius,
1601 1203 1656 1244 qui
1690 1210 1737 1234 est

85 1252 234 1294 princeps
258 1252 358 1294 pacis,
381 1251 529 1283 devotius
553 1252 676 1283 audire.

881 1340 941 1372 XI.

190 1400 261 1432 Dee
291 1411 406 1442 regum
437 1400 547 1432 sobole
579 1400 707 1432 concilii
738 1401 922 1432 Toletani³z
954 1402 1048 1433 Sicut
1080 1402 1252 1433 insolentia
1282 1403 1443 1433 matorum
1475 1414 1588 1443 reyum
1621 1403 1733 1434 ocliosrc

83 1463 207 1494 semper
230 1457 259 1483 et
282 1452 475 1484 eonem-abilis
498 1452 630 1484 ewistits
653 1453 814 1494 subiectis,
837 1455 885 1484 ita
907 1454 1065 1485 bonorum
1087 1455 1230 1495 provida
1251 1453 1381 1485 utilitas
1408 1454 1563 1485 amabilis
1586 1454 1737 1495 efficitur

39 1515 65 1535 25
79 1504 225 1546 populis.
274 1504 436 1540 Quocirca
459 1505 533 1546 quis
547 1504 643 1544 ferat
666 1510 723 1536 aut
746 1507 820 1546 qais
844 1505 1020 1536 toleranter
1043 1507 1246 1537 christianas
1270 1505 1378 1536 videat
1400 1507 1488 1547 regyis
1512 1506 1655 1538 soboles&
1679 1512 1735 1538 aut

79 1557 294 1597 posteritate&
317 1556 484 1597 expoliari
506 1557 600 1588 rebus
625 1562 684 1587 aut
705 1558 840 1598 privari
863 1557 1107 1599 dignitatibus?
1149 1556 1245 1593 Quod
1261 1557 1378 1589 deinde
1396 1570 1434 1589 ne
1447 1558 1532 1599 fiat,
1556 1569 1627 1589 cam
1645 1570 1735 1600 yene-

83 1607 168 1639 ralis
184 1613 361 1649 promatur
383 1609 423 1639 cle
446 1609 617 1650 principis
637 1608 734 1649 filiis
757 1610 926 1649 sententia,
958 1610 993 1640 id
1015 1615 1059 1640 est
1083 1610 1122 1640 de
1144 1610 1305 1651 presentis
1335 1609 1598 1641 eoecellentissz'nzi
1621 1615 1648 1641 et
1670 1611 1735 1652 qlo-

83 1660 261 1691 riosissimi
278 1661 452 1701 principis
477 1659 703 1692 Clzintilanish
731 1661 819 1702 reyis
843 1662 1042 1702 posteritate,
1072 1661 1214 1692 danturi
1249 1666 1364 1703 aperta
1393 1662 1508 1693 nobisk
1532 1661 1671 1702 decreta,
1703 1667 1736 1692 nt

84 1722 137 1750 ea,
172 1723 255 1753 quae
289 1712 435 1754 synodus
466 1713 622 1753 preterito
654 1723 743 1744 anno
774 1713 810 1743 in
842 1713 904 1743 hac
934 1713 1093 1744 aecclesia
1124 1713 1237 1744 habita
1260 1714 1461 1752 constituit¹,
1492 1715 1582 1744 circa
1614 1724 1733 1744 omnem

38 1772 65 1792 so
81 1764 302 1804 posteritatem
325 1764 396 1795 eius
418 1765 619 1795 universitas
641 1765 739 1806 regni
761 1765 815 1795 sui
838 1770 1011 1804 conservet,
1039 1765 1095 1795 hoc
1119 1770 1163 1794 est
1186 1770 1221 1795 ut
1242 1765 1450 1806 prebeantar,
1474 1765 1531 1796 nbi
1553 1765 1618 1796 loci
1641 1775 1733 1805 opor-

84 1815 210 1846 tunitas
239 1815 432 1856 eoelzibuerit,
463 1816 669 1857 defensiones
699 1821 727 1847 et
759 1815 975 1847 amminicula
1004 1817 1102 1855 iusta,
1135 1821 1162 1847 et
1192 1816 1359 1847 tribuatur
1379 1816 1476 1857 filiis
1506 1817 1577 1847 etus
1608 1816 1736 1847 dilectio

85 1865 227 1908 beniqna
257 1871 285 1897 et
304 1867 428 1907 firma,
459 1879 499 1899 ne
522 1868 560 1898 cle
583 1868 679 1899 rebus
701 1869 786 1899 iuste
806 1867 1008 1908 proflz'gjatiS,
1038 1872 1095 1898 ant
1122 1872 1300 1908 parentum
1323 1868 1486 1909 dissnitate
1508 1869 1694 1909 procuretis
1704 1873 1735 1906 ¹¹¹,

85 1916 132 1948 vel
147 1917 299 1960 largitate
312 1920 490 1960 principis,
508 1924 566 1950 aut
583 1919 727 1952 alicuius
743 1920 910 1960 impensis,
935 1924 993 1950 aut
1009 1920 1127 1950 etiamn
1141 1920 1345 1960 proprietate
1361 1920 1488 1958 debitis,
1502 1919 1734 1960 fraudentar⁰

86 1969 226 2011 qualibet
255 1970 386 2001 insidia
417 1970 627 2010 calliditatis,
659 1982 735 2002 neve
759 1982 779 2001 a
804 1975 989 2012 quoquam!³
1017 1971 1148 2001 ledencli
1179 1982 1229 2002 eos
1259 1972 1515 2012 preveniamur-‘1
1539 1975 1733 2011 ccryamenta

41 2029 68 2050 ³5
85 2021 353 2062 machinationis,
377 2023 459 2063 quia
483 2023 620 2064 dignum
639 2028 693 2062 est,
718 2027 753 2053 ut
769 2024 863 2053 cuius
879 2023 1038 2064 regimine
1056 2023 1208 2053 habemus
1224 2023 1436 2061 securitatem,
1461 2023 1530 2053 eius
1550 2022 1736 2063 posteritati

87 2071 208 2104 decreto
231 2073 384 2104 concilii‘
407 2075 643 2115 imperciamur
665 2075 811 2115 quietem.

190 2123 256 2155 Ut⁴
278 2123 384 2156 nullus
405 2132 572 2166 presumat
588 2127 735 2168 principe
751 2127 881 2156 vivente
898 2124 1036 2167 aliquem
1054 2124 1194 2166 eligeres
1211 2135 1331 2166 regem.
1370 2124 1522 2155 Eiusdem
1540 2123 1734 2166 capitulum:

89 2173 293 2217 Quamquam
314 2178 351 2208 in
368 2177 506 2208 coneilio
530 2179 700 2218 anteriori,
723 2177 812 2219 qaod
835 2189 922 2208 anno
941 2178 1050 2218 primo
1066 2177 1297 2218 ῃίονίοεὶεείνηί
1314 2177 1486 2218 principis
1503 2178 1607 2207 nostri
1623 2176 1732 2214 [liabi-

86 2227 171 2258 tum‘
195 2230 267 2268 estJ,
297 2228 336 2260 de
366 2229 557 2260 huiusmodi
578 2240 613 2260 re
627 2229 737 2270 fuerit
763 2229 978 2270 promulyata
1007 2230 1184 2268 sententia,
1214 2233 1321 2259 tamen
1346 2228 1455 2269 placet
1484 2230 1620 2268 iterare,
1650 2229 1734 2269 quod

41 2287 69 2306 ιο
86 2280 235 2310 convenit
257 2280 431 2312 custodire.
476 2281 591 2323 Itaque
613 2282 701 2323 regis
724 2281 792 2312 vita
815 2284 992 2319 constante,
1016 2279 1128 2310 nullus
1150 2280 1214 2311 sibi
1237 2279 1349 2321 aliquo
1373 2284 1527 2321 [opereu]
1549 2279 1598 2311 vel
1620 2279 1732 2311 delibe-

87 2330 228 2370 ratione,
259 2341 315 2362 seu
342 2333 573 2374 cuiuscumque
604 2333 781 2374 diqnitatis
811 2332 934 2372 laicus,
964 2343 1020 2363 seu
1050 2332 1181 2373 gradu*
1205 2332 1428 2372 episcopatus,
1455 2332 1645 2372 presbiteri,
1677 2336 1733 2361 ant

197 2427 223 2458 a)
245 2428 447 2452 comunicantes
461 2436 528 2452 corr.
544 2429 766 2453 communicantis
783 2431 810 2458 l;
830 2429 1059 2453 communicantes
1081 2428 1104 2451 ⁵2.
1182 2427 1209 2455 b)
1232 2427 1269 2451 ita
1285 2428 1307 2452 1.
1324 2427 1348 2451 ⁶2.
1425 2427 1452 2457 c)
1473 2427 1543 2452 deest
1564 2428 1589 2456 ⁶2,
1610 2427 1655 2451 ubi
1675 2436 1732 2452 nec.

89 2470 116 2503 d)
137 2473 212 2497 vanis
233 2473 258 2497 2.
361 2474 388 2505 e)
408 2475 553 2499 Decretum
573 2483 594 2498 s.
616 2475 641 2499 2.
744 2475 764 2506 f)
788 2475 874 2499 extitit
894 2474 918 2498 2.
940 2472 978 2498 M.
1081 2474 1108 2505 g)
1132 2473 1169 2498 ita
1192 2475 1215 2498 l.
1237 2474 1268 2503 2,·
1296 2473 1415 2498 sobolem
1438 2488 1468 2491 —
1490 2474 1673 2506 posteritatem
1696 2473 1732 2497 M.

87 2516 114 2550 h)
137 2517 294 2544 chintilavis
311 2520 338 2550 13
366 2520 536 2545 Chintillanis
558 2522 588 2551 ἒς
615 2520 761 2545 Chintilani
783 2520 820 2546 Jl.
906 2521 925 2551 i)
945 2520 1040 2544 dentur
1060 2519 1099 2543 M.
1185 2520 1213 2550 k)
1235 2528 1251 2544 a
1270 2521 1347 2544 nobis
1368 2519 1405 2544 M.
1481 2520 1502 2550 1)
1524 2527 1601 2552 quam
1623 2519 1686 2544 avld.
1706 2521 1731 2548 1;

42 2566 70 2586 4⁵
89 2571 165 2596 quem
185 2565 210 2590 2.
286 2568 322 2595 m)
343 2565 381 2590 ita
403 2568 426 2590 1.
447 2566 478 2596 2‚·
498 2567 647 2599 procuratis
668 2566 705 2590 M.
781 2568 809 2597 n)
832 2569 858 2590 et
879 2567 903 2590 2.
970 2566 995 2597 o)
1018 2566 1200 2591 fraudulenter
1220 2566 1245 2590 ⁵2.
1312 2568 1339 2598 p)
1361 2574 1465 2598 quoque
1488 2568 1511 2590 1.
1535 2566 1558 2590 2,
1626 2566 1654 2598 q)
1676 2574 1731 2597 prv-

88 2609 199 2636 beantur
217 2610 255 2636 M.
348 2612 371 2644 r)
390 2613 495 2637 consilii
518 2614 540 2638 1.
563 2614 587 2638 2.
682 2614 706 2643 s)
727 2616 778 2638 etc.
799 2614 824 2641 2,
851 2612 896 2636 ubi
916 2612 1015 2644 eligere
1037 2626 1068 2629 —
1091 2612 1236 2644 capitulum
1257 2612 1311 2637 des.
1406 2612 1428 2643 t)
1449 2612 1509 2637 hab.
1530 2615 1570 2636 est
1589 2611 1642 2636 cles.
1664 2613 1687 2635 1.
1710 2612 1731 2634 '2⁴

88 2655 116 2688 u)
135 2655 205 2681 deest
227 2658 250 2682 1.
271 2658 295 2682 2.
371 2659 397 2690 v)
419 2659 517 2690 gradus
537 2658 590 2690 M.;
616 2658 662 2683 ubi
681 2660 829 2691 presbiterii
853 2673 881 2676 —
907 2659 1033 2683 diaconii.

198 2745 225 2779 1)
249 2745 294 2778 Cf.
314 2756 345 2781 p.
369 2747 440 2774 409.
544 2748 574 2781 ⁶2)
600 2748 645 2781 Cf.
667 2757 756 2782 supra
775 2756 806 2781 p.
825 2747 898 2773 406:
930 2754 982 2781 per
1003 2745 1073 2772 XVI
1098 2754 1198 2773 annos.
1298 2746 1326 2779 3)
1350 2746 1431 2773 Sexti
1453 2755 1476 2773 c.
1498 2747 1542 2779 15,
1573 2746 1672 2772 Mam*
1695 2745 1730 2771 X.

90 2795 142 2822 eol.
160 2795 228 2824 668.
254 2796 323 2831 669,
347 2799 390 2825 ed.
415 2799 567 2825 [lintei-hias
588 2809 616 2833 p.
640 2799 709 2826 379.
799 2799 828 2833 4)
853 2799 883 2826 C.
905 2799 950 2830 lt,
976 2798 992 2825 l.
1012 2807 1034 2824 c.
1059 2798 1109 2825 eol.
1129 2797 1198 2825 669.

1760 286 1815 307 'fist

1816 367 1843 386 Ps-

1756 397 1907 421 Matth.11,7.

1756 440 1828 460 ⁴·s110b
1838 441 1908 464 [11:20.

1758 544 1908 568 ‘2⁴Cor.12,114

1756 1058 1843 1081 onam.
1851 1058 1907 1077 214.

1757 1415 1782 1440 (s.
1795 1416 1830 1439 10)
