2132 3067
396 188 456 215 130¹>
748 181 975 211 IJISI'UTATIO
998 181 1073 207 VEL
1097 178 1283 206 DEFENSIO
1308 177 1518 204 I'ASCIIALIS
1541 177 1675 203 PAPAE.

395 279 454 307 dici
488 288 543 306 nec
568 275 674 305 haberi
704 284 794 314 posse
826 269 1034 312 apostolicum
1066 266 1328 298 irrationabiliter
1350 266 1530 307 proferatis,
1561 267 1588 296 si
1615 277 1724 307 regem
1747 265 1921 297 Hem-icum
1954 271 2027 308 post

395 338 561 358 concessus
585 326 626 355 illi
652 325 856 354 investituras
879 322 1120 363 episcopatuum
1145 318 1484 350 excommunicaverit.
1519 317 1624 356 Unde,
1647 329 1686 348 ne
1709 322 1875 348 ventorum
1898 317 2026 349 turbine

393 379 530 418 graviter
550 377 708 411 commoti,
734 386 771 405 ne
789 373 875 405 velut
900 374 929 403 in
948 371 1138 413 profundum
1158 371 1253 401 maris
1276 369 1372 400 tantis
1395 368 1530 399 involuti
1547 367 1768 411 questionibus
1785 368 2026 410 demergamini,

393 430 430 460 ad
458 436 580 469 portum
606 427 748 457 veritatis
769 426 844 456 artis
869 424 1046 455 rationibus
1069 433 1126 452 vos
1150 432 1301 452 revocare
1319 421 1478 462 cupimus.
1522 427 1650 451 Fraterno
1666 426 1795 458 siquidem
1812 427 1903 451 mortis
1917 427 2028 451 incurrit

393 485 498 512 crimen,
520 482 636 514 quisquis
658 489 715 505 cum
736 484 820 512 pot-*st
844 480 949 503 fratrem
971 487 986 501 u
1006 481 1089 502 morte
1110 477 1218 501 minime
1238 476 1375 500 revocatl.

498 526 546 556 De
570 524 786 554 investituris-³
811 534 897 563 ergo,
924 521 963 551 de
988 521 1102 562 quibus
1127 519 1350 561 proposuistis,
1374 517 1468 549 talisb
1493 517 1628 549 liabetur
1650 518 1741 549 ratio.
1779 518 1850 549 Hec
1871 523 1920 549 est
1942 518 2027 548 enim

393 577 444 608 illa
475 577 661 606 investitura
684 576 939 616 episcopatuum,
965 583 1020 614 pro
1045 582 1108 613 qua
1132 571 1288 601 Ilenricus
1313 581 1378 607 rex,
1411 573 1502 611 pater
1524 568 1618 600 huius
1642 569 1786 609 Heni-ici,
1816 569 1878 600 fuit
1900 579 2028 600 excom-

394 629 571 658 municatus
602 638 619 656 a
644 627 801 665 Gregorio
831 625 966 666 septimo
998 624 1029 654 in
1061 622 1204 664 plenaria
1227 621 1340 652 sinodo
1370 622 1401 652 in
1433 619 1568 652 ecclesia
1599 620 1808 661 Salvatoris2,
1840 620 1957 652 deinde
1986 619 2027 651 ab

394 679 521 710 Urbano
552 679 582 708 in
609 677 793 708 Placentina
824 675 968 717 syuodoss¹
999 680 1030 705 et
1057 675 1088 704 in
1112 673 1307 704 Arvernensi
1339 671 1497 703 concilio⁴
1527 678 1558 703 et
1590 672 1620 702 in
1652 671 1789 704 ecclesia
1818 673 1920 703 sancti
1943 672 2029 703 Petri

391 730 476 772 apud
501 730 666 760 Romam&
713 732 815 767 Quam
842 726 1206 758 excommunicationem
1237 724 1320 755 filius
1344 723 1478 754 Henrici
1505 723 1782 764 animadvertens,
1809 729 1913 755 tactus
1936 723 2029 766 quasi

392 793 498 813 amore
524 782 594 818 Dei,
623 781 678 811 sed
704 779 773 821 plus
804 785 908 809 tactus
933 778 1106 819 cupiditate
1130 777 1231 816 regni,
1263 777 1365 817 ipsam
1391 776 1614 806 investituram
1644 786 1714 807 esse
1737 775 1843 806 scelus
1866 781 2029 817 reputans,

394 834 423 863 iu
449 833 594 863 manibus
619 830 764 862 Riceardi
790 830 981 861 Albanensis
1005 834 1036 860 et
1059 828 1223 859 Geboardi
1248 827 1525 859 Constantiensis⁶
1550 827 1775 869 episcoporum
1805 827 1947 858 dimisit⁷
1970 837 2029 858 nec

394 884 523 915 ulterius
554 883 723 914 tenendam
755 883 881 923 penitus
912 880 1100 922 dereliquid,
1134 886 1166 911 ct
1196 880 1271 920 quia
1301 879 1595 910 communicaverat
1625 879 1709 920 patri
1740 878 2028 919 excommunicato,

393 936 598 977 penitentium
628 935 702 974 egit.
748 933 873 965 Deinde
897 938 1018 975 patrem
1043 931 1201 970 convenit,
1232 935 1273 971 et,
1303 936 1336 962 ut
1363 929 1403 961 ab
1427 931 1761 962 excommunicatione
1790 941 1823 962 se
1851 929 2030 962 retraheret

312 986 373 1033 ¹¹⁰5ss
393 994 423 1018 et
454 987 671 1017 investituram
699 986 885 1025 dimitteret,
915 984 1085 1026 diligenter
1113 985 1322 1013 ammonuit⁸.
1375 981 1477 1013 Cuius
1506 982 1658 1024 precibus
1686 982 1738 1014 vel
1767 982 1910 1014 consiliis
1937 986 2029 1024 pater

394 1039 521 1069 minime
545 1037 717 1079 adquievit.
763 1037 816 1067 Sic
839 1038 946 1078 itaque
976 1036 1058 1066 filius
1082 1035 1318 1066 communicato
1343 1033 1477 1065 consilio
1501 1040 1623 1076 patrem
1646 1033 1868 1066 fraudulenter
1890 1033 1976 1075 cepit
1998 1038 2030 1064 et

394 1091 423 1120 in
439 1090 598 1120 artissima
614 1088 757 1119 custodia
768 1094 779 1109 ³·
803 1088 911 1119 tandiu
936 1088 1046 1126 tenuit,
1070 1087 1172 1117 donec
1188 1096 1337 1117 coronam
1356 1086 1446 1127 regni
1470 1092 1502 1117 et
1517 1086 1653 1128 imperii,
1678 1086 1832 1126 lanceam,
1855 1094 1983 1116 crucem
2000 1089 2032 1116 et

309 1136 372 1184 {¹¹22ss
393 1148 498 1172 cetera
521 1140 640 1181 regalia
666 1140 802 1181 insignia
830 1139 1011 1172 reddiditffl.
1057 1138 1111 1169 Sic
1140 1144 1230 1179 pater
1258 1138 1344 1168 omni
1374 1137 1494 1168 honore
1524 1137 1696 1169 destitutus
1718 1136 1876 1170 Leodium
1899 1136 2029 1178 fugitn,

287 1204 373 1225 Aut-J.
394 1193 447 1223 ubi
465 1199 527 1223 tam
545 1191 661 1222 doloris
677 1192 818 1222 cruciatu
836 1202 930 1233 quam
954 1191 1065 1221 mortis
1090 1190 1230 1231 periitw.
1275 1189 1336 1220 Pro
1347 1194 1372 1212 ¹⁸
1396 1189 1455 1220 hac
1477 1189 1577 1231 igitur
1599 1189 1790 1220 investitura
1811 1187 2031 1231 recuperanda

393 1250 424 1275 et
447 1243 581 1275 tenenda
605 1242 687 1274 idem
704 1254 760 1274 rex
778 1243 909 1273 Romam
934 1242 1013 1273 adiit
1035 1248 1066 1273 et
1081 1240 1190 1272 dolose
1213 1241 1288 1282 egit,
1313 1240 1398 1272 unde
1421 1240 1521 1272 multa
1543 1240 1627 1273 mala
1649 1246 1762 1272 exorta
1777 1245 1860 1272 sunt.
1893 1239 2028 1271 Romam

394 1296 489 1337 igitur
513 1295 608 1333 venit,
633 1294 760 1326 obsides
782 1294 870 1326 dedit
893 1294 1009 1325 domno
1033 1304 1126 1335 pape,
1150 1303 1189 1324 ne
1213 1293 1444 1334 investituram,
1469 1303 1565 1335 quam
1588 1293 1718 1324 vivente
1740 1297 1833 1334 patre
1855 1291 2030 1331 dimiserat,

395 1347 524 1378 ulterius
549 1351 725 1388 usurparet.
770 1345 853 1376 Illud
876 1346 971 1377 etiam
1002 1355 1060 1386 pro
1092 1355 1170 1386 pace
1194 1343 1391 1386 perficienda
1420 1344 1606 1376 adiunctum
1631 1350 1689 1384 est,
1719 1349 1764 1384 ut,
1793 1345 1821 1375 si
1842 1354 1901 1375 rex
1922 1341 2028 1382 vellet,

394 1410 442 1429 res
465 1398 505 1429 ad
529 1397 647 1438 regalia
670 1398 863 1439 pertinentes
887 1397 1050 1438 reciperet,
1081 1401 1112 1427 et
1134 1397 1204 1438 ipse
1227 1395 1372 1427 ecclesiis
1396 1395 1584 1436 oblationes,
1614 1396 1817 1438 patrimonia,
1840 1395 2028 1437 emptiones,

395 1450 580 1481 donationes
611 1455 641 1480 et
671 1460 779 1480 omnes
802 1460 910 1479 earum
940 1460 990 1480 res
1020 1449 1144 1490 quietas
1173 1447 1356 1479 dimitteret.
1403 1447 1484 1479 Hisc
1513 1448 1612 1490 igitur
1647 1447 1795 1480 omnibus
1822 1446 2030 1478 sacramentis

395 1501 434 1532 ab
459 1507 590 1542 utraque
608 1505 697 1542 parte
715 1501 862 1543 {peractis
872 1501 897 1542 ἃ]
922 1506 953 1531 et
968 1499 1135 1531 obsidibus
1152 1499 1280 1539 datisu,
1303 1510 1374 1531 cum
1393 1500 1528 1531 domnus
1545 1511 1631 1542 papa
1653 1499 1695 1531 ad
1710 1498 1937 1541 excipiendum
1956 1508 2028 1529 eum

395 1553 434 1584 ad
460 1554 542 1584 beati
568 1553 651 1583 Petri
674 1551 840 1583 ecclesiam
865 1563 937 1582 cum
962 1551 1112 1582 Romanis
1135 1551 1200 1582 fere
1224 1551 1372 1583 omnibus
1395 1553 1515 1583 exisset
1545 1557 1577 1584 et
1599 1552 1628 1583 ei
1651 1550 1779 1583 obviam
1803 1561 1925 1590 cruceS,
1954 1549 2030 1582 turi-

396 1603 479 1643 bula,
503 1603 622 1634 iudices
645 1608 676 1634 et
699 1603 777 1634 alios
794 1603 931 1643 ordines,
955 1604 1037 1634 sicut
1053 1603 1250 1634 consuetudo
1267 1603 1378 1644 exigit,
1403 1603 1590 1635 direxisset:
1613 1604 1683 1646 ipse
1699 1602 1829 1645 quidem
1853 1613 1911 1634 rex
1926 1612 2030 1644 usque

395 1655 433 1686 ad
457 1656 569 1685 atrium
587 1654 758 1686 aecclesiae
776 1655 906 1696 pacifice
923 1655 1009 1686 venit
1021 1661 1055 1694 ¹⁵,
1079 1655 1190 1697 lupum
1215 1661 1346 1698 portans
1363 1655 1423 1687 sub
1441 1655 1535 1686 ovina
1551 1654 1646 1698 pelle,
1669 1660 1701 1686 et
1723 1653 1876 1686 osculatis
1891 1653 2030 1696 pedibus

395 1707 502 1737 domni
528 1718 619 1748 pape,
644 1708 711 1748 ipse
735 1706 775 1737 ab
800 1718 836 1737 eo
859 1706 1062 1747 amplexatus
1085 1713 1116 1738 et
1139 1709 1237 1739 tercio
1261 1707 1423 1739 osculatus
1447 1712 1504 1748 est,
1535 1713 1567 1738 et
1590 1717 1665 1738 mox
1688 1707 1720 1737 in
1743 1705 1933 1738 aecclesiam
1956 1715 2029 1736 cum

395 1759 526 1789 summis
542 1758 689 1789 laudibus
705 1758 832 1796 ductus,
851 1759 956 1799 ipsum
975 1769 1102 1800 papam,
1117 1759 1222 1801 ipsum
1241 1759 1346 1801 capud
1364 1766 1508 1791 nostrum
1525 1769 1597 1790 cum
1613 1758 1785 1800 episcopis,
1802 1755 2029 1798 cardinalibus,

395 1809 528 1849 clericis,
559 1821 629 1840 cum
655 1808 801 1840 omnibus
825 1810 889 1840 fere
914 1809 1074 1841 nobilibus
1099 1810 1314 1842 Romanorum
1338 1811 1378 1842 de
1403 1810 1555 1842 cathedra
1577 1809 1734 1842 violenter
1756 1808 1870 1841 eduxit
1891 1813 1924 1841 et
1944 1809 2030 1851 cepit

396 1868 425 1892 et
449 1862 479 1892 iu
503 1862 647 1902 captione
671 1862 831 1892 artissima
853 1860 1002 1901 detinuit,
1030 1872 1151 1901 cruces,
1175 1862 1316 1894 turibula
1339 1868 1371 1894 et
1392 1863 1499 1893 omnia
1522 1862 1588 1893 fere
1611 1861 1817 1894 ecclesiarum
1842 1865 2031 1893 ornamenta

395 1924 412 1943 a
441 1912 629 1944 satellitibus
658 1913 725 1943 eius
755 1913 863 1943 invasa
893 1918 980 1951 sunt,
1012 1914 1197 1955 postpositis
1229 1915 1436 1945 sacramentis
1465 1919 1498 1946 et
1528 1913 1670 1945 dimissis
1703 1913 1881 1946 obsidibus.
1925 1912 2030 1955 Igitur

395 1975 487 2006 quam
512 1964 592 1995 male
615 1975 686 1995 eum
711 1965 844 2005 ceperit,
876 1975 971 2006 quam
997 1965 1076 1996 male
1102 1966 1266 2005 tenueritss,
1297 1971 1382 1997 totus
1416 1965 1553 1996 mundus
1583 1965 1682 1997 novit.
1728 1963 1892 2008 Compulit
1919 1964 2028 2006 itaque

315 1499 320 1515 ι
329 1499 335 1515 ι
344 1499 376 1521 ιι,

312 1527 375 1546 rubr.

503 2080 530 2104 a)
552 2079 695 2103 maiestatis
714 2079 812 2103 iuribus
829 2086 970 2110 perperam
988 2078 1048 2104 Seli.
1124 2080 1151 2111 b)
1173 2080 1233 2105 talis
1253 2083 1327 2113 patet
1346 2081 1485 2113 responsio
1502 2083 1564 2113 pose
1583 2087 1714 2112 super-scr.
1734 2088 1755 2105 c.
1837 2078 1862 2112 o)
1883 2079 1925 2105 De
1943 2078 1985 2104 his
2004 2087 2026 2106 ο.

395 2124 422 2153 d)
442 2125 510 2149 deest
531 2134 550 2149 c.
626 2125 650 2154 υ)
674 2125 758 2148 tenuit
778 2133 798 2149 c.

503 2223 529 2256 1)
558 2222 679 2247 {sidonis
701 2223 777 2255 «Ἰηέν.
802 2224 838 2248 ud
862 2222 1024 2257 archiepisc.
1050 2224 1214 2257 Alediolan„
1238 2225 1342 2251 Libelli
1363 2225 1396 2251 de
1419 2225 1465 2251 lite
1488 2225 1512 2258 Ι,
1532 2234 1564 2260 p.
1582 2225 1611 2251 5.
1726 2223 1756 2259 2)
1783 2224 1838 2251 Aut
1865 2223 1895 2250 in
1921 2223 2026 2258 synodo

399 2273 521 2298 Romanu
546 2283 572 2298 a.
595 2274 680 2300 1056.
705 2275 852 2307 velehraaea,
876 2278 923 2300 aut
946 2284 973 2301 α.
995 2275 1080 2301 1080.
1105 2275 1211 2302 habita.
1315 2276 1345 2311 3)
1368 2277 1401 2306 A,
1423 2276 1511 2308 1095,
1535 2276 1625 2304 Mart.
1646 2275 1735 2302 1-7.
1759 2275 1916 2308 οεὶεὸναίιη
1938 2274 2026 2309 ιῙαῙέ,

400 2325 465 2354 Has,
488 2328 561 2357 pant.
588 2325 665 2350 Ram.
689 2326 729 2350 ed.
755 2326 782 2357 2,
808 2326 829 2357 I,
853 2335 881 2359 p,
900 2326 969 2353 677.
1056 2326 1087 2362 4)
1112 2327 1335 2361 Claromontano,
1360 2337 1387 2355 α.
1409 2328 1497 2361 1095,
1522 2328 1596 2355 Nou.
1618 2327 1750 2354 18—28.
1833 2327 1863 2361 5)
1884 2327 1918 2354 A.
1936 2326 2027 2360 1099,

399 2376 486 2408 April.
583 2377 611 2402 (ἱ)
637 2376 774 2408 ([..1ηιι,
800 2377 978 2403 Ilildcsheu'm.
1002 2387 1029 2403 α.
1053 2379 1139 2405 1104.
1161 2380 1248 2405 1105.
1345 2379 1373 2414 7)
1399 2379 1443 2413 Cf.
1466 2380 1588 2407 Gerlioln'
1608 2380 1642 2406 de
1664 2378 1866 2414 Reicheruberq
1887 2378 1972 2405 Liber·
1992 2378 2028 2406 de

398 2427 520 2459 inu-estis).
551 2427 670 2453 Ann‘vhr.
697 2428 723 2459 I,
753 2438 775 2454 c.
793 2429 846 2461 26,
875 2429 917 2455 cd.
940 2429 1165 2463 Scheibelberyer
1190 2440 1219 2464 p.
1239 2431 1287 2457 60.
1420 2430 1449 2463 8)
1480 2431 1668 2465 Confluenliae
1694 2439 1722 2458 a.
1746 2431 1840 2464 1105,
1869 2430 1958 2464 Dec·,·
1987 2429 2026 2464 cf.

401 2478 487 2511 l·.'1›i'.‹⁴.
514 2478 639 2503 llaeinrici
663 2479 713 2507 11'.
737 2480 773 2505 (ια’
798 2479 953 2514 Philippum
981 2481 1001 2507 I.
1027 2490 1054 2509 a,
1074 2482 1162 2514 1106,
1186 2482 1268 2509 Febr.
1291 2482 1397 2516 ΜἀνΙἿ·
1421 2482 1508 2515 Jaffd,
1533 2483 1609 2510 Bibl.
1629 2482 1658 2516 V,
1678 2491 1708 2516 p.
1731 2482 1791 2509 242
1811 2491 1852 2518 eq.
1939 2481 1969 2517 9)
1991 2481 2026 2508 In

398 2532 488 2553 rastro
514 2530 677 2554 [ht-'sclelcim
700 2539 786 2563 prope
812 2531 939 2564 lt't‘nyam.
1066 2533 1114 2559 10)
1140 2532 1183 2565 CI.
1207 2533 1350 2566 vpt'slolssm
1376 2543 1464 2567 supra
1493 2537 1733 2561 commemoratam
1754 2534 1773 2561 l.
1789 2533 1809 2561 l.
1827 2542 1860 2568 p.
1877 2532 1948 2569 244,
1969 2541 2027 2568 qua

397 2583 493 2605 aun-tur
515 2580 600 2604 mmm
621 2581 678 2604 sim·
701 2582 782 2606 dubia
807 2591 868 2607 usus
892 2586 938 2608 est.
1019 2583 1066 2610 11)
1090 2583 1187 2610 ,Hense
1209 2584 1318 2610 Martio
1341 2594 1368 2611 α,
1389 2585 1477 2612 1106.
1559 2585 1606 2619 12)
1629 2585 1662 2613 A.
1682 2585 1772 2619 1106,
1796 2585 1823 2612 7.
1841 2585 1888 2612 dt’e
1909 2585 2025 2619 Aumat-

402 2631 447 2663 13)
473 2630 514 2662 (ἶν’.
543 2632 593 2665 l·.'p.
621 2632 748 2657 Iolmrmn's
772 2634 852 2665 quise.
880 2634 1029 2660 Tusculani
1051 2635 1193 2661 Ram-harda
1216 2636 1368 2662 albanensi
1396 2637 1488 2670 missa,
1519 2646 1600 2672 quam
1633 2639 1730 2664 auctor
1757 2639 1849 2663 noster
1871 2635 2026 2671 exscripsit,

402 2682 495 2707 Mami
520 2682 606 2713 XXI,
637 2684 686 2709 ml.
712 2684 848 2709 592633:
880 2684 930 2710 Ilis
959 2685 1046 2719 igitur
1075 2686 1207 2712 onmibus
1236 2687 1425 2713 sacramentis
1454 2696 1487 2714 cx
1514 2691 1636 2723 utraque
1663 2692 1746 2723 parte
1773 2687 1900 2723 peractis
1923 2690 1953 2715 et
1974 2687 2024 2715 ob-

400 2732 508 2758 sidit-us
532 2733 605 2758 datis
629 2742 689 2758 cum
715 2735 748 2759 :ul
774 2736 967 2761 coronandum
992 2745 1054 2762 eum
1079 2737 1114 2763 ad
1140 2737 1291 2764 ecclesiam
1316 2738 1394 2765 beati
1411 2738 1488 2765 Petri
1512 2748 1589 2774 papa
1613 2739 1712 2774 exiret,
1735 2738 1907 2775 postpositis
1929 2746 2025 2766 sacra-

400 2783 500 2809 nwntis·
529 2788 555 2809 ot
585 2784 707 2809 dimissis
737 2785 900 2817 obsidibus,
931 2796 993 2813 rum
1021 2787 1049 2813 iu
1079 2788 1143 2823 ipsa
1170 2789 1293 2815 ecclesia
1323 2798 1385 2816 cum
1416 2790 1561 2824 episcopis
1590 2794 1619 2817 et
1647 2791 1843 2818 cardinalibus
1873 2793 1902 2818 et
1928 2789 2025 2817 multis

400 2835 532 2860 Romania
550 2835 690 2861 riulvntvr
706 2837 779 2870 eupit
799 2842 823 2863 ct
843 2837 868 2862 iu
887 2839 1019 2872 raptione
1037 2840 1197 2866 arctissima
1213 2840 1331 2868 detinet.
1403 2841 1450 2871 14)
1467 2842 1499 2870 Α.
1516 2843 1605 2875 1111,
1623 2843 1705 2871 Febr.
1720 2843 1748 2869 4.
1812 2841 1863 2879 15)
1879 2843 1960 2873 Febr.
1976 2842 2025 2870 12·
