2132 3067
37 721 63 741 10

36 979 62 999 15

35 1237 61 1256 20

36 1496 62 1515 25

37 1758 64 1778 ³0

37 2016 64 2036 ³5

39 2310 68 2330 4⁰

601 158 718 184 LIBER
740 157 792 184 DE
816 157 973 184 HONORE
996 157 1213 184 ECCLESIAE.
1668 153 1729 183 623

83 247 258 279 aecclesiae
296 246 416 278 nullum
456 248 504 278 ius
538 247 588 278 vel
622 247 812 285 dominium,
850 246 900 277 vel
939 246 1138 277 investiendo
1173 246 1224 276 vel
1258 245 1320 276 alio
1355 245 1461 288 aliquo
1496 245 1592 276 modo
1616 256 1650 275 se
1685 246 1729 276 in-

83 298 223 341 gerendo
258 298 375 330 habere
406 298 533 331 debent.
589 298 838 329 Emendandum
870 303 917 328 est
951 299 1048 339 igitur
1090 298 1175 339 quod
1214 302 1324 328 contra
1362 308 1499 328 canones
1535 303 1565 327 et
1600 296 1729 327 decreta

83 355 264 381 sanctorum
299 355 427 392 patrum
469 350 514 380 eis
554 360 741 380 concessum
785 349 884 380 fuisse
923 361 940 380 a
976 349 1170 391 quibusdam
1211 351 1373 381 asseritur.
1424 350 1579 388 Quamvis
1619 348 1727 379 multi·

83 402 192 433 dicant
223 400 338 432 melius
374 412 443 432 esse
483 401 569 443 quod
609 400 760 442 quidam³
796 401 897 431 sancti
940 400 1105 442 apostolici
1140 401 1325 442 imperatori
1358 406 1585 432 concesserunt
1626 411 1733 441 opser-

84 465 157 485 vare
194 458 225 484 et
262 454 293 483 in
332 463 412 494 pace
450 463 522 482 cum
560 462 598 482 eo
637 453 814 493 quiescere,
854 452 928 493 quia
966 463 1025 482 nec
1063 453 1231 483 sanctitate
1268 463 1327 483 nec
1363 452 1496 483 scientia
1531 452 1611 482 ullus
1650 462 1731 482 11101·-

83 504 192 536 talium
218 505 274 543 eis,
298 505 353 546 qui
377 504 436 534 hoc
460 509 697 542 concesserunt,
726 503 858 545 aequari
888 508 1009 544 potest:
1044 509 1149 534 tamen
1180 515 1234 534 eos
1262 503 1439 535 audiendos
1470 515 1533 534 non
1562 515 1631 534 esse
1662 504 1732 545 ipsa

82 557 163 588 ratio
188 556 315 587 elamat.
370 555 465 586 Hanc
488 555 572 586 enirn
597 566 709 596 pacem
734 566 797 585 non
822 565 891 585 esse
915 554 1012 595 illam,
1040 566 1135 596 quam
1161 555 1322 585 Dominus
1352 555 1417 594 (lat,
1447 556 1650 586 manifestum
1675 559 1732 585 est.
1754 563 1901 587 Mammas.

82 609 138 639 Ait
174 608 258 639 enim
297 608 383 649 ipse:
425 606 540 638 Gratis
578 608 761 648 accepistis,
805 607 913 648 ymnis
951 607 1036 647 (late,
1073 606 1228 647 apostolis
1271 607 1391 648 utique.
1452 607 1561 638 Sancti
1604 606 1732 637 autemh

82 659 219 702 apostoli
243 657 444 690 solummodo
474 658 539 688 suis
563 657 806 688 successoribus
839 657 921 688 hanc
945 663 1135 698 potestatem
1160 657 1286 688 dedisse
1310 658 1515 689 manifestum
1542 663 1599 690 cst.
1646 658 1734 698 Ergo

81 711 135 754 qui
166 711 248 742 hanc
276 714 468 752 potestatem
494 708 695 740 secularibus
725 708 837 740 tribuit
868 710 1035 740 manifeste
1066 715 1177 740 contra
1202 710 1262 740 Dei
1295 709 1468 740 mandatae
1492 711 1570 747 agit.
1616 710 1733 740 Emen-

82 763 222 794 dandum
247 769 295 793 est
317 762 425 803 igitur.
471 761 566 800 Quod
590 766 697 791 autem
721 767 849 791 sanctus
874 761 1034 792 Adrianus
1059 761 1119 792 boc
1143 762 1258 792 fecisse
1283 766 1430 791 narratur
1441 767 1461 800 ²,
1490 762 1514 791 si
1539 773 1651 792 verum
1675 766 1734 799 est,

83 820 138 846 aut
159 825 224 845 non
251 825 289 845 ea
312 813 490 844 intentione
513 812 597 851 fecit,
627 823 690 854 qua
720 813 773 843 isti
801 813 1009 851 contendunt,
1040 819 1095 844 aut
1125 813 1220 844 sicuti
1252 812 1371 843 homini
1405 820 1585 855 surreptum
1617 818 1665 844 est
1695 814 1733 843 ei.

83 866 169 906 Quid
194 872 300 897 autem
324 865 452 903 mirum,
476 864 502 894 si
527 864 622 895 beato
646 864 789 895 Adriano
813 865 928 905 surripi
954 865 1068 906 potuit,
1098 875 1169 895 cum
1195 870 1226 895 et
1251 864 1434 896 beatissimo
1458 865 1552 895 Petro
1580 865 1639 895 hoc
1663 876 1733 895 eve-

81 919 177 955 nisse,
201 918 295 949 etiam
320 921 492 958 postquam
518 916 641 957 Spiritu
665 922 775 946 sancto
799 916 1006 947 confirmatus
1031 922 1088 955 est,
1113 915 1268 956 legamus.
1314 916 1394 946 Nam
1420 922 1499 947 teste
1525 917 1616 947 beato
1635 917 1733 947 Paulo
1755 924 1902 949 emal-2514·

81 970 196 1001 timens
222 969 339 1000 Iudeos
362 968 511 1009 exemplo
542 978 599 998 suo
623 968 742 998 etiamd
766 973 878 1008 gentes
910 967 1072 998 iudaizare
1100 969 1246 1008 cogebat.
1292 968 1351 998 Cui
1379 974 1508 999 sanctus
1534 968 1652 999 Paulus
1676 979 1734 998 nec

82 1021 123 1053 ad
147 1022 256 1052 horam
281 1020 388 1058 cessit,
412 1025 447 1050 ut
463 1020 581 1050 veritas
604 1019 764 1060 euangelii
788 1019 873 1060 apud
898 1031 954 1050 nos
973 1025 1184 1061 permaneret.
1230 1019 1280 1050 Ita
1304 1024 1334 1050 et
1358 1020 1556 1061 praesentise
1581 1020 1735 1061 temporis

83 1072 265 1104 sacerdotes
288 1082 385 1113 agere
405 1070 525 1102 debent
548 1072 580 1101 in
604 1071 662 1102 hac
685 1082 728 1110 re,
753 1071 829 1113 quia
852 1076 898 1102 tot
922 1076 953 1102 et
975 1076 1065 1102 tanta
1089 1070 1173 1101 mala
1196 1071 1314 1102 exinde
1332 1071 1537 1112 pullularunt,
1561 1076 1606 1110 ut,
1631 1072 1656 1101 si
1681 1082 1735 1102 cor

82 1125 167 1156 beati
192 1123 326 1154 Adriani
351 1123 401 1154 vel
425 1122 558 1153 aliorum
584 1129 765 1154 sanctorum
792 1123 980 1164 pontificum
1010 1123 1210 1164 inspicimus,
1241 1122 1363 1164 liquido
1388 1123 1554 1153 videamus
1585 1128 1657 1154 ante
1681 1134 1734 1154 eos

81 1176 226 1218 potuisse
249 1174 368 1217 eligere
391 1180 537 1212 mortem,
561 1186 657 1216 quam
682 1174 756 1205 huic
780 1175 836 1215 rei,
861 1175 886 1205 si
911 1174 1100 1216 praevidere
1125 1175 1314 1216 potuissent,
1337 1174 1545 1216 aliquomodo
1569 1186 1733 1206 assensum

82 1227 280 1259 dedissent-³¹.

187 1279 239 1310 Ex
262 1278 322 1309 hac
344 1279 428 1310 enim
453 1289 487 1309 re
512 1277 595 1309 male
618 1278 730 1308 confisi
749 1278 912 1319 principes
936 1277 1034 1309 seculi
1052 1284 1202 1319 putantes
1226 1278 1404 1309 secundum
1429 1289 1518 1309 suam
1537 1278 1733 1309 voluntatem

81 1331 132 1363 vel
162 1331 333 1362 utilitatem
365 1341 398 1361 se
430 1340 524 1371 posse
555 1329 712 1360 dominari
744 1329 938 1370 aecclesiae,
974 1336 1005 1361 et
1035 1341 1099 1360 non
1131 1335 1255 1360 tantum
1286 1341 1344 1371 pro
1376 1330 1560 1361 defensione
1590 1329 1733 1361 eiusdem

82 1383 142 1415 sibi
167 1383 275 1414 istuds
298 1382 366 1413 fore
383 1392 573 1413 concessum
583 1387 605 1417 ἕ,
630 1392 692 1411 non
710 1380 812 1411 solum
830 1381 964 1422 clericis,
989 1381 1044 1413 sed
1061 1382 1157 1413 etiam
1182 1381 1273 1412 laicis
1290 1382 1467 1412 secundum
1492 1393 1584 1412 suum
1610 1381 1734 1412 libitum

81 1447 150 1467 eam
176 1434 252 1465 dare
276 1445 339 1464 non
363 1434 547 1465 timuerunt.
593 1433 679 1472 Quin
704 1433 799 1463 etiam
829 1439 860 1464 et
883 1434 986 1474 pretio
1011 1439 1146 1475 accepto
1178 1434 1347 1475 episcopos
1370 1433 1421 1464 vel
1444 1433 1579 1464 abbates
1609 1435 1640 1463 in
1665 1444 1734 1463 aec-

82 1486 213 1518 clesiam
243 1485 447 1516 introducere
470 1485 565 1516 veriti
595 1495 657 1515 non
681 1491 765 1525 sunt,
796 1486 982 1526 factumque
1007 1490 1085 1525 0514,
1114 1491 1148 1516 ut
1179 1496 1241 1516 non
1272 1485 1374 1516 solum
1400 1487 1606 1527 symoniacae
1630 1485 1734 1516 heresi

83 1538 234 1581 publiceh
258 1537 468 1574 deservirent,
492 1536 548 1568 sed
573 1537 668 1568 etiam
693 1536 860 1575 avaritiae,
884 1547 967 1578 quae
991 1536 1236 1568 simulacrorum
1262 1538 1398 1568 servitus
1421 1537 1462 1567 ab
1480 1536 1626 1578 apostolo
1651 1548 1734 1567 com-
1755 1548 1864 1572 001.s,5.

83 1590 248 1633 probatur.
293 1589 344 1620 De
362 1589 421 1620 hac
444 1593 550 1619 autem
568 1588 829 1630 praesumptione
853 1587 952 1619 multa
976 1594 1006 1620 et
1023 1589 1153 1619 diversa
1177 1589 1261 1619 mala
1285 1589 1316 1619 in
1340 1590 1471 1620 sanctai
1494 1589 1554 1619 Dei
1579 1588 1735 1619 aecclesia

83 1647 291 1680 emerserunt,
315 1641 360 1672 ita
383 1646 416 1671 ut
440 1642 471 1671 in
496 1639 603 1671 multis
626 1639 792 1671 aecclesiis
818 1640 881 1670 duo
905 1640 1049 1682 episcopi
1075 1646 1106 1671 et
1130 1640 1193 1671 duo
1217 1640 1350 1672 abbates
1374 1642 1604 1672 invenirentur.
1639 1641 1733 1672 Unde

83 1695 203 1726 factum
228 1698 285 1734 est,
308 1694 374 1732 utk,
397 1693 479 1723 sicut
504 1693 617 1724 beatus
643 1692 820 1733 Gregorius
844 1692 883 1722 de
908 1691 1050 1733 Symone
1074 1694 1153 1723 ait⁵:
1188 1693 1264 1723 Ideo
1288 1694 1399 1734 utique
1425 1693 1543 1723 volebat
1567 1704 1676 1731 emere,
1701 1698 1735 1723 ut

80 1747 179 1788 peius
202 1745 360 1784 venderet,
393 1755 504 1775 omnes
527 1744 667 1775 minores
691 1742 866 1775 aecclesiae
889 1744 1007 1784 passim
1041 1755 1102 1774 non
1128 1743 1241 1783 solum,
1273 1749 1308 1775 ut
1334 1744 1487 1784 diximus,
1512 1744 1646 1782 clericis,
1678 1744 1733 1775 sed

84 1798 179 1829 etiam
203 1797 303 1836 laicis,
326 1796 430 1827 adhuc
454 1796 596 1837 insuper,
620 1794 707 1838 quod
731 1795 818 1826 dictu
842 1795 931 1826 nefas
956 1801 1013 1834 est,
1038 1797 1069 1826 in
1088 1795 1281 1838 quibusdam
1306 1794 1384 1826 locis
1406 1796 1502 1826 etiam
1520 1796 1647 1826 feminis
1671 1795 1731 1826 ab'

83 1849 245 1891 episcopis
268 1847 524 1879 vendebantur-⁰.
570 1847 698 1886 Quibus
721 1857 793 1878 cum
817 1847 977 1878 diceretur
1008 1847 1190 1878 ‘aecclesias
1215 1847 1308 1878 nobis
1332 1847 1471 1878 vendere
1502 1858 1564 1877 non
1589 1847 1734 1885 debetis’,

82 1901 260 1931 nescientes
289 1909 372 1942 quae
395 1898 610 1941 loquebantur
639 1910 743 1940 neque
774 1898 814 1930 de
847 1898 963 1941 quibus
994 1899 1193 1930 affirmarent
1215 1899 1367 1930 dicebant
1395 1910 1427 1930 se
1451 1904 1578 1940 terram,
1611 1904 1642 1930 et
1672 1909 1734 1929 non

85 1951 276 1983 aecclesiam
307 1949 487 1989 vendere⁷;
519 1961 591 1981 cum
622 1952 723 1981 sancti
752 1956 868 1992 patres,
900 1952 993 1982 sicuti
1026 1952 1176 1992 superius
1207 1950 1315 1981 multis
1345 1956 1375 1981 et
1405 1952 1503 1981 variis
1535 1950 1735 1981 documentis

84 2003 303 2046 probavimus,
337 2013 395 2044 per
419 2001 576 2044 Spiritum
605 2007 751 2033 sanctum
783 2002 950 2045 loquentes
974 2003 1176 2044 apertissime
1206 2002 1375 2041 affirment,
1411 2003 1514 2044 quiam
1544 2002 1733 2033 aecclesiam

84 2055 197 2087 vendit
228 2055 283 2097 qui
306 2055 412 2086 officia
435 2053 674 2086 aecclesiastica
696 2054 836 2086 vendere
867 2054 917 2086 vel
942 2056 1093 2086 investire
1122 2065 1180 2096 pro
1205 2065 1263 2084 suo
1288 2054 1457 2085 commodo
1484 2053 1533 2085 vel
1555 2053 1658 2095 gloria
1681 2054 1735 2085 ali-

86 2107 248 2150 quomodo
272 2107 458 2148 praesumit,
487 2112 518 2137 et
549 2106 604 2148 qui
635 2105 695 2136 hoc
719 2107 796 2148 agit,
828 2107 984 2149 Spiritum
1009 2111 1165 2144 sanctum,
1198 2110 1351 2148 quantum
1383 2105 1423 2136 ad
1455 2117 1488 2136 50
1517 2111 1574 2146 est,
1604 2107 1734 2148 utiquen

86 2158 206 2190 vendit.
252 2158 304 2189 Ex
326 2158 386 2189 hac
408 2163 515 2189 autem
540 2158 710 2200 iniquitate
734 2157 882 2190 turbatae
912 2164 943 2190 et
966 2158 1122 2200 spoliatae
1151 2162 1225 2188 sunt
1248 2157 1433 2197 aecclesiae,
1461 2162 1491 2188 et
1515 2157 1635 2189 Christi
1659 2169 1736 2199 pau-

87 2221 179 2252 peres
203 2210 317 2252 rapina
332 2209 489 2240 malorum
506 2209 670 2241 hominum
694 2209 771 2241 facti
792 2215 875 2251 sunt,
899 2210 1074 2241 homicidia
1092 2209 1192 2240 multa
1209 2214 1335 2250 patrata
1344 2215 1366 2249 ⁸,
1390 2209 1490 2240 fames
1515 2209 1610 2239 etiam
1628 2208 1736 2240 valida

199 2306 227 2338 a)
247 2306 388 2339 apostolici
410 2306 483 2336 udat,
504 2306 550 2331 sect
570 2306 621 2331 del.
642 2306 718 2330 Bea.
814 2306 843 2338 b)
864 2307 935 2332 deest
956 2307 1036 2336 132²st
1057 2308 1143 2338 apost.
1165 2309 1253 2329 autem
1276 2302 1350 2329 32¹³.
1440 2306 1465 2336 c)
1488 2306 1653 2330 voluntatem
1675 2305 1734 2330 Biz.

87 2353 114 2385 d)
137 2353 208 2377 deest
228 2353 253 2377 B
266 2354 289 2376 1.
347 2352 373 2382 ε)
393 2353 524 2384 inpsentis
546 2352 570 2376 B
583 2353 605 2377 1.
662 2353 682 2382 f)
702 2352 768 2377 illud
790 2350 867 2376 Beb.
925 2353 952 2385 g)
975 2360 1134 2377 consensum
1156 2351 1216 2375 131.
1229 2348 1270 2376 2¹³.
1330 2351 1359 2377 h)
1380 2352 1485 2383 publice
1507 2351 1532 2375 Β
1546 2353 1568 2376 l.
1626 2352 1644 2381 i)
1669 2352 1734 2376 eccl.

89 2399 115 2424 d.
136 2408 156 2424 s.
177 2399 238 2423 ΒΞ.
324 2399 352 2430 k)
376 2399 446 2431 quod
467 2407 534 2424 corr.
554 2407 586 2423 ex
605 2402 635 2423 ut
654 2398 735 2429 Bea;
757 2399 826 2431 quod
848 2396 923 2423 Bsb.
1006 2399 1024 2431 l)
1046 2399 1078 2422 ab
1101 2399 1182 2430 episc.
1203 2397 1258 2422 des,
1280 2397 1341 2421 Be.
1424 2398 1462 2429 m)
1483 2398 1545 2430 quia
1565 2399 1608 2430 qui
1626 2398 1690 2423 eccl.
1711 2406 1734 2421 v.

89 2446 150 2478 quia
169 2445 195 2469 B
207 2445 231 2470 2.
306 2446 336 2474 11)
357 2444 428 2469 deest
449 2444 510 2470 Be.

198 2519 226 2554 1)
243 2520 292 2547 Sic
307 2520 358 2546 Ivo
377 2519 554 2546 carnotensis
572 2520 602 2546 in
619 2521 697 2554 epist.
715 2520 753 2546 ad
770 2520 968 2546 loscerannnm
991 2520 1079 2552 insi-a.
1111 2520 1142 2546 S.
1231 2519 1260 2553 2)
1286 2518 1330 2551 Cf,
1347 2518 1425 2544 Wido
1441 2520 1568 2551 Ferrar„
1593 2519 1696 2545 Libelli
1711 2520 1734 2551 I,

43 2580 71 2600 45
86 2581 118 2606 p.
135 2571 214 2605 565,·
237 2581 263 2599 v.
286 2580 375 2606 supra
398 2581 421 2598 c.
442 2572 510 2597 103.
640 2572 670 2605 3)
698 2572 800 2605 Aperte
822 2571 958 2597 Placidus
984 2572 1022 2597 ad
1042 2570 1222 2605 privilegium
1245 2570 1428 2597 investiturae
1451 2580 1469 2597 α
1492 2570 1626 2597 ΡαεοΙιαΖὶ
1648 2571 1735 2596 Hein-

90 2623 149 2649 rico
170 2622 201 2650 V.
218 2631 375 2650 concessum
397 2623 528 2657 respicit,·
552 2624 666 2649 eandem
688 2622 851 2649 sententiam
869 2623 1051 2657 prosequitur
1071 2622 1236 2656 Gotefridus
1259 2622 1346 2649 abbas
1368 2622 1481 2650 Vindoc.
1505 2622 1535 2648 in
1558 2623 1675 2656 epistola
1699 2622 1738 2648 ad

92 2674 254 2702 Paschatem
278 2675 346 2701 data
376 2673 407 2707 (l.
424 2674 448 2707 I,
473 2674 552 2708 epist.
579 2674 604 2707 7,
635 2675 678 2701 ed.
701 2674 845 2707 Sirm071d‚
880 2674 973 2708 Opera
996 2674 1055 2707 III,
1087 2674 1138 2701 cot.
1157 2673 1334 2700 634—640
1364 2678 1387 2700 et
1410 2673 1514 2708 infra),
1546 2674 1595 2707 qui
1623 2677 1646 2700 et
1676 2673 1736 2707 ipse

93 2725 243 2760 exemplum
267 2725 345 2752 Petri
373 2729 397 2751 et
420 2725 506 2752 Pauli
523 2725 645 2759 profert,
676 2726 748 2752 unde
771 2735 807 2752 an
832 2725 966 2751 Placidus
992 2725 1043 2752 lzas
1065 2725 1175 2752 litteras
1197 2726 1357 2759 coqnoverit
1379 2726 1482 2753 nescim
1515 2725 1547 2752 S.
1635 2725 1666 2759 4)
1691 2725 1735 2757 Os.

93 2777 190 2804 lvonis
212 2778 290 2811 epist.
307 2777 345 2803 ad
362 2777 507 2812 Huyonem
529 2777 608 2810 infra
629 2786 659 2811 p.
678 2777 749 2805 644.
821 2777 849 2811 5)
874 2777 957 2804 Hom.
981 2777 1009 2803 z'n
1033 2786 1131 2812 evanq,
1153 2777 1178 2810 I,
1202 2777 1273 2804 hom.
1291 2777 1318 2810 4,
1343 2787 1366 2805 e.
1383 2777 1410 2810 4,
1439 2777 1509 2811 Opp.
1526 2777 1550 2810 I,
1574 2777 1626 2803 col.
1648 2776 1735 2805 1440,

47 2837 74 2856 50
96 2827 125 2862 6)
150 2827 193 2861 Of.
211 2828 392 2854 Humbertum
408 2828 466 2861 III,
491 2838 514 2856 c.
530 2829 577 2861 12,
601 2829 620 2856 l.
637 2829 655 2855 l.
677 2838 707 2863 p.
726 2829 796 2856 21‘2.
827 2828 860 2855 S.
933 2828 962 2862 7)
984 2828 1060 2857 [bid.
1082 2838 1106 2856 c.
1122 2829 1147 2861 1,
1172 2829 1190 2855 Z.
1207 2829 1225 2856 l.
1244 2838 1276 2863 p.
1293 2829 1361 2855 198.
1380 2829 1448 2855 199.
1526 2828 1555 2862 8)
1581 2828 1624 2861 Cf.
1642 2827 1737 2853 lvonis

96 2879 173 2914 epist.
191 2880 229 2906 ad
241 2879 389 2914 Huqonem
404 2879 484 2913 infra
496 2889 527 2915 p.
543 2880 619 2906 645.-
635 2880 765 2908 videmus
782 2900 789 2907 .
803 2900 810 2907 .
825 2899 831 2907 .
848 2879 988 2914 plurimos
1005 2883 1101 2906 autem
1113 2883 1241 2913 vexatos,
1258 2880 1397 2915 plurimas
1414 2879 1570 2906 aecclesias
1587 2878 1736 2913 spoliatas,
