2132 3067
310 176 313 178 -
348 157 389 187 20
747 155 900 183 LIBELLI
924 153 1119 182 BERNALDI
1142 153 1378 181 PRESBYTERI
1401 151 1588 180 MONACHI.

175 361 253 380 LTim.
266 363 321 380 19:51.

346 247 561 289 blasphemias
593 246 649 277 tibi
679 245 799 276 directa
828 255 890 274 non
922 241 1178 274 remaledicendo
1209 241 1266 272 tibi
1296 240 1446 272 talionem
1477 240 1628 280 reddidit,
1656 240 1713 288 sed
1736 246 1771 272 tu
1794 247 1929 283 tantum,
1952 249 1988 274 ut

344 299 493 337 amicum,
517 309 533 328 a
559 296 764 338 blasphemiis
790 306 850 326 non
876 293 963 329 mihi,
993 293 1048 324 sed
1071 293 1196 324 tibimet
1216 292 1277 333 ipsi
1301 291 1595 333 perniciosissimis,
1627 303 1831 335 compescere
1855 293 1987 334 studujt.

346 349 457 380 l'rocul
487 348 585 379 dubio
616 348 698 378 enim
732 347 816 386 novi,
846 345 932 387 quod
963 345 1068 387 ipsum
1101 355 1158 375 vas
1189 343 1355 375 electionis
1385 342 1514 382 Paulus,
1543 354 1600 385 per
1623 354 1717 386 quem
1746 343 1890 386 loquitur
1917 345 1986 387 ipse

344 400 498 439 Christus,
524 399 697 430 maledicos
722 397 887 428 tradiderit
911 402 1029 436 satane,
1059 401 1093 427 ut
1115 395 1275 426 discerent
1298 405 1360 425 non
1385 393 1620 436 blasphemare.
1666 395 1759 426 Patet
1788 396 1886 437 igitur
1908 397 1986 428 satis
2035 436 2037 439 .

343 451 517 489 evidenter,
549 451 619 492 quis
651 455 757 490 caput,
789 449 886 479 immo
919 448 990 489 quis
1014 458 1139 478 summa
1161 446 1257 478 fuerit
1283 445 1376 477 huius
1401 445 1547 483 iniuriae,
1571 451 1603 477 et
1625 456 1722 488 quam
1747 446 1891 478 indebite
1914 458 1986 479 mea
2004 462 2019 481 5

342 503 460 543 scripta
485 512 503 532 a
535 503 597 532 tuis
621 507 774 531 vocentur
802 499 971 538 maledica,
1003 509 1085 540 quae
1117 505 1146 529 te
1169 508 1188 528 a
1212 497 1425 528 convitiorum
1451 497 1603 538 voragine
1627 508 1684 539 per
1708 499 1906 530 caritativam
1931 499 1984 531 ad-

343 553 548 583 monitionem
579 551 748 582 voluerunt
779 562 938 582 revocare.
983 550 1053 581 Non
1085 555 1191 580 autem
1219 548 1317 580 modo
1341 554 1389 580 est
1411 549 1637 590 necessarium,
1669 554 1704 580 ut
1726 554 1779 580 et⁸
1802 549 1898 581 huius
1921 551 1987 593 epi-

341 604 440 635 stolae
458 603 600 644 singulas
624 614 686 633 non
703 602 775 633 dico
792 603 940 641 rationes,
964 601 1020 632 sed
1045 600 1327 642 pronunciationes
1351 610 1547 641 expugnem,
1571 611 1651 642 quas
1675 601 1707 631 in
1729 599 1890 642 prioribus
1906 602 1986 633 meis

341 655 482 697 epistolis
507 654 724 686 indubitanter
739 652 935 692 annullat-1¹¹,
960 653 1125 694 inquibus
1149 662 1251 683 meam
1277 651 1527 682 admonitionem
1545 650 1767 683 rationabilem
1792 659 1824 684 et
1839 653 1986 694 amicam,

340 713 490 747 tuamque
515 705 756 746 ieseiiptionem
774 703 831 736 tibi
849 705 1074 746 perniciosam,
1097 703 1239 745 mihique
1255 702 1519 745 contumeliosam
1539 693 1791 736 evidentissimis
1807 704 1986 736 rationibus
2006 719 2034 738 10

340 757 473 799 probat
467 768 484 798 1,
509 767 642 798 quarum
668 762 700 787 tu
725 766 783 786 nec
807 755 950 786 ultimam
976 755 1007 785 in
1032 754 1091 785 hac
1115 754 1250 796 epistola
1273 742 1473 785 destruxisti.
1512 754 1572 785 His
1594 755 1693 796 igitur
1715 755 1986 797 immesiagabiliter

340 809 493 850 probatis,
516 808 669 839 ulteriusc
694 807 750 839 tibi
774 806 968 848 respondere
993 807 1106 838 merito
1130 805 1377 845 detrectaremd,
1401 806 1426 836 si
1451 816 1514 836 non
1538 811 1612 836 tuae
1636 807 1761 838 caritati
1786 812 1817 838 et
1839 807 1899 839 hac
1915 808 1986 840 vice

341 871 458 890 morem
491 871 600 901 gerere
631 858 834 897 destinarem,
865 859 985 900 quippe
1016 863 1104 889 utet
1134 857 1165 887 in
1190 857 1269 889 hace
1301 862 1356 888 tua
1379 856 1515 898 epistola
1545 857 1624 900 quid
1653 862 1738 889 tuam
1770 859 1983 891 eruditionem

340 916 490 953 tuamque
515 910 699 951 religionem
725 909 877 941 dedeceat
905 920 953 940 me
977 908 1035 940 tibi
1060 907 1196 939 fideliter
1220 908 1362 939 indicare
1387 919 1450 939 non
1474 908 1593 940 tedeat.
1679 909 1717 941 In
1740 910 1984 953 primis.itaque

340 963 412 993 volo
443 969 472 994 te
503 963 594 999 scire,
622 962 879 992 circumstantias
909 960 1071 991 rethorum
1105 960 1178 990 huie
1207 966 1316 991 nostro
1345 961 1473 1001 negotio
1497 971 1561 992 nou
1584 966 1777 1003 competere,
1801 973 1843 993 ex
1865 963 1984 1006 quibus
2005 974 2033 994 ιε»

338 1020 480 1044 oratores
504 1014 628 1055 tingunt
652 1024 725 1044 suas
749 1014 957 1050 coniecturas,
981 1023 1044 1042 non
1069 1017 1132 1042 tam
1157 1011 1196 1043 de
1219 1012 1364 1050 veritate,
1388 1022 1483 1053 quam
1507 1011 1547 1044 de
1570 1012 1849 1046 verisimilitudine
1872 1025 1983 1046 curan·

339 1071 394 1095 tes.
435 1064 522 1095 Haec
545 1066 628 1096 enim
655 1071 763 1095 nostra
787 1075 883 1095 eausa
907 1064 1013 1105 potius
1035 1064 1074 1093 ad
1097 1062 1199 1094 thesin
1214 1069 1233 1103 Ι,
1258 1073 1353 1105 quam
1373 1063 1418 1096 ad
1439 1063 1611 1106 ypotliesin
1635 1065 1795 1106 pertinere
1824 1071 1982 1106 censetur,

339 1128 395 1146 nee
428 1115 593 1147 tractanda
622 1122 669 1158 est
701 1127 758 1157 per
782 1115 986 1147 verisimilem
1015 1120 1176 1158 oratorum
1201 1114 1377 1156 suadelam,
1400 1115 1456 1146 sed
1479 1126 1538 1157 per
1560 1115 1821 1158 inrefragabilem
1845 1116 1984 1160 philoso-

338 1168 472 1209 pilorum
498 1167 812 1198 dCIllODStl'athllelss.

443 1218 531 1249 Dicis
563 1219 659 1259 igitur
690 1220 720 1249 in
749 1218 886 1260 epistola
916 1224 970 1249 tua
1002 1217 1171 1249 Sozomeni
1205 1217 1530 1260 capitulum-iccirco
1560 1219 1618 1250 tibi
1647 1220 1843 1250 autenticum
1866 1219 1982 1260 videri,
2002 1231 2030 1250 20

336 1271 409 1311 quia
441 1276 526 1301 certo
558 1269 627 1300 loeo
658 1277 687 1301 et
718 1276 862 1312 tempore
893 1281 911 1300 a
943 1269 1087 1312 probatis
1116 1270 1260 1310 personis
1289 1269 1330 1300 sit
1357 1270 1536 1307 recitatum,
1566 1271 1723 1312 script-um
1753 1276 1850 1313 atque
1877 1275 1981 1302 trans-

335 1320 449 1361 latum;
474 1321 528 1352 sed
555 1321 671 1352 falleris
696 1322 726 1351 in
750 1321 809 1352 hac
834 1321 1073 1362 consequentia.
1111 1320 1194 1351 'Num
1213 1321 1296 1351 enim
1315 1322 1520 1362 categoriae²
1545 1322 1691 1363 precipui
1715 1321 1857 1353 doctoris
1873 1323 1982 1364 Augu-

337 1373 409 1403 stini
440 1373 607 1414 ipsiusque
639 1374 815 1414 scriptums
839 1373 878 1403 dc
902 1372 1056 1404 electione
1082 1371 1180 1403 Iacob
1212 1378 1243 1403 et
1266 1368 1492 1414 reprobatione
1518 1373 1604 1404 Esau
1633 1373 1694 1404 exf
1721 1373 1865 1416 epistolis
1889 1373 1982 1406 Pauli

336 1423 376 1455 ab
401 1423 508 1465 aliquo
533 1424 599 1454 sani
624 1425 738 1466 capitis
762 1425 961 1466 recipiuntur
983 1435 1040 1466 pro
1055 1423 1260 1466 autenticis?
1305 1424 1396 1463 Quae
1426 1429 1533 1455 tamen
1565 1430 1651 1456 certo
1682 1424 1751 1456 loco
1783 1430 1815 1457 et
1837 1431 1982 1468 tempore

337 1486 377 1506 ex
408 1486 545 1517 persona
574 1474 800 1516 probatissima
831 1487 894 1506 non
925 1475 1114 1507 dubitantur
1143 1475 1314 1517 descripta,
1338 1480 1378 1506 c'x
1403 1474 1520 1518 quibus
1545 1476 1746 1518 cathegorias
1769 1476 1874 1508 nullus
1899 1477 1982 1509 bene
2001 1490 2030 1510 25

336 1537 432 1557 sanus
449 1527 616 1557 autenticis
633 1526 894 1558 annumerabitl':
918 1527 1051 1558 alterum
1070 1534 1176 1558 autem
1202 1527 1354 1568 seriptum
1380 1527 1462 1558 idem
1488 1527 1601 1559 doctor
1623 1529 1657 1558 in
1679 1527 1761 1559 libro
1785 1529 1982 1560 retractatio·
2029 1565 2035 1570 ⁸

336 1582 432 1608 numi
462 1577 632 1620 repudiare
660 1589 722 1609 non
753 1579 888 1610 erubuit.
936 1579 1206 1620 Ilaee‚·inquam‚
1237 1585 1268 1610 et
1297 1578 1359 1609 alia
1390 1578 1572 1610 huiusmodi
1604 1579 1781 1621 predictam
1811 1579 1982 1612 destruunt
2011 1579 2016 1583 ”

337 1629 608 1670 consequentiam,
656 1629 748 1661 Unde
777 1641 847 1660 cum
881 1630 1049 1661 Sozomeni
1082 1636 1178 1671 eaput
1202 1629 1350 1666 ‚nondum
1383 1641 1452 1661 esse
1480 1632 1676 1662 autenticum
1706 1630 1891 1673 probasses,
1921 1642 1980 1664 nee

337 1692 393 1722 per
418 1680 477 1711 hoc
500 1680 636 1722 probare
663 1681 802 1722 potuisti,
834 1688 867 1712 ut
887 1693 934 1717 ¹eo
966 1688 1094 1723 recepto
1125 1677 1168 1712 nil
1193 1692 1211 1712 a
1235 1692 1312 1712 sana
1335 1681 1481 1713 doctrina
1505 1681 1680 1714 deviasses.
1781 1682 1984 1714 Absurdissi-

301 1762 305 1766 ,
336 1743 421 1762 inum
447 1738 551 1763 autem
576 1732 711 1771 videtur,
741 1733 824 1774 quod
849 1733 990 1774 denegas
1020 1740 1049 1764 te
1073 1732 1194 1775 aliquid
1222 1734 1364 1775 perversi
1390 1733 1449 1764 sub
1473 1733 1585 1766 eodem
1610 1734 1714 1776 capite
1737 1734 1983 1776 dogmatizasse,
2001 1747 2030 1766 so

337 1794 408 1814 cuin
433 1783 633 1814 iamdudum
652 1795 742 1814 meac
766 1784 875 1815 literae
899 1784 982 1815 idem
1009 1785 1111 1826 ipsum
1131 1790 1228 1826 caput
1251 1790 1314 1816 tam
1340 1784 1610 1826 inrefragabiliter
1628 1786 1838 1827 probaverint
1853 1797 1981 1829 perver-

336 1846 423 1866 sum:
447 1836 566 1877 quippe
584 1834 780 1876 euangelicis
797 1842 827 1867 et
843 1835 1026 1877 apostolicis
1045 1837 1233 1877 scripturisss
1249 1842 1346 1878 atque
1368 1844 1549 1868 sanctorum
1573 1842 1699 1878 patrum
1724 1838 1851 1869 statutis
1870 1837 1982 1869 adver-

336 1897 416 1918 sum.
505 1887 635 1918 Frustra
657 1888 806 1929 quoque¹¹
831 1888 1027 1929 protestaris,
1053 1888 1137 1930 quod
1162 1887 1268 1919 nullus
1292 1894 1322 1919 te
1346 1888 1570 1919 sacerdotibus
1589 1884 1708 1920 uxores
1729 1889 1907 1922 concedere
1925 1892 1990 1921 un:

336 1949 430 1979 quam
448 1938 598 1969 audisset.
637 1939 718 1969 Nam
736 1945 766 1970 et
783 1950 842 1980 ego
863 1946 893 1970 et
914 1939 1021 1981 plures
1046 1939 1097 1970 alii
1120 1940 1177 1971 lioc
1203 1946 1232 1971 te
1257 1941 1365 1982 sepius
1384 1939 1561 1971 concedere
1581 1939 1774 1979 audivimus,
1799 1951 1871 1972 cum
1895 1940 1979 1972 idem

336 1995 431 2031 caput
454 2000 515 2019 non
542 1994 662 2020 tantum
688 2001 745 2032 pro
770 2002 854 2031 vero,
878 1990 933 2021 sed
959 1991 1052 2022 etiam
1079 2001 1136 2032 pro
1161 1992 1322 2022 autentico
1346 1991 1470 2033 palami
1498 1991 1685 2033 praedicare
1707 2002 1767 2023 nec
1782 1991 1888 2024 adhue
1911 2003 1979 2035 per·
1999 2003 2029 2024 ss

337 2041 494 2074 timescas.
541 2041 647 2082 Ipsum
682 2043 765 2072 enim
791 2047 889 2083 caput
910 2043 1024 2073 asserit
1056 2049 1201 2073 sanctum
1229 2042 1412 2074 l'afnutium
1445 2044 1475 2074 in
1499 2043 1620 2075 Nicena
1647 2044 1776 2086 synodo·
1801 2044 1980 2076 surrexisse

337 2099 367 2122 vt
397 2092 626 2126 sacerdotibus,
663 2099 695 2123 ut
731 2093 906 2125 dormirent
935 2105 1005 2124 cum
1040 2094 1196 2125 uxoribus
1227 2095 1304 2133 sum,
1339 2094 1498 2126 licentiam
1529 2096 1727 2137 impetrasse.
1773 2095 1979 2138 Quicumque

337 2143 433 2183 igitur
457 2143 515 2173 lio(-
539 2155 600 2174 non
626 2151 747 2175 tantum
774 2156 829 2186 pro
855 2156 940 2184 vero,
964 2145 1019 2176 scd
1045 2152 1075 2177 et
1099 2157 1156 2187 pro
1180 2147 1340 2177 autentico
1364 2146 1582 2188 recipiendum
1608 2152 1639 2178 et
1655 2147 1892 2178 observandum
1910 2157 1981 2190 pre·

337 2194 432 2234 dicat,
456 2194 635 2225 null:·1t‹nus
660 2195 738 2226 dmo
742 2198 840 2237 gaiek
864 2208 893 2226 v·
887 2197 960 2235 alet
985 2198 1060 2238 quin
1086 2197 1307 2228 sacerdotibus
1331 2209 1449 2229 uxores
1473 2198 1637 2230 concedat.

443 2246 550 2276 Inoas-s
556 2257 605 2276 mn
642 2258 768 2288 quoque
803 2248 980 2288 subiungis,
1017 2259 1080 2290 qua
1112 2250 1286 2290 occasione*
1314 2248 1391 2280 illud
1423 2260 1479 2291 pro
1509 2251 1671 2281 autentico
1703 2251 1875 2291 receperis,
1905 2260 1979 2282 cum
2000 2262 2032 2281 «o

337 2297 441 2338 ipsum
473 2308 489 2327 .·ι
519 2305 547 2327 te
580 2297 638 2327 sul)
669 2299 846 2330 inevitabili
877 2299 1078 2339 anathemate
1108 2299 1253 2331 relictum
1285 2299 1370 2331 nulla
1403 2302 1523 2332 ratione
1555 2300 1743 2343 probaveris
1772 2302 1979 2340 autenticum.

338 2347 422 2378 Nihil
450 2349 532 2378 enim
565 2349 704 2387 interest,
735 2350 878 2391 qualibet
907 2352 1076 2382 occasione
1108 2351 1184 2382 illud
1216 2363 1273 2393 pro
1296 2353 1460 2383 autentico
1484 2353 1631 2394 recipias,
1661 2352 1746 2394 quod
1775 2363 1814 2384 ne
1837 2353 1881 2385 ita
1903 2353 1982 2384 reci—

339 2399 453 2440 piatur,
478 2398 537 2429 sub
561 2400 761 2432 anathemate
791 2400 986 2443 prohibitum
1016 2403 1096 2434 ιιοιι1
1129 2402 1304 2434 dubitatur.
1350 2403 1431 2434 Nam
1462 2414 1589 2445 semper
1617 2402 1677 2435 sub
1708 2403 1822 2436 eodem
1851 2403 1981 2436 anathe-

339 2456 422 2481 mate
446 2451 503 2481 crit
528 2451 719 2494 quicumque
743 2452 818 2483 illud
842 2452 1042 2494 aliquatenus
1067 2465 1124 2496 pro
1149 2455 1332 2485 canonico¹¹¹
1356 2456 1522 2496 receperit.
1570 2455 1689 2486 Beatus
1712 2455 1982 2498 quoque-Pafnu-

450 2564 473 2578 ni
498 2556 575 2579 etium
598 2558 628 2580 G.
718 2558 743 2580 lul
767 2566 833 2581 corr.
855 2567 885 2581 ω·
906 2559 966 2582 adn.
989 2560 1013 2582 3.
1102 2565 1126 2584 c>
1152 2560 1259 2583 ultimus
1281 2559 1311 2584 G.
1395 2560 1422 2584 di
1443 2568 1474 2584 m·
1494 2560 1670 2585 deti-aetatem
1691 2569 1760 2585 corr.
1781 2561 1807 2586 3.
1883 2560 1910 2589 ο)
1930 2560 1981 2586 hac
1999 2565 2029 2586 46

340 2602 416 2632 «Ίιῑεῑ.
437 2606 481 2625 tun
502 2603 532 2626 (ι’.
610 2603 627 2624 ι’·
651 2603 776 2634 exemplis
798 2605 827 2626 ll.
847 2613 896 2635 pro
917 2613 947 2628 ex
969 2606 1046 2636 epist.
1070 2606 1200 2637 rexep†i>).
1283 2611 1311 2637 g)
1332 2606 1438 2638 scriptis
1459 2606 1490 2631 G.
1573 2607 1599 2638 h)
1623 2615 1685 2639 ergo
1706 2606 1738 2632 G.
1814 2607 1834 2639 i)
1856 2607 1928 2632 deese
1947 2606 1979 2632 G.

341 2649 367 2671 k=
393 2648 416 2671 in
440 2647 555 2679 mur-gline
578 2648 660 2679 suppl.
683 2649 697 2670 3
783 2649 800 2672 l.
825 2650 939 2673 nondum
963 2650 993 2674 G.
1071 2652 1105 2678 nr>
1128 2651 1280 2676 authentico
1302 2651 1333 2676 G.

451 2747 475 2770 ll
501 2745 544 2777 (γ’.
570 2746 684 2774 Quintil.
709 2747 735 2778 Il,
761 2747 787 2777 ἵν,
816 2747 862 2773 11.
951 2747 979 2782 2)
1005 2747 1074 2781 0111’·
1106 2752 1125 2775 Ι.
1150 2749 1172 2775 I.
1204 2749 1255 2775 col.
1279 2749 1334 2775 821
1363 2758 1421 2784 sqq.
1509 2750 1539 2783 3)
1570 2750 1643 2777 Ibid.
1672 2754 1691 2778 t.
1722 2751 1751 2785 V,
1782 2751 1835 2779 col.
1862 2751 1897 2778 ll
1921 2759 1980 2787 sqq.

344 2797 371 2829 ⁴)
396 2797 441 2823 De
463 2805 586 2823 sermone
610 2797 641 2822 de
665 2797 749 2823 Iacob
774 2801 797 2822 r!
823 2798 898 2824 Ifsau
922 2798 1016 2825 habito
1039 2799 1066 2824 in
1090 2800 1163 2825 libro
1186 2800 1412 2826 retractationum
1438 2801 1506 2827 nihil
1529 2801 1640 2836 legitur.
