2132 3067
171 402 248 420 Mum.
260 402 279 420 5.
290 402 308 419 Ξῖ.

185 454 239 472 Rom
259 454 279 476 ὁ,
290 454 300 471 5

164 609 180 625 1Δ
191 607 266 627 [vluti.
277 608 310 624 13.

193 711 311 733 1<o=n.;··‚5.

215 899 241 925 ‘p
262 902 301 919 134

180 931 311 954 1.1011.-‡,1.

163 1020 241 1038 Mani».
250 1019 269 1041 7,
280 1021 313 1039 lss.

164 1332 192 1351 b.
202 1333 233 1353 1⁴.
245 1332 313 1350 {Si-t.

167 2001 213 2019 huv-
240 2001 272 2022 15,
286 2002 317 2019 w.

331 145 393 176 274
764 144 814 170 Ῐ)Ε
837 142 1006 169 ΗΝΙΤΑΤΕ
1029 141 1236 168 ECCLESIAE
1259 141 1553 169 CONSERVANDA.

438 236 488 266 42.
535 235 618 265 δείλ’
639 244 739 274 neque
756 233 813 263 hoc
828 231 1113 274 praetereundum,
1138 231 1298 272 inquiunt,
1323 231 1408 273 quod
1428 230 1608 272 ll'v'ybertns
1627 242 1659 262 se
1674 241 1801 261 servum
1819 241 1982 261 servorum

333 288 395 317 Dei
420 286 563 316 nomina!
588 284 786 323 nzentiendo,
814 287 960 314 sanctum
986 294 1059 313 vero
1083 287 1216 312 matrem
1239 282 1422 322 ecclesiam,
1448 282 1482 311 id
1505 287 1549 313 est
1565 282 1657 322 filios
1684 282 1759 320 Dei,
1783 283 1840 324 qui
1862 283 1981 323 spiritu

334 339 395 368 Dei
419 341 577 377 affantur,
609 347 745 377 quorum
771 335 976 365 conversatio
1005 334 1041 364 in
1066 333 1165 364 caelis
1197 338 1257 373 est,
1287 344 1493 375 synayoynm
1524 339 1664 364 satanae
1695 333 1852 374 appellat.
1896 333 1984 374 Ergo

331 390 384 431 qui
411 395 483 418 sunt
507 387 632 428 pacifici
658 387 689 417 hi
714 386 867 416 dicuntur
890 397 909 416 a
934 386 1072 416 Domino
1097 384 1151 415 filii
1177 385 1256 423 Dei,
1287 392 1317 415 et
1349 385 1401 426 qui
1427 385 1591 416 caritatem
1624 385 1752 423 habent,
1781 385 1811 415 hi
1837 385 1982 426 spiritum

332 441 392 471 Dei
419 440 546 470 habent.
586 438 666 469 Nam
690 438 721 468 in
746 437 879 469 exordio
904 437 1067 468 nascentis
1091 437 1246 467 ecclesiae
1269 437 1358 466 venit
1376 437 1515 477 Spiritus
1539 443 1667 467 sanetus
1691 448 1788 478 super
1810 436 1986 476 credentes,
2005 449 2017 468 5

332 498 362 523 et
385 491 599 533 loquebantur
622 489 755 530 linguis3
779 500 864 520 nune
889 494 1007 528 autern,
1032 489 1107 530 quia
1131 487 1344 519 exterioribus
1368 488 1468 528 signis
1493 494 1604 518 saneta
1620 487 1757 519 eeclesia
1773 499 1835 518 non
1852 488 1986 530 indiget,

332 544 517 586 quicunque
543 541 677 572 eredens
702 542 733 571 in
758 541 885 571 nomine
909 540 981 571 lesu
1003 540 1122 570 Christi
1146 540 1318 571 fraternam
1345 538 1492 570 habuerit
1515 540 1691 580 caritatem,
1717 540 1851 581 Spiritui
1875 545 1986 571 sancto

332 596 362 625 in
381 606 413 625 se
431 594 572 624 manenti
590 592 808 623 testimonium
828 591 984 633 perhibet,
1001 592 1091 622 iuxta
1104 592 1189 634 quod
1206 591 1363 622 Iohannes
1377 590 1542 632 apostolus
1559 591 1670 622 docet:
1688 591 1725 622 In
1745 592 1812 631 hoc,
1829 591 1986 633 inquiens,

332 648 466 686 scimus,
498 646 653 687 quoniam
679 644 768 674 Deus
791 649 896 674 mane?
920 645 955 675 in
980 644 1086 683 nobis,
1118 644 1153 674 in
1178 643 1309 684 Spiritu
1334 654 1425 684 quem
1449 644 1538 673 dedit
1561 643 1662 673 nobis.
1711 642 1780 673 Hoc
1812 643 1895 673 enim
1919 643 1988 684 agit

333 699 471 739 Spiritus
496 698 526 727 iu
553 697 690 734 homine,
716 701 751 726 ut
775 696 805 725 in
830 695 882 725 illo
907 695 948 725 sit
971 696 1100 734 caritas,
1124 696 1280 736 quoniam
1303 697 1436 732 caritas,
1461 695 1564 736 inquit
1588 694 1715 733 Paulus,
1739 693 1860 736 diffusa
1884 699 1928 724 est
1951 695 1985 724 2⁶⁷1
2009 707 2035 726 ιο

333 749 482 780 cordibus
507 749 627 779 nostris
656 759 717 789 per
741 747 904 787 Spiritum
934 752 1097 787 sanctum,
1127 748 1184 789 qui
1214 747 1310 777 datus
1340 752 1384 777 est
1417 747 1515 777 nobis.
1564 746 1680 776 Verum
1714 746 1865 787 quoniam
1899 744 1986 776 multi

333 802 498 832 caritatem
529 810 591 830 non
623 798 780 830 habentes
809 804 840 829 et
865 798 1019 829 unitatem
1044 798 1198 829 ecelesiae
1223 808 1374 839 perverso
1398 797 1550 837 dogmate
1574 797 1756 828 scindentes
1780 797 1987 827 nihilominus

333 852 489 894 Spiritum
513 857 658 882 sanetum
685 851 714 880 in
743 862 777 880 se
802 850 916 893 [essem]
946 849 1157 888 contendunt,
1187 856 1273 880 reete
1304 860 1402 890 super
1434 849 1482 879 his
1513 851 1681 891 sequentia
1711 850 1812 880 sancti
1838 848 1987 880 Iohannis

333 904 444 935 'verba
469 914 526 934 nos
544 903 716 933 instruunt:
743 902 927 940 Uerissimi,
952 902 1064 943 inquit,
1088 902 1186 933 nolite
1204 902 1291 932 omni
1306 902 1444 941 spiritui
1460 902 1598 941 eredere,
1622 902 1677 931 sed
1693 902 1823 942 probate
1839 902 1987 943 spiritus,

333 957 363 987 si
386 968 425 985 ea:
452 955 517 985 Deo
541 955 650 992 sumb,
681 955 838 994 quoniam
869 952 962 983 mulli
987 953 1294 994 pseudoprophetae
1325 953 1474 983 emim-unt
1499 954 1531 983 in
1558 953 1726 983 mundum.
1772 952 1988 993 Afructibus
2010 963 2035 982 15

333 1019 440 1038 eorum
465 1007 662 1047 coquos-cetis
685 1016 756 1044 eos,
786 1004 1059 1035 ‹licit'Dominus¹
1112 1005 1195 1035 Eece
1227 1005 1310 1034 enim
1343 1014 1488 1033 summus
1514 1004 1658 1045 pontifex
1683 1003 1769 1035 sedis
1792 1003 1987 1046 apostolicae

333 1059 478 1099 arguitur
502 1057 671 1097 mendacii,
695 1057 771 1098 quia
795 1055 964 1086 humilians
989 1068 1022 1086 se
1046 1057 1078 1086 in
1102 1055 1251 1086 omnibus
1268 1055 1408 1096 appellat
1426 1066 1458 1085 se
1476 1067 1603 1086 servum
1621 1066 1786 1086 servorum
1806 1055 1878 1095 Dei,
1902 1054 1987 1097 quod

333 1110 448 1151 legitur
471 1109 584 1139 beatus
610 1119 695 1150 papa
712 1108 888 1149 Gregorius
907 1109 1027 1148 primus
1051 1108 1191 1137 omnium
1218 1108 1248 1137 in
1268 1107 1428 1148 principio
1445 1106 1652 1148 epistolarum
1670 1118 1799 1138 suarum
1818 1106 1988 1138 scribendo

333 1163 411 1193 satis
435 1160 598 1192 humiliter
621 1159 782 1199 definisse,
806 1159 994 1200 cunctisque
1018 1159 1084 1188 suis
1108 1158 1350 1189 successoribus
1374 1158 1601 1188 documentum
1626 1159 1685 1188 hoc
1705 1170 1782 1189 suae
1801 1157 1989 1189 humilitatis

334 1213 543 1255 dereliquisse
555 1218 575 1241 ².
622 1211 676 1241 Sic
700 1221 787 1249 vero,
812 1211 857 1240 sic
881 1211 981 1240 saneti
1008 1221 1119 1240 omnes
1144 1221 1200 1251 per
1224 1209 1435 1241 humilitatem
1461 1211 1675 1241 ascenderunt
1698 1210 1738 1241 ad
1759 1209 1986 1241 exaltationem
2009 1222 2035 1240 20

334 1265 419 1296 illam
444 1264 630 1303 caelestem,
660 1262 699 1293 de
724 1273 787 1303 qua
811 1261 927 1292 cecidit
950 1261 1001 1291 ille
1024 1266 1174 1302 apostata
1196 1261 1329 1302 angelus
1354 1272 1411 1302 per
1433 1260 1629 1302 superbiam,
1653 1262 1707 1304 qui
1731 1261 1815 1292 dixit
1837 1262 1869 1292 in
1893 1261 1989 1292 eorde

334 1328 406 1347 suo:
431 1317 469 1347 In
493 1315 617 1346 caelum
642 1313 866 1353 conscendam,
890 1324 990 1354 super
1014 1318 1105 1343 astra
1125 1313 1188 1343 Dei
1205 1313 1355 1344 multabo
1374 1313 1488 1344 solium
1507 1325 1609 1344 meum
1629 1316 1662 1344 in
1679 1319 1782 1345 monte
1797 1314 1988 1351 testamenti,

333 1370 369 1400 in
386 1368 543 1399 lateribus
560 1367 738 1407 aquilonis,
764 1365 936 1395 ascendam
958 1376 1058 1405 super
1073 1365 1279 1395 altitudinem
1295 1366 1440 1404 nubium,
1464 1365 1581 1396 similis
1597 1377 1650 1396 ero
1667 1365 1843 1396 Altissimo.
1882 1364 1986 1404 Quam

334 1420 455 1451 seilicet
480 1423 610 1449 satanae
634 1416 834 1448 altitudinem
852 1417 1018 1446 imitantur
1042 1415 1084 1455 hi,
1108 1417 1163 1457 qui
1183 1421 1258 1446 sunt
1281 1428 1321 1447 ex
1346 1424 1436 1458 parte
1460 1416 1554 1456 illius,
1579 1427 1714 1458 quorum
1734 1417 1808 1447 finis
1830 1417 1987 1450 interitus,

334 1472 372 1503 de
397 1471 513 1513 quibus
538 1475 569 1501 et
594 1469 759 1510 psalmista
782 1468 938 1510 loquitur:
970 1468 1128 1498 Deiecisti
1156 1479 1207 1499 eos
1238 1468 1396 1510 inquiens,
1428 1469 1503 1499 dum
1529 1467 1767 1502 extollerentur,
1813 1468 1986 1510 Postquam
2009 1482 2035 1500 κε,

334 1524 418 1554 enim
444 1523 520 1552 moti
544 1527 617 1552 suut
641 1520 786 1551 homines
810 1520 850 1551 ab
875 1520 996 1550 oriente
1020 1525 1051 1550 et
1075 1524 1277 1550 recesserunt
1300 1531 1318 1550 a
1342 1531 1417 1551 vero
1445 1520 1573 1559 lumine,
1605 1527 1679 1550 tune
1701 1520 1857 1551 adversus
1880 1519 1986 1551 Deum

336 1574 509 1615 impietatis
525 1585 601 1603 suae
622 1573 732 1603 turrim
750 1572 975 1610 aedificavere,
999 1575 1076 1602 tune
1093 1570 1280 1611 dogmatum
1299 1571 1468 1613 superbias
1485 1572 1720 1608 confinxerunt,
1737 1572 1920 1603 curiositate
1936 1583 1989 1601 vo-

336 1626 435 1657 lentes
460 1637 521 1656 non
545 1625 633 1656 licita
657 1625 687 1654 in
712 1624 812 1665 ipsius
836 1623 916 1654 caeli
940 1622 1004 1653 alta
1034 1629 1218 1664 penetrare3
1249 1629 1279 1654 et
1310 1629 1444 1654 vocatus
1475 1630 1522 1654 est
1551 1623 1640 1654 loeus
1664 1623 1715 1654 ille
1739 1623 1854 1664 Babel,
1886 1623 1918 1654 id
1942 1630 1989 1655 est

337 1678 515 1709 confusio&
562 1675 664 1715 Quale
696 1676 884 1716 mysterium
910 1675 1087 1716 iniquitatis
1113 1685 1197 1705 nunc
1222 1680 1375 1716 operatur
1398 1686 1454 1716 per
1481 1675 1649 1717 quosdam,
1674 1676 1726 1717 qui
1752 1675 1902 1706 dicuntur
1925 1685 1989 1706 mo-

337 1730 439 1765 naehi,
464 1727 698 1759 confundentes
721 1726 888 1758 ecclesiam
914 1727 1035 1768 pariter
1058 1731 1089 1757 et
1110 1738 1176 1757 rem
1195 1726 1356 1768 publicam
1376 1738 1526 1768 perverso
1544 1727 1694 1767 dogmate
1711 1738 1779 1766 suo,
1803 1728 1858 1769 qui
1879 1727 1990 1758 adver-
2009 1740 2037 1759 so

337 1790 447 1812 santur
470 1786 501 1811 et
525 1779 686 1811 extollunt
709 1790 742 1809 sc
765 1778 919 1810 adversus
943 1779 1065 1819 regiam
1091 1784 1281 1819 potestatem
1314 1784 1345 1809 et
1367 1779 1522 1810 adversus
1549 1778 1757 1821 apostolicam
1782 1779 1902 1818 sedem,
1934 1789 1988 1820 pu-

338 1839 440 1864 tantes
465 1832 643 1873 legitimum
667 1842 729 1862 non
753 1842 821 1861 esse
846 1841 991 1871 regnum,
1022 1830 1081 1860 nisi
1106 1830 1191 1871 quod
1217 1841 1274 1872 per
1297 1830 1400 1861 scelus
1423 1831 1518 1862 fuerit
1542 1831 1735 1872 quaesitum,
1758 1841 1819 1861 nec
1838 1829 1987 1861 idoneum

337 1897 406 1916 esse
433 1885 594 1915 Humanae
617 1883 773 1914 eeclesiae
797 1883 998 1924 episcopum,
1027 1882 1088 1912 nisi
1113 1893 1170 1924 per
1193 1893 1287 1923 quem
1313 1882 1472 1924 pandatur
1495 1882 1644 1914 omnibus
1669 1882 1817 1914 hereticis
1839 1882 1936 1913 ianua
1959 1888 1991 1912 et

339 1938 486 1967 introitus
511 1937 541 1966 in
562 1935 645 1966 ovile
662 1935 869 1966 dominicum.
910 1933 1066 1964 Novimus
1083 1933 1215 1975 quidem
1232 1933 1441 1965 domesticam
1460 1935 1690 1966 institutionem
1708 1933 1865 1965 eiusmodi
1883 1943 1989 1964 mona-

338 1988 485 2023 chorum,
510 1998 605 2029 quam
631 1998 704 2018 vere
730 1997 899 2028 possumus
924 1985 1103 2016 assimilare
1127 1985 1252 2026 siliquis
1276 1997 1464 2027 porcorum,
1497 1986 1535 2017 de
1567 1985 1684 2028 quibus
1715 1997 1778 2016 non
1808 1985 1913 2026 potuit
1938 1984 1990 2016 ille
2009 1996 2038 2016 ³5

337 2040 483 2071 saturari.
508 2051 601 2081 quem
627 2039 704 2070 dicit
729 2039 758 2069 in
784 2037 951 2079 euangelio
976 2038 1137 2069 Dominus
1161 2037 1346 2068 adhaesisse
1377 2039 1430 2068 uni
1455 2038 1494 2069 de
1519 2036 1718 2079 principibus
1742 2036 1836 2068 huius
1860 2036 1991 2076 saeculi,

339 2099 509 2133 postquam
543 2091 713 2132 dissipavit
745 2091 923 2132 portionem
949 2095 1102 2131 paternae
1127 2089 1343 2128 substantiae,
1376 2090 1505 2120 tradens
1535 2088 1680 2120 naturale
1711 2089 1877 2130 ingenium
1901 2087 1991 2119 luxui

337 2148 432 2184 atque
457 2142 616 2177 desidiae,
642 2153 713 2173 eum
739 2142 778 2172 ad
803 2143 978 2182 imaginem
1002 2141 1065 2172 Dei
1088 2142 1190 2173 factus
1214 2142 1256 2173 sit
1279 2141 1390 2177 homo,
1415 2142 1446 2172 in
1470 2141 1634 2172 intellectu
1657 2141 1794 2179 scilicet,
1818 2141 1850 2171 in
1874 2145 1990 2180 mente,

339 2196 368 2224 iu
395 2195 543 2225 interiore
569 2194 706 2229 homine,
740 2195 769 2224 in
801 2205 837 2223 eo
870 2193 955 2234 quod
986 2192 1134 2234 intelligit
1166 2194 1343 2233 veritatem,
1375 2193 1530 2224 diiudicat
1559 2193 1712 2224 iustitiam
1737 2198 1768 2224 et
1791 2193 1991 2231 iniustitiam,

340 2247 427 2276 novit
445 2258 462 2275 a
480 2257 542 2287 quo
566 2246 668 2276 faetus
686 2252 742 2283 cst,
769 2252 872 2287 potest
891 2244 1069 2285 intelligere
1087 2251 1263 2276 creatorem
1282 2256 1386 2286 suum,
1410 2244 1542 2276 laudare
1559 2246 1747 2276 ‘creatorem
1767 2254 1871 2284 suum,
1895 2254 1991 2286 quam
2011 2253 2039 2272 ιο

339 2298 461 2327 scilicet
487 2297 727 2335 intelligentiam
752 2298 847 2327 habet
870 2297 924 2338 qui
950 2297 1151 2338 prudentiam
1169 2297 1281 2330 habet:
1305 2296 1424 2339 alioqui
1443 2302 1534 2338 pater
1550 2296 1707 2328 mendacii
1724 2295 1872 2327 diabolus
1887 2295 1992 2327 aufert

339 2360 357 2378 a
381 2349 532 2379 cordibus
557 2348 721 2379 hominum
747 2349 807 2379 l)‹›i
834 2349 1016 2386 veritatem,
1049 2349 1154 2380 aufert
1178 2349 1239 2380 Dei
1270 2350 1443 2390 imaginem
1468 2356 1499 2380 et
1522 2349 1678 2390 imprimit
1708 2348 1891 2389 apostasiae
1913 2358 1991 2379 suae

341 2406 372 2431 ct
397 2400 547 2430 mendatii
574 2401 755 2437 imaginem.
803 2400 884 2430 Cum
909 2401 992 2431 enim
1019 2412 1036 2430 a
1061 2402 1197 2432 caeteris
1222 2400 1439 2431 animantibus
1467 2411 1525 2442 per
1549 2400 1607 2430 hoc
1632 2399 1771 2430 maxime
1795 2399 1992 2437 differamus,

341 2452 425 2493 quod
452 2451 603 2481 rationale
628 2452 744 2481 animal
770 2463 879 2482 ¹sumus
904 2457 934 2482 et
959 2451 1045 2494 loqui
1078 2463 1265 2494 possumus,
1298 2454 1378 2484 ratio
1407 2459 1512 2483 autem
1545 2452 1648 2481 omnis
1678 2456 1710 2481 et
1737 2461 1842 2483 sermo
1873 2450 1990 2482 divinis

341 2503 429 2534 libris
453 2504 643 2535 continetur.
668 2514 725 2543 por
748 2514 826 2544 quos
850 2509 881 2534 et
898 2503 1003 2534 Deum
1029 2503 1184 2535 discimus
1207 2512 1237 2535 et
1261 2515 1359 2546 quare
1384 2505 1481 2535 creati
1506 2514 1616 2534 sumus
1636 2513 1698 2534 non
1716 2503 1912 2545 ignoramus,
1936 2503 1991 2533 mi·
2010 2511 2037 2530 ⁴⁵

341 2554 475 2585 randmn
501 2562 547 2585 est
572 2554 679 2593 valde,
712 2555 795 2595 quod
822 2554 931 2585 nolunt
955 2554 1068 2597 aliqui,
1100 2557 1273 2597 praecipue
1297 2562 1403 2586 autem
1429 2555 1589 2594 monachi,
1623 2565 1704 2597 quae
1728 2554 1895 2596 praeclara
1916 2559 1991 2585 sunt

340 2606 474 2639 discere.
499 2606 551 2647 qui
577 2617 614 2635 ne
633 2617 748 2647 puero>-
766 2606 895 2646 quidem
913 2606 961 2637 vel
982 2606 1222 2638 adolescentesc
1240 2608 1429 2648 permittunt
1446 2608 1476 2637 in
1495 2607 1696 2637 monasteriis
1713 2605 1831 2638 habere
1847 2605 1988 2637 studium

453 2692 479 2711 n)
502 2688 571 2712 deest
597 2689 617 2712 1,
696 2689 721 2711 lu)
746 2689 797 2711 sint
827 2688 899 2719 l’uly.
978 2689 1004 2717 c)
1025 2689 1212 2713 adulescentes
1236 2691 1257 2714 l.

453 2764 479 2789 li
510 2763 602 2796 [Idem
628 2764 703 2788 locus
727 2772 812 2796 snpra
837 2772 861 2788 c.
881 2764 906 2795 ¹2,
928 2772 957 2796 p.
977 2764 1090 2797 2131..
1174 2765 1203 2791 2)
1235 2765 1279 2797 Cf.
1304 2764 1351 2790 lib.
1376 2765 1400 2795 I,
1425 2773 1447 2791 c.
1475 2765 1522 2798 ll,
1543 2774 1572 2800 p.
1594 2764 1660 2792 199.
1771 2763 1801 2798 3)
1833 2762 1876 2796 Cf.
1900 2771 1989 2798 'upra

342 2826 371 2850 11.
390 2816 459 2847 211,
486 2826 510 2841 η.
530 2816 556 2840 ἱ).
2009 2817 2037 2836 ⁵⁰

2100 2514 2114 2561 -4'
