2132 3067
217 672 234 689 L)
244 677 272 689 m.

207 880 250 898 Tu.
276 880 301 898 ,ιῖ
311 886 325 896 ,ω

369 110 430 141 51·γὶ

896 105 1082 133 RANGERII
1106 103 1277 131 EPISCOPI
1299 103 1483 130 LUCENSIS

788 196 858 227 Non
884 200 930 225 est
953 194 1073 231 indicii,
1097 192 1152 224 sed
1177 192 1335 224 brevitate
1359 192 1472 233 magis.

627 256 678 277 :3271
704 246 766 286 Qui
792 246 953 277 (sin-istum
979 245 1092 283 nescit,
1117 244 1216 275 nimia
1239 243 1299 274 sub
1323 249 1417 274 nocte
1440 243 1586 284 quiescit,

626 510 658 531 352

627 766 678 788 335

625 1024 677 1045 340

625 1281 640 1301 3
645 1280 657 1302 vl
663 1281 677 1301 ς’)

627 1538 679 1559 :350

482 2772 506 2790 Διὶ
528 2768 562 2789 ἱίσ
585 2778 603 2791 ν,

663 512 678 531 1)

789 297 829 328 Et
852 298 974 328 nescire
999 297 1084 327 viam
1107 295 1249 326 creditur
1273 293 1313 324 ad
1336 294 1484 336 patriam.

705 350 737 379 Si
762 350 822 380 seit
846 360 904 380 nec
929 354 1029 387 curat,
1052 347 1193 388 graviori
1217 350 1311 377 nocte
1334 344 1468 383 laborat,

786 400 829 430 Et
852 410 914 441 quo
938 399 1031 440 plura
1053 397 1150 436 videt,
1175 397 1234 428 hoc
1258 397 1362 438 magis
1385 401 1454 426 arte
1477 401 1574 427 caret.

703 451 761 482 Vir
784 462 907 482 morum
931 451 1090 492 gravitate
1114 459 1237 486 carenS‚
1262 458 1325 490 quo
1350 455 1494 490 tempore
1518 448 1645 486 crescit,

788 502 856 533 Hoc
881 502 984 543 inagis
1009 500 1048 531 ad
1074 510 1210 542 puerum
1235 510 1306 530 cum
1330 498 1461 530 levitate
1485 499 1576 530 redit.

703 553 744 584 Et
769 553 922 594 dampnat
945 563 1078 594 puerum
1104 551 1264 593 sapientia
1287 561 1359 581 cum
1385 549 1558 581 maledicto

788 605 853 635 lain
880 603 961 635 male
986 603 1188 643 grandevum
1214 608 1368 644 tempore,
1391 612 1454 632 non
1479 603 1596 633 animo.

702 655 743 686 Et
767 656 837 697 quis
862 666 925 685 non
948 654 1057 685 laudet
1083 653 1285 692 Danihelem,
1310 652 1439 695 quando
1463 652 1578 684 seniles

788 707 899 737 Luxus
922 706 1111 747 dampnavit
1134 705 1238 736 iunior
1261 709 1291 736 et
1313 704 1461 736 domuit?

703 757 796 789 Unde
821 763 920 800 patet,
943 768 1015 788 cum
1041 757 1200 799 presbiter
1223 761 1272 787 est
1295 756 1489 798 querendus,
1513 755 1674 797 agendum

789 810 930 840 Omnino
954 819 1077 839 morum
1102 808 1142 840 de
1165 808 1324 849 gravitate
1349 807 1447 848 prius.

704 861 864 902 Egregius
887 861 998 892 doctor
1021 871 1118 901 super
1140 859 1188 890 his
1213 858 1394 890 consultus:
1419 858 1569 900 ‘Oportet

790 912 868 943 Esse
892 913 1018 952 virum',
1041 911 1134 951 dixit,
1157 909 1493 952 ‘i1·reprehensibilem,

703 963 765 1003 Qui
790 962 909 1005 populo
935 962 1031 995 debet
1054 973 1126 993 cum
1152 961 1301 993 libertate
1326 972 1485 1004 praeesse,

786 1015 950 1056 Multaque
973 1013 1140 1055 subiungit
1163 1025 1226 1044 non
1251 1013 1451 1044 numeranda
1474 1013 1588 1044 modo'.

702 1068 809 1109 Atque
833 1072 909 1097 nota
932 1065 1050 1097 Graeci
1075 1066 1223 1096 virtutem
1248 1065 1397 1103 nominis,
1421 1075 1461 1095 ex
1485 1075 1550 1106 qua

786 1118 990 1149 Praesbstera
1014 1123 1045 1149 et
1068 1116 1195 1159 praesul
1219 1122 1294 1148 sunt
1316 1117 1347 1147 in
1373 1116 1492 1148 honore
1516 1115 1621 1147 simul.

702 1169 795 1201 Unde
819 1174 907 1212 puta,
931 1180 1013 1211 quae
1037 1170 1078 1200 sit
1100 1169 1281 1200 reverentia
1303 1167 1587 1210 praesbiteratus·,

788 1221 829 1252 Et
852 1232 949 1263 quam
973 1221 1122 1252 sublimis
1145 1220 1186 1250 ad
1210 1230 1301 1250 sacra
1324 1231 1450 1251 summa
1473 1219 1604 1260 gradus,

701 1272 799 1304 Sacra
822 1282 902 1303 voco
926 1283 1043 1313 corpus
1067 1283 1140 1303 cum
1165 1272 1322 1312 sanguine
1345 1282 1500 1313 sacraque
1523 1281 1659 1308 summa,

787 1324 858 1363 Quo
883 1323 981 1354 nichil
1006 1324 1037 1354 in
1062 1324 1164 1354 sacris
1187 1322 1282 1355 altius
1306 1334 1377 1354 esse
1401 1328 1516 1364 potest.

701 1375 782 1406 Mira
806 1376 945 1418 quidem,
969 1375 1025 1407 sed
1049 1386 1125 1406 vera
1147 1374 1240 1415 fides,
1262 1375 1323 1406 nisi
1348 1374 1495 1406 Christus
1518 1374 1642 1416 ineptit,

787 1428 854 1466 Qui
874 1438 1011 1459 caenans
1035 1438 1153 1468 corpus
1178 1426 1237 1457 hoc
1260 1427 1305 1458 ait
1328 1437 1397 1458 esse
1422 1437 1524 1459 Suum,

702 1478 768 1510 Nec
793 1484 935 1509 scrutare
960 1479 1071 1510 fidem:
1095 1480 1121 1509 si
1146 1479 1238 1520 virgo
1263 1479 1405 1520 concipit
1427 1483 1524 1520 atquc

787 1530 929 1561 Parturit
952 1535 983 1561 et
1006 1530 1094 1561 salva
1116 1531 1301 1572 virginitate
1325 1535 1447 1568 manet3

704 1582 737 1612 Si
761 1582 862 1613 deitas
887 1593 958 1612 cum
983 1592 1078 1612 carne
1102 1583 1174 1622 coit,
1199 1582 1225 1613 si
1250 1581 1338 1612 milia
1361 1581 1461 1612 muita

788 1634 968 1664 Pascuntur
991 1634 1101 1675 paucis
1125 1633 1264 1675 panibus
1288 1638 1319 1664 et
1341 1644 1493 1664 manuum

703 1685 752 1716 De
777 1686 893 1716 virtute
917 1685 1007 1716 cibus
1033 1710 1038 1716 .
1064 1710 1070 1717 .
1096 1685 1118 1717 ,ὓ
1142 1684 1194 1716 ille
1217 1685 1357 1716 nutritur
1380 1686 1410 1715 in
1434 1696 1535 1723 esum,

787 1735 821 1767 Si
846 1742 933 1767 caret
955 1736 1114 1768 adiunctis
1137 1748 1254 1779 arsque
1277 1736 1434 1778 laborque
1457 1737 1539 1767 suis:

648 1797 673 1816 ·ι.·
702 1787 751 1818 Tu
776 1789 847 1830 quis
871 1799 913 1826 es,
939 1794 972 1819 ut
994 1788 1123 1819 dubites
1147 1788 1233 1830 quod
1258 1787 1405 1819 Christus
1428 1787 1506 1819 dicit
1528 1793 1560 1819 et
1582 1798 1662 1823 esse,

787 1840 930 1881 Imperat
953 1845 984 1870 ct
1008 1845 1074 1870 toto
1098 1840 1217 1882 sparsit
1239 1840 1272 1870 in
1297 1839 1373 1871 orbe
1397 1838 1501 1870 fides?

704 1891 862 1933 Denique,
887 1892 971 1933 quod
997 1893 1122 1931 seritur,
1147 1902 1204 1933 per
1228 1897 1360 1922 mortem
1387 1890 1579 1930 vivificatur,

787 1942 822 1973 Id
846 1942 956 1973 saltem
982 1942 1144 1984 expediat,
1169 1944 1223 1985 qui
1247 1953 1339 1974 saera
1362 1943 1444 1973 scire
1468 1941 1593 1983 probat.

704 1993 789 2035 Ergo
814 1994 907 2024 fidem
933 2005 1031 2036 penes
1055 1999 1102 2026 est
1125 1994 1258 2026 archani
1281 1995 1369 2026 notio
1394 1998 1470 2034 tota,

785 2045 825 2076 let
849 2046 908 2076 nisi
933 2046 1118 2086 credideris,
1142 2045 1266 2078 discere
1290 2057 1352 2076 non
1375 2045 1507 2087 poteris.

706 2096 744 2127 1-:t
768 2107 849 2138 quae
873 2104 965 2139 capta
991 2102 1094 2139 putas,
1119 2098 1210 2139 quasi
1235 2099 1310 2128 viva
1334 2097 1528 2138 cognitione,

788 2150 820 2179 Si
848 2150 927 2179 bene
951 2149 1116 2187 discuties,
1142 2154 1176 2180 ut
1199 2148 1296 2180 nichil
1320 2150 1475 2180 invenies.

704 2200 736 2229 Si
762 2200 904 2238 verbum,
929 2201 1014 2242 quod
1040 2201 1071 2231 in
1095 2211 1150 2231 ore
1172 2200 1262 2241 facis,
1287 2202 1339 2232 cui
1364 2200 1470 2232 cordis
1493 2205 1605 2242 operta

789 2251 922 2282 Mandas
948 2252 1030 2283 ferro
1054 2253 1098 2283 tui
1124 2252 1230 2283 cordis
1254 2252 1294 2283 ad
1318 2251 1448 2283 alterius

648 2309 679 2328 ···:‘·
707 2301 818 2336 Aures,
844 2304 982 2342 ignoras,
1008 2304 1083 2345 quid
1108 2305 1157 2343 sit,
1183 2303 1261 2345 quid
1287 2303 1342 2334 fiat
1364 2310 1395 2335 et
1419 2303 1503 2334 unde

791 2353 827 2383 Et
853 2366 934 2396 qnae
959 2366 1076 2397 corpus
1099 2356 1177 2396 agit,
1201 2366 1260 2386 nec
1284 2356 1374 2396 capis
1398 2355 1480 2386 hane
1505 2354 1656 2386 animam.

705 2405 791 2434 Scire
816 2413 909 2446 putas
933 2413 1055 2438 secreta
1080 2407 1165 2438 Dei?
1189 2407 1353 2438 rarissima
1377 2418 1466 2437 mens
1490 2412 1546 2445 est,

787 2460 877 2493 Qum·
901 2458 960 2488 nisi
986 2464 1059 2489 nota
1083 2459 1173 2499 prius
1197 2458 1326 2489 credere
1350 2458 1436 2489 nulla
1461 2463 1575 2500 potest.

708 2505 790 2545 l‘lrgn
816 2507 953 2538 ‹litiis-ilis
978 2509 1067 2540 labor
1090 2516 1136 2540 est
1159 2516 1236 2551 aput
1261 2510 1536 2551 Omnipotentem,

788 2559 879 2595 *gumi
906 2560 929 2588 >i
956 2561 1140 2602 suscipitur,
1165 2568 1269 2592 celcra
1292 2567 1407 2593 cuncta
1430 2565 1550 2602 patent.

707 2610 739 2637 Si
765 2621 825 2639 ιιιιιι
851 2611 1032 2651 suscipitur,
1057 2611 1158 2642 deitas
1183 2623 1244 2643 non
1268 2624 1337 2644 esse
1361 2612 1533 2654 probatum

792 2660 869 2690 Nam
896 2663 955 2691 nisi
981 2663 1048 2693 iure
1073 2668 1175 2703 potest
1200 2664 1317 2702 omnia,
1342 2675 1399 2695 nec
1426 2664 1513 2695 Deus
1537 2669 1593 2695 est.

682 2769 705 2788 111
731 2769 924 2798 11¹1112'J3w'15esr
955 2771 1123 2801 *nsqu'cwlnw
1148 2776 1191 2795 πεί,

2036 664 2061 684 10

2036 921 2062 940 1⁵

2033 1178 2060 1204 20

2034 1435 2061 1455 25

2033 1692 2061 1711 80

2034 1949 2061 1969 ³5

2033 2208 2060 2228 {0

2032 2465 2060 2486 45

2029 2772 2056 2793 50
