2132 3067
226 367 265 385 loti
285 367 359 387 tzur-t.

214 1138 240 1156 cf.
249 1137 292 1156 Act
306 1138 363 1159 4532.

235 1190 262 1208 Pa
284 1190 332 1213 120,
343 1190 363 1209 οἱ.

242 1483 265 1501 cs
282 1483 362 1502 Manli.

267 1514 301 1532 2-1.
313 1513 346 1531 ⁴28.

243 1593 272 1612 cf.
283 1593 362 1611 Manli.

270 1623 303 1647 22,
313 1623 348 1642 40.

213 1653 250 1672 ΡΑ.
262 1653 362 1672 nuduli.

224 2153 269 2172 ¹:10.
280 2155 299 2173 ὅ,
312 2155 363 2171 1⁴>-

242 2183 273 2201 18.
285 2185 306 2201 ct
316 2184 335 2202 ·l.
348 2184 366 2202 1,

378 161 441 192 2111
807 161 858 187 DE
880 160 1050 187 UNITATE
1072 159 1278 187 ECCLESIAE
1301 160 1595 188 CONSERVANDA.

379 264 436 294 per
460 259 559 283 totum
586 250 729 281 textilis-'¹
754 255 850 291 atque
875 250 1067 280 coliaerens¹
1094 254 1275 280 reservatur
1299 249 1391 280 nobis
1415 250 1541 290 integra
1571 254 1603 279 et
1632 249 1814 280 inconcissa
1835 260 1853 279 a
1877 248 2032 280 carnifici-

380 305 439 334 bus
457 303 561 342 Pilati,
588 309 698 343 utpote
719 300 916 339 melioribus⁷
941 312 1037 342 quam
1061 301 1115 342 qui
1141 300 1291 331 dividunt
1314 301 1468 331 unitatem
1494 300 1660 340 ecclesiae,
1685 299 1945 342 quandoquidem
1970 300 2031 342 ipsi

380 355 599 385 interfectores
624 353 744 383 Christi
775 353 884 383 dicant
916 353 947 382 in
978 351 1148 393 euangelio
1181 351 1220 382 de
1252 353 1435 393 integritate
1459 351 1542 382 illius
1567 352 1708 382 tunicae:
1739 351 1813 383 Non
1843 352 2037 382 scindamus-

381 407 480 445 illam,
510 406 566 436 secl
589 406 767 435 sortiamur
789 405 828 434 (Ie
851 416 900 443 cu,
925 405 1018 434 cuius
1042 405 1092 435 sit.
1147 403 1287 434 Unitatis
1319 404 1403 434 enim
1435 409 1668 434 sacramentum
1694 409 1726 434 81
1749 402 1942 434 concordiae
1964 403 2032 434 vin-

379 457 483 488 culum
511 456 564 486 illa
587 455 707 486 Christi
731 456 839 486 tunica
862 455 1104 497 praetendebat,
1129 466 1211 496 quae
1234 455 1275 486 ab
1299 455 1480 496 accipiente
1504 465 1542 485 ae
1565 454 1753 496 possidente
1778 454 1879 485 scindi
1902 454 2032 485 omnino
2051 466 2064 486 5

380 520 442 539 non
474 514 609 549 poterat,
641 506 696 538 sed
728 512 828 537 totam
860 507 955 538 simul
985 512 1017 537 ct
1048 507 1182 538 solidam
1215 506 1398 538 firmitatem
1431 506 1687 548 inseparabiliter
1715 505 1892 548 optinebat.
1937 505 2032 537 Unde

380 566 509 590 sanctus
526 560 711 600 Cyprianus
728 560 903 600 episcopus
927 559 958 588 in
982 557 1065 588 libro
1090 558 1129 589 de
1153 559 1274 589 unitate
1298 558 1473 589 ecclesiae:
1500 558 1582 594 Quis
1605 569 1691 600 erqo,
1714 558 1848 600 inquit2,
1871 559 1918 588 sic
1941 557 2032 588 scele-

380 617 484 651 ratus,
508 612 582 652 quis
605 611 651 641 sic
676 611 863 641 discordiae
877 610 1000 651 furore
1023 621 1174 649 vesanus,
1198 615 1233 640 ut
1257 615 1315 641 aut
1338 611 1450 641 credat
1473 610 1582 640 scindi
1602 621 1708 650 posse,
1733 608 1790 640 dut
1806 609 1928 640 audeat
1950 609 2032 640 scin-

381 664 456 693 dere
480 664 636 692 unitatem
664 662 736 701 Dei,
760 666 873 692 vestem
898 661 1046 700 Domini,
1070 662 1234 692 ecclesiam
1263 661 1407 693 Christi?
1459 661 1522 692 Sed
1553 660 1684 702 quidam
1709 666 1864 692 exeuntes
1892 671 1910 690 a
1939 658 2032 691 nobis

381 715 493 745 dicunt
522 720 554 745 81
582 713 726 744 scribunt
757 724 791 744 se
822 712 996 744 defendere
1026 718 1150 754 partem
1181 714 1229 743 sui
1255 712 1416 754 Gregorii,
1447 723 1509 743 non
1534 712 1565 742 id
1590 712 1675 754 quod
1704 717 1806 744 totum
1830 718 1879 743 est
1902 711 2033 750 Christi,
2053 723 2078 742 ιο

381 766 466 808 quod
491 771 539 797 est
561 765 720 796 catholica
743 764 879 796 ecelesia
897 764 1027 795 Christi.
1074 764 1167 795 Unde
1184 764 1328 795 Isidorus
1352 765 1525 806 episcopus
1549 764 1579 793 in
1601 763 1689 795 VIII.
1714 763 1796 794 libro
1813 762 2033 805 Etymologia-

382 829 470 848 rum:
505 818 682 856 Catlioli'ca,
713 816 849 858 inquit³‚
881 816 938 847 boc
969 821 1013 846 est
1044 817 1242 847 universalis
1265 817 1397 847 ecclesia
1422 817 1555 855 dicitur,
1586 817 1743 856 quoniam
1767 826 1831 846 ηοη
1854 815 2033 847 secundum

383 869 607 900 conventicula
630 869 838 899 hereticorwn
858 869 892 898 iaz
911 868 1077 910 aliquibus
1093 869 1264 909 reqionum
1286 868 1438 909 partibus
1455 871 1634 907 coartatur,
1658 868 1714 898 sed
1733 878 1796 908 per
1812 871 1910 898 totum
1928 866 2032 897 orbem

383 922 524 952 dilatata
549 920 770 961 diffzmditur;
795 919 935 961 ideoque
956 919 1052 950 fidem
1077 929 1139 949 11011
1165 918 1286 949 habent
1303 918 1504 958 catholicam,
1529 919 1583 960 qui
1604 924 1679 949 sunt
1702 929 1765 949 non
1789 919 1821 949 in
1845 923 1923 959 toto,
1946 917 2032 960 quod

357 997 361 1000 .
382 972 519 1004 redemit
535 971 683 1003 Christus
707 977 738 1002 et
762 970 849 1012 quod
873 970 1022 1011 regnabit
1046 981 1118 1001 811111
1139 970 1279 1010 Christo,
1303 971 1358 1002 sed
1382 971 1414 1001 iu
1439 977 1529 1012 parte
1552 969 1671 1012 aliqua,
1695 970 1826 1001 maioris
1849 970 1923 1001 inde
1946 970 2033 1001 'con-
2054 981 2080 1001 15

383 1029 554 1066 sequentes
577 1023 793 1054 danmationis
818 1023 1018 1061 senteutiam,
1048 1027 1206 1064 quotquot
1229 1023 1423 1054 confitentur
1447 1023 1476 1053 in
1501 1021 1648 1063 symbolo
1672 1033 1705 1052 se
1733 1021 1865 1053 credere
1889 1026 2032 1052 sanctam

383 1075 552 1107 ecclesiam
578 1074 779 1115 catholicam,
803 1080 834 1105 et
858 1086 915 1116 per
938 1075 1063 1116 aliquas
1087 1075 1226 1115 partium
1251 1080 1354 1105 sectas
1378 1074 1473 1104 divisi
1494 1085 1556 1104 non
1574 1078 1683 1104 tenent
1698 1074 1850 1104 unitatem
1869 1072 2034 1113 ecclesiae,

383 1139 465 1170 quae
489 1127 613 1157 scilieet
636 1127 741 1157 unitas
765 1127 857 1158 iuxta
880 1125 966 1167 quod
989 1125 1118 1167 legitur,
1149 1125 1362 1158 multitudinis
1392 1125 1590 1156 credentium
1620 1136 1690 1156 8558
1714 1135 1769 1155 cor
1792 1135 1890 1156 unum
1914 1130 1946 1156 et
1967 1125 2034 1155 ani-

383 1190 467 1210 mam
494 1189 600 1214 unam,
625 1179 754 1220 proprie
778 1179 930 1209 convenit
954 1176 1132 1209 catholicae
1156 1177 1321 1209 ecclesiae.
1373 1178 1439 1209 Sed
1461 1189 1523 1219 pm·
1546 1177 1641 1217 diem,
1665 1177 1778 1218 inquit,
1801 1177 1849 1208 sol
1872 1188 1938 1208 non
1961 1181 2033 1208 uret

382 1236 410 1261 te
434 1242 535 1272 neque
557 1231 640 1262 luna
659 1242 722 1272 per
745 1235 876 1261 noctem.
928 1229 1065 1271 Mystice
1095 1229 1199 1260 dictus
1223 1230 1270 1260 sol
1293 1231 1325 1260 iu
1349 1229 1421 1260 Deo
1445 1227 1643 1269 intelligitur,
1673 1233 1705 1259 et
1726 1229 1758 1259 in
1782 1227 1921 1260 ecclesia
1944 1239 2034 1270 prae·
2052 1242 2079 1261 ιο

382 1283 517 1323 figurate
541 1282 628 1312 dicta
652 1280 726 1311 luna
750 1280 950 1322 intelligitur.
997 1281 1062 1312 Sed
1080 1286 1232 1323 tanquam
1256 1293 1275 1312 a
1298 1280 1364 1312 sole
1382 1281 1494 1321 uritur,
1519 1281 1621 1322 quiin
1640 1279 1770 1311 Christo
1787 1279 2034 1319 scandalizatur,

382 1334 515 1365 credens
538 1333 659 1375 aliquid
683 1334 789 1364 minus
814 1334 844 1363 in
864 1333 945 1363 Filio
969 1344 1065 1374 quam
1090 1334 1122 1363 in
1142 1333 1235 1364 l'atre
1259 1338 1290 1364 et
1307 1332 1430 1374 Spiritu
1454 1338 1576 1370 sancto,
1601 1332 1751 1374 quoniam
1769 1331 1865 1363 Pater
1883 1336 1915 1363 et
1930 1331 2033 1362 Filius

383 1392 414 1416 ct
431 1386 570 1427 Spiritus
594 1391 724 1416 sanetus
749 1396 831 1416 unus
848 1390 897 1416 est
912 1385 1004 1416 Deus
1026 1385 1309 1416 consubstantialis
1333 1389 1364 1415 et
1388 1390 1588 1415 coaeternus.
1629 1384 1740 1415 Uritur
1755 1389 1862 1415 autem
1879 1390 2033 1425 tanquam

383 1449 401 1468 a
430 1437 515 1476 luna,
547 1437 600 1478 qui
634 1436 871 1467 scandalizatur
902 1437 932 1466 in
964 1435 1110 1477 ecclesia,
1143 1436 1276 1467 credens
1306 1447 1375 1467 eam
1407 1447 1476 1467 esse
1500 1436 1531 1466 in
1555 1443 1646 1477 parte
1675 1447 1749 1474 una,
1780 1436 1870 1466 iuxta
1892 1434 1978 1478 quod
2002 1440 2035 1466 et

382 1489 542 1520 Dominus
567 1499 623 1530 per
646 1487 945 1529 pseudoprophetas
968 1494 999 1519 81
1023 1488 1119 1518 falsos
1144 1487 1293 1518 doctores
1316 1487 1384 1518 fieri
1410 1487 1580 1529 praedixit,
1605 1487 1658 1528 qui
1676 1487 1799 1518 dieunt:
1823 1487 1906 1518 Ecce
1921 1487 1973 1518 hic
1989 1491 2034 1519 est
2052 1498 2098 1522 ss,

385 1540 544 1578 Christus,
568 1552 636 1570 8888
661 1539 738 1578 illic,
762 1550 834 1570 cum
859 1539 910 1570 1118
935 1545 1034 1570 10111111
1061 1539 1171 1570 orbem
1196 1540 1318 1579 emerit,
1343 1540 1396 1581 qui
1422 1545 1545 1570 tantum
1571 1539 1737 1580 sanguinis
1754 1540 1802 1570 sui
1818 1539 1956 1581 pretium
1980 1537 2034 1570 de-

383 1592 438 1623 dit.
485 1592 535 1623 De
560 1591 608 1622 his
631 1591 757 1621 duobus
782 1591 924 1622 timenda
947 1598 1021 1622 sunt
1044 1591 1205 1623 scandala.
1230 1592 1381 1633 quoniam
1407 1596 1439 1622 et
1462 1590 1526 1621 duo
1551 1598 1624 1622 sunt
1649 1596 1831 1633 praecepta,
1861 1591 1892 1622 in
1917 1589 2034 1632 quibus

384 1649 449 1675 tota
473 1643 523 1675 lex
550 1642 668 1684 pendet
691 1648 723 1673 et
747 1642 933 1684 prophetae,
958 1642 1086 1673 dileetio
1111 1643 1232 1674 scilicet
1249 1643 1310 1674 Dei
1336 1649 1367 1674 et
1391 1642 1520 1673 dilectio
1546 1643 1698 1684 proximi.
1737 1643 1809 1674 Pam
1832 1642 1935 1673 multa
1959 1641 2034 1673 dili-

383 1696 532 1737 qcntibus
554 1695 654 1735 teycm.
678 1700 778 1734 tuam,
803 1695 951 1734 Domine,
974 1700 1001 1725 ct
1025 1706 1089 1726 11011
1114 1701 1158 1726 est
1184 1695 1249 1726 illis
1269 1695 1474 1726 scandalum.
1513 1693 1577 1725 Sed
1595 1694 1707 1725 scribit
1723 1701 1834 1725 contra
1850 1704 1908 1725 nos
1925 1698 2034 1724 noster

383 1747 606 1777 adversarius:
631 1746 709 1786 Nos,
732 1746 891 1787 inquiens,
919 1748 1037 1776 iustam
1061 1752 1185 1787 partem
1206 1747 1361 1787 (heqer-ii
1383 1747 1448 1777 <iam
1475 1758 1494 1776 a
1514 1746 1582 1776 Deo
1607 1748 1781 1788 assumpti,
1804 1747 1889 1777 sicut
1911 1747 2034 1777 iustum
2052 1756 2080 1776 ιο

385 1803 438 1837 est,
463 1798 680 1838 defendimus.
725 1797 819 1829 ‘Unde
843 1798 1046 1838 Augustinus
1076 1797 1219 1829 scribens
1251 1799 1282 1828 in
1313 1804 1452 1829 tractatu
1483 1797 1600 1839 psalmi
1631 1808 1700 1839 cap.
1725 1797 1803 1829 XII.
1827 1797 1867 1829 de
1897 1796 2032 1829 talibus:

386 1850 433 1880 Eo
455 1851 542 1891 plus,
566 1849 701 1890 inquit⁴,
726 1849 873 1879 abundat
898 1851 1055 1890 nequitia,
1080 1862 1139 1891 quo
1163 1850 1226 1881 sibi
1250 1851 1377 1881 videtur
1401 1849 1573 1880 abundare
1596 1851 1736 1890 iustitia,
1759 1855 1791 1880 et
1813 1850 1890 1892 quia
1911 1849 2034 1880 iustitia

385 1907 433 1932 est
463 1903 494 1932 in
526 1900 623 1931 corde
655 1901 809 1942 ipsorum,
841 1900 896 1932 5811
929 1900 1018 1941 falsa,
1049 1902 1121 1932 idco
1154 1902 1233 1932 ait⁵:
1264 1902 1340 1932 Non
1368 1902 1568 1942 perveniunt
1592 1901 1637 1932 ad
1661 1913 1779 1941 veram,
1811 1902 1891 1943 quia
1919 1899 2035 1942 repleti

385 1959 460 1984 sunt
473 1953 581 1993 falsa.

490 2005 518 2035 6.
566 2004 651 2034 Ecce
675 2004 759 2035 enim
785 2015 853 2043 vos,
878 2009 912 2035 ut
936 2005 979 2034 ita
1003 2003 1116 2043 dicam,
1142 2004 1353 2045 particulares
1369 2003 1596 2043 Hildebrandi,
1620 2015 1677 2046 per
1692 2003 1750 2035 hos
1774 2003 1898 2035 XIIIIl‘
1920 2008 1976 2035 aut
1995 2013 2032 2035 eo
2050 2013 2078 2034 ns
2093 2027 2100 2031 .

386 2055 523 2097 amplius
553 2066 655 2086 annos
686 2055 807 2097 praelia
837 2061 869 2086 et
899 2055 1072 2087 seditiones
1102 2057 1229 2098 agit-is⁶‚
1261 2062 1291 2087 et
1315 2067 1354 2086 118
1378 2055 1483 2087 adhue
1507 2055 1636 2097 quidem
1668 2056 1739 2097 paci
1762 2054 1811 2087 vel
1840 2055 2034 2087 concordiae

2100 2054 2104 2063 -
2092 1997 2102 2017 ⁶
2086 1862 2114 1978 Mn..-
2095 1646 2118 1850 >‘-Lot›m0·
2104 1609 2116 1630 n

347 2116 364 2133 ·-·‡
385 2108 601 2150 acquiescitis,
626 2107 692 2147 scd,
717 2108 797 2138 sicut
820 2119 894 2138 vere
911 2108 955 2138 ait
973 2107 1111 2138 lacobus
1127 2107 1304 2149 apostolus,
1328 2108 1477 2138 occiditis
1501 2113 1528 2138 et
1550 2107 1674 2147 zelatis,
1697 2107 1896 2149 belligeratis
1916 2111 1947 2138 et
1968 2107 2033 2139 liti-

386 2161 481 2201 9ut1's.
530 2158 655 2194 Quodsi
677 2159 777 2190 :etum
803 2171 954 2190 amarum
974 2159 1098 2190 habetis
1121 2165 1148 2190 et
1172 2160 1392 2190 contentiones
1410 2160 1444 2190 in
1462 2159 1616 2190 cordibus
1639 2161 1762 2199 vestris,
1786 2158 1894 2200 nolite,
1918 2159 2032 2201 inquit,

387 2212 528 2251 gyloriuri
552 2216 579 2241 et
602 2211 772 2241 mendaces
795 2223 861 2241 esse
884 2211 1044 2241 adversas
1060 2213 1235 2244 veritatem.
1274 2211 1349 2242 Non
1373 2216 1418 2242 est
1440 2213 1502 2242 ista
1527 2211 1694 2252 sapientia
1715 2211 1888 2242 desursum
1905 2210 2033 2242 descen-

387 2263 466 2292 dens
490 2274 508 2291 11
533 2267 628 2303 patre
651 2263 821 2301 luminum,
845 2263 900 2293 secl
923 2268 1064 2301 terrena,
1089 2263 1256 2301 animalis,
1279 2263 1454 2294 diabolica.
1511 2262 1573 2293 Ubi
1595 2263 1681 2293 enim
1702 2261 1789 2293 zelus
1811 2266 1840 2293 et
1861 2262 2033 2302 contentio,
2051 2257 2100 2294 «Of

389 2314 432 2343 ibi
456 2314 680 2343 inconstantia
705 2319 733 2343 et
756 2326 846 2344 omne
869 2326 949 2355 opus
970 2326 1121 2356 pravum.
1177 2313 1269 2350 Quae
1293 2320 1399 2345 autem
1422 2315 1591 2346 desursum
1616 2319 1660 2345 est
1683 2315 1861 2354 sapientia,
1889 2315 2034 2355 primum
2082 2305 2098 2337 >⁴

389 2365 514 2405 quidem
537 2365 662 2405 pudica
687 2370 741 2404 est,
765 2366 882 2396 deinde
903 2367 1059 2407 pacifica,
1084 2366 1236 2406 modesta,
1260 2366 1439 2403 suasibilis,
1465 2367 1558 2397 bonis
1581 2367 1795 2405 consentiens,
1818 2365 1921 2406 plena
1943 2366 2033 2397 mise-

390 2416 534 2445 ricordia
560 2421 586 2443 vt
601 2416 773 2456 fructibus
796 2416 899 2448 bonis.
925 2418 1080 2448 iudicans
1103 2419 1172 2448 sinc
1195 2418 1413 2458 simulatione,
1431 2418 1569 2458 fructus
1593 2422 1697 2448 autem
1722 2417 1870 2448 iustitiae
1893 2417 1929 2448 in
1949 2427 2032 2458 pace

387 2468 788 2506 smninaturjucientibus
809 2480 932 2509 pacem.
984 2468 1086 2509 (finde,
1110 2470 1222 2511 inquit,
1247 2469 1327 2500 bella
1351 2475 1378 2500 ct
1400 2470 1472 2500 lites
1497 2471 1530 2500 in
1554 2468 1665 2500 vobis?
1708 2467 1827 2499 Nonne
1849 2468 1949 2499 hinc?
1971 2467 2032 2499 sci-

500 2577 527 2595 111
549 2572 635 2595 texilis
658 2573 680 2596 1.
780 2573 805 2598 h)
827 2573 903 2596 xllll
926 2587 959 2590 —
982 2575 1059 2605 agitis
1081 2582 1167 2598 errore
1188 2574 1330 2606 manifesto
1350 2574 1377 2598 in
1391 2575 1448 2606 fine
1468 2583 1488 2598 c.
1506 2575 1532 2598 5.
1553 2574 1628 2605 pouit
1651 2576 1674 2599 1.
1712 2573 1744 2599 G.
1766 2573 1800 2598 IV.
2049 2574 2082 2601 Ol.

499 2670 525 2702 1)
556 2669 769 2702 Cf.(⁷ypr1‘a⁷n‘,
802 2671 845 2695 Dc
874 2671 942 2697 unit,
966 2672 1031 2697 cccl.
1055 2675 1069 2702 ,ἢ
1095 2672 1120 2703 T,
1147 2681 1177 2705 Ι).
1196 2673 1272 2698 216:
1301 2672 1341 2698 At
1367 2680 1435 2698 vero
1467 2672 1535 2706 quia
1558 2671 1665 2698 Christi
1693 2670 1820 2706 populun
1848 2679 1907 2697 non
1933 2671 2032 2705 potest

391 2719 492 2749 scindi,
518 2720 615 2746 tunica
639 2720 700 2746 eins
725 2729 777 2754 pcr
801 2725 891 2747 totum
915 2722 1022 2747 textilis
1048 2726 1074 2748 81
1099 2723 1258 2749 cohaerens
1283 2722 1375 2748 divisa
1399 2732 1415 2749 a
1439 2722 1657 2757 possidentibus
1681 2731 1739 2749 non
1762 2725 1815 2749 est.
1904 2722 1935 2755 2)
1959 2720 2032 2756 Opp.

387 2781 417 2805 p.
443 2772 512 2798 ⁶216.
627 2772 656 2803 3)
683 2772 800 2805 In'tymol.
825 2773 842 2798 l.
868 2773 946 2805 1711,
972 2783 994 2799 c.
1023 2775 1048 2807 1,
1072 2777 1086 2805 ξ
1113 2776 1137 2807 1,
1165 2776 1234 2808 Upp.
1259 2775 1301 2801 ed.
1326 2775 1462 2801 Armatus
1488 2775 1545 2808 III,
1568 2784 1597 2809 p.
1615 2774 1684 2801 346.
1787 2773 1817 2807 4)
1840 2773 1979 2800 Eum-rat.
2001 2771 2031 2798 in

389 2832 431 2856 ps.
451 2822 577 2855 CXXII,
601 2826 614 2853 ξ
642 2824 686 2849 10.
710 2824 753 2856 12,
781 2826 851 2858 ⁰111».
870 2824 920 2852 [Γ.
940 2825 966 2854 ¹2,
991 2825 1041 2851 col.
1064 2825 1151 2852 1401.
1219 2827 1247 2855 5)
1273 2826 1339 2852 1,.1.
1360 2826 1411 2853 col.
1432 2826 1521 2852 1402.
1590 2826 1619 2854 61
1643 2825 1688 2859 Cf.
1711 2833 1798 2859 supra
1821 2833 1845 2850 c.
1865 2824 1892 2858 7,
1912 2833 1942 2858 p.
1962 2822 2030 2851 193.
