2132 3067
333 159 393 188 235²
758 159 809 185 DE
832 158 1003 185 UNITATE
1025 157 1235 185 ECCLESIAE
1257 157 1553 185 CONSERVANDA.

328 250 407 281 licae
436 249 591 280 ecclesiae
616 249 688 286 Dei,
717 248 906 289 praedicans
935 258 1005 278 eam
1035 258 1106 278 esse
1130 247 1161 277 in
1186 252 1275 288 parte
1300 246 1350 276 sui
1375 245 1536 287 Gregorii,
1565 245 1651 287 apud
1675 245 1878 288 supradictos
1901 257 1976 288 quo-

330 312 390 342 que
415 300 712 342 pseudoepiscopos
736 310 805 330 esse
829 305 940 330 sancta
964 298 1143 330 sacerdotia
1160 298 1233 338 Dei,
1257 299 1412 340 ipsosque
1435 308 1504 328 esse
1528 297 1710 338 spirituales
1732 304 1830 339 atque
1852 298 1884 328 in
1909 308 1979 328 eae-

330 352 465 383 lestibus
491 351 674 382 conversari
693 356 723 381 et
739 361 808 381 esse
825 349 907 381 tilios
926 350 997 389 Dei,
1022 355 1166 381 caeteros
1189 354 1296 380 autem
1321 349 1620 380 excommunicatos
1643 353 1675 380 et
1699 349 1860 380 hereticos
1882 354 1978 391 atque

329 404 526 434 scismaticos
551 414 631 441 esse,
662 403 846 444 quicunque
871 402 1006 433 subiecti
1031 408 1105 432 sunt
1129 400 1178 432 vel
1202 402 1442 432 communicant
1465 401 1493 431 ei
1518 402 1571 442 qui
1596 411 1658 431 non
1682 405 1731 432 est
1754 401 1785 431 in
1810 406 1901 442 parte
1925 400 1978 431 ali-

329 456 430 494 cuius,
455 454 510 485 sed
529 455 559 484 in
577 459 656 493 toto,
674 453 797 484 scilicet
812 455 998 495 imperatori
1017 452 1178 483 Henricho
1195 453 1262 483 sive
1282 452 1460 494 XVigberdo
1477 453 1647 493 eidemque
1665 452 1807 493 pontifici
1823 451 1979 491 Romano,
1998 466 2011 485 s

328 505 414 548 apud
439 518 494 536 eos
518 505 657 547 denique
681 505 758 536 nihil
782 506 842 536 nisi
866 505 905 536 ad
931 504 1231 535 condemnationem
1256 503 1362 535 valere
1387 503 1507 534 Christi
1535 509 1566 534 et
1594 503 1748 534 ecclesiae
1771 509 1979 542 sacramenta,

330 568 413 599 quac
438 562 513 588 sunt
536 557 718 599 baptisma²¹
743 563 774 588 et
797 557 936 587 chrisma
959 562 990 587 et
1013 557 1159 598 corporis
1183 568 1220 587 ac
1245 556 1411 596 sanguinis
1436 555 1566 586 Domini
1591 556 1754 596 mysteria.
1800 555 1887 597 Ergo
1911 555 1978 598 qui-

330 611 388 640 bus
413 621 451 639 ex
477 610 581 640 causis
605 615 636 640 et
659 620 722 651 qua
745 610 936 640 necessitate
960 607 1160 648 wigberdus
1185 618 1269 650 papa
1293 608 1334 638 sit
1362 607 1492 647 electus,
1521 617 1616 648 supra
1647 607 1709 637 iam
1741 606 1894 647 diximus,
1923 607 1979 649 qui

329 667 413 692 certe
446 672 502 702 per
531 661 609 701 eius,
641 671 722 702 quae
745 671 819 691 vere
844 666 892 691 est
916 660 1061 690 Romana
1085 659 1232 697 ecclesia,
1264 670 1454 690 consensum
1479 664 1509 690 et
1533 669 1591 700 per
1613 658 1801 699 suffragium
1827 658 1979 690 Henrichi

330 714 413 753 regis
437 712 645 753 eiusdemque
670 713 805 742 Romani
836 712 962 753 patricii
987 717 1035 742 est
1058 712 1257 742 ordinatus1.
1303 710 1367 741 Sed
1393 709 1550 741 Silverius
1574 720 1670 752 papa,
1699 710 1784 741 sicut
1806 709 1924 752 legitur
1946 710 1978 741 in
2000 724 2027 743 ιο

330 764 437 795 Gestis
462 763 701 806 pontificalibus
714 768 734 801 ²,
767 763 842 794 olim
875 775 932 805 per
955 764 1019 794 vim
1052 762 1174 794 levatus
1205 762 1315 805 [estb];
1347 769 1378 794 et
1408 768 1443 793 ut
1474 761 1661 792 sacerdotes
1689 761 1883 793 ordinationi
1911 762 1979 793 eius

330 817 420 846 iuxta
442 816 609 857 antiquum
635 826 756 846 morem
780 815 830 846 vel
855 815 1018 846 decretum
1044 814 1294 854 subscriberent,
1319 813 1477 856 compulit
1501 819 1655 855 tyrannus
1678 813 1809 854 quidam
1833 813 1979 845 Theodo-

330 873 410 898 rusc.
459 867 554 906 Quod
586 877 660 897 cum
692 867 837 908 optinere
869 878 930 897 non
961 872 1080 908 posset,
1113 865 1188 897 licet
1217 876 1346 896 causam
1377 865 1459 896 hanc
1481 865 1599 907 gladiis
1627 870 1747 906 ageret,
1777 871 1884 897 tamen
1909 871 1980 907 post

329 918 562 949 ordinationem
587 919 689 959 ipsius
714 917 843 949 Silverii
875 918 1135 960 subscripserunt
1166 918 1193 948 ei
1226 928 1336 949 omnes
1367 917 1529 948 communi
1562 927 1731 955 consensu,
1766 922 1896 959 propter
1926 916 1979 948 ad-

331 971 513 1001 unationem
539 969 692 1000 videlicet
716 969 880 1011 religionis
910 976 941 1001 et
970 970 1068 1011 pacis,
1099 980 1138 1000 ne
1169 969 1249 1000 forte
1280 971 1450 1000 sustineret
1479 967 1613 1000 ecelesia
1636 968 1767 1010 aliquod
1792 967 1978 1000 scandalum
2001 980 2028 1000 ιι

330 1022 500 1052 scismatis.
546 1020 638 1051 Nune
662 1027 767 1052 autem
789 1022 933 1052 Romana
957 1020 1092 1052 ecclesia
1117 1028 1148 1052 et
1172 1021 1323 1062 patricius
1344 1021 1561 1051 Romanorum
1587 1027 1819 1051 consenserunt
1842 1021 1874 1051 in
1891 1020 1981 1062 wig-

331 1073 410 1104 berti
443 1072 610 1113 electione,
641 1079 671 1104 et
702 1079 808 1104 tamen
840 1084 898 1103 nec
931 1079 1003 1114 post
1034 1074 1208 1114 septimum
1240 1083 1359 1103 annum
1371 1077 1392 1112 ³,
1425 1083 1489 1113 quo
1520 1071 1689 1102 defunctus
1713 1078 1761 1103 est
1785 1071 1981 1103 Hildebrant

330 1136 423 1166 papa,
447 1124 522 1155 lieet
541 1125 715 1154 l-{omanam
741 1124 908 1155 ecclesiam
934 1124 1028 1155 talem
1054 1124 1239 1165 pontificem
1265 1123 1394 1162 habere,
1419 1123 1522 1165 qualis
1540 1123 1730 1155 catholicum
1749 1134 1866 1165 corpus
1882 1123 1980 1155 ecele-

226 1185 251 1203 ‘·
330 1177 396 1207 siae
420 1186 481 1207 non
507 1175 632 1215 dividit,
664 1176 717 1206 sed
751 1177 912 1217 integrare
942 1175 1017 1206 illud
1043 1182 1075 1206 et
1098 1176 1187 1206 unire
1217 1175 1363 1214 intendit,
1393 1176 1478 1205 ‘cum
1503 1176 1534 1205 in
1560 1174 1819 1206 Chalcedonensi
1842 1173 1979 1206 concilio

329 1233 483 1259 statutum
508 1227 580 1267 sit⁴‚
611 1232 645 1257 ut
675 1228 758 1258 intra
789 1233 851 1258 tres
884 1238 1009 1257 menses
1033 1226 1173 1258 debeant
1201 1227 1429 1268 cpiscoporum
1455 1227 1673 1258 ordinationes
1699 1226 1777 1266 fleri,
1807 1227 1867 1257 nisi
1899 1226 1980 1258 forte
2001 1240 2028 1259 2⁰

329 1280 507 1310 necessitas
531 1277 727 1309 excusabilis
751 1279 894 1319 coegerit
917 1278 1079 1310 dilationis
1104 1284 1231 1320 tempus
1255 1277 1406 1319 protrahi.
1447 1278 1541 1319 Ecce,
1565 1278 1605 1310 ad
1623 1277 1699 1320 quid
1717 1278 1864 1320 pervenit
1878 1282 1981 1310 mater

329 1331 470 1361 oninium
495 1330 715 1370 ecclesiarum,
739 1336 773 1360 ut
797 1330 963 1361 subiacere
988 1330 1137 1361 videatur
1161 1329 1280 1361 iudicio
1302 1340 1537 1371 perversorum,
1562 1341 1644 1372 quae
1660 1331 1708 1361 ius
1725 1329 1822 1361 habet
1837 1329 1877 1361 de
1893 1329 1980 1360 omni

328 1383 466 1413 ccclesia
490 1381 652 1412 iudicandi
677 1392 781 1423 neque
805 1383 957 1423 cuiquam
989 1382 1029 1413 de
1061 1383 1129 1412 eius
1160 1381 1233 1413 licet
1263 1382 1405 1413 iudicare
1436 1382 1568 1423 iudicio,
1600 1383 1684 1413 sicut
1706 1382 1905 1413 constituunt
1928 1380 1980 1412 de-

329 1440 416 1465 creta
438 1433 613 1465 canonum!
660 1433 746 1464 Eece
773 1433 982 1474 Wigberdus,
1007 1434 1059 1475 qui
1085 1439 1115 1464 et
1140 1432 1291 1464 Clemens
1316 1444 1411 1475 papa⁷
1443 1434 1534 1464 cuius
1558 1433 1704 1465 doctrina
1726 1439 1812 1464 certe
1834 1439 1883 1464 est
1905 1443 1980 1474 apo-

329 1486 441 1518 stolica
464 1491 495 1516 ct
517 1486 609 1515 cuius
634 1485 755 1526 ¹<cripta
779 1496 852 1515 vere
877 1491 950 1516 sunt
974 1485 1142 1523 catholica,
1172 1487 1255 1516 sicut
1277 1485 1452 1516 didicimus
1476 1497 1515 1517 ex
1540 1484 1603 1521 illa,
1631 1496 1727 1527 quam
1753 1490 1891 1516 tractare
1914 1495 1981 1516 sus·
2001 1497 2028 1517 25

329 1539 484 1579 cepimus,
508 1536 677 1578 epistola⁵‚
702 1548 783 1578 quae
808 1538 946 1578 scriptor
969 1536 1053 1567 illius
1079 1542 1262 1578 pervertere
1286 1537 1415 1568 molitur
1439 1538 1703 1579 interpretatione
1728 1536 1910 1577 falsissima,
1941 1537 1981 1567 si-

329 1595 383 1620 cut
407 1588 616 1630 probabimus
639 1589 671 1618 in
695 1589 841 1629 sequenti
866 1588 958 1628 libro,
983 1588 1044 1629 ille,
1069 1589 1210 1630 inquam,
1236 1588 1385 1619 Clemens
1409 1599 1495 1631 papa
1519 1588 1706 1620 inscribitur
1721 1587 1800 1619 falso
1816 1588 1867 1619 fur
1882 1594 1979 1630 atque

331 1641 489 1672 hereticus
520 1639 560 1670 ab
593 1639 720 1669 homine
752 1640 861 1681 iniquo
893 1647 924 1671 et
955 1640 1077 1671 doloso.
1125 1640 1356 1672 Verumtamen
1381 1640 1585 1682 supradictus
1608 1651 1695 1682 papa
1718 1639 1886 1678 Silverius‚
1915 1640 1979 1671 iam

329 1692 544 1731 beatissimus,
568 1691 650 1721 sicut
674 1690 791 1731 legitur
802 1697 822 1730 ⁰,
846 1692 959 1732 factus,
985 1698 1156 1733 postquam
1181 1703 1334 1723 revocare
1358 1692 1460 1724 noluit
1483 1692 1649 1723 Antimum
1674 1690 1899 1733 patriarcham,
1929 1691 1982 1722 ho-

330 1745 448 1775 minem
474 1743 661 1781 hereticum,
686 1754 704 1773 a
728 1742 821 1774 beato
842 1745 989 1785 Agapeto
1014 1744 1181 1774 decessore
1205 1755 1262 1775 suo
1287 1744 1469 1786 depositum
1495 1755 1552 1785 pro
1569 1743 1713 1785 nequitia
1730 1742 1825 1783 illius,
1849 1748 1982 1786 propter
2000 1755 2028 1776 ³0

330 1795 389 1825 hoc
412 1806 469 1836 per
493 1795 667 1825 iussionem
678 1795 690 1814 ⁴¹
714 1801 873 1835 augustae
905 1800 953 1826 est
983 1795 1166 1836 depositus-3
1198 1796 1250 1826 cui
1275 1795 1414 1837 vigilius
1445 1795 1694 1827 archidiaconus
1723 1795 1791 1826 eius
1814 1795 1980 1834 successit,

329 1847 382 1887 qui
409 1847 583 1888 praecipue
607 1846 818 1887 depositionis
844 1847 945 1888 ipsius
969 1857 1066 1877 causa
1089 1847 1205 1886 extitit,
1230 1847 1283 1889 qui
1308 1848 1404 1878 etiam
1429 1847 1565 1878 eundem
1597 1858 1715 1889 papam
1744 1857 1838 1878 suum
1867 1846 1981 1889 depor-

329 1899 388 1929 tari
412 1899 442 1928 in
467 1897 599 1928 exilium
624 1898 709 1933 fecit,
733 1897 787 1929 ubi
812 1909 885 1929 eum
912 1899 994 1929 fame
1011 1898 1228 1929 tribulationis
1252 1905 1283 1930 et
1306 1909 1389 1941 aqua
1405 1900 1585 1941 angustiae,
1610 1899 1694 1930 sicut
1710 1897 1856 1940 legitur⁷‚
1879 1908 1981 1940 usque

329 1949 368 1980 ad
402 1955 536 1980 mortem
569 1950 771 1982 sustentavit.
826 1950 916 1980 Haec
947 1950 1117 1991 quanwise
1141 1949 1279 1990 vigilius
1309 1951 1429 1991 feeerit,
1459 1962 1553 1982 nemo
1583 1957 1690 1982 tamen
1721 1951 1752 1981 in
1781 1949 1864 1981 hane
1891 1960 1981 1992 prae·

330 2001 522 2042 sumptionis
546 2000 709 2032 audatiam
735 2002 894 2043 prorupit,
918 2008 952 2033 ut
975 2002 1080 2043 ipsum
1098 2001 1262 2033 Romanae
1279 2002 1435 2034 ecclesiae
1452 2002 1635 2045 pontificem
1658 2001 1708 2033 vel
1730 2001 1906 2033 hereticum
1930 2000 1982 2032 vel
2001 2013 2028 2034 ιε

330 2053 430 2083 furem
455 2052 674 2095 descripserit.
720 2053 771 2084 De
796 2064 860 2095 quo
885 2058 971 2084 certe
998 2053 1127 2094 Vigiho,
1152 2059 1265 2095 postea
1289 2065 1442 2096 perpesso
1466 2054 1565 2085 inulta
1589 2053 1732 2096 pericula
1753 2064 1812 2096 pro
1835 2053 1981 2093 ecclesia,

331 2115 426 2145 quam
459 2105 529 2146 ipse
561 2115 679 2145 magna
709 2105 843 2145 regebat
875 2105 1041 2143 industria,
1073 2105 1112 2136 de
1143 2104 1206 2146 illo,
1238 2106 1378 2147 inquam,
1411 2104 1523 2138 scribit
1553 2106 1671 2137 Arator
1701 2104 1918 2137 subdiaconus
1949 2106 1981 2137 in

331 2167 427 2196 opere
451 2167 508 2186 suo
519 2162 540 2195 Β,
566 2155 651 2197 quod
677 2156 715 2187 do
739 2156 865 2187 actibus
889 2156 1108 2198 apostolorum
1133 2158 1315 2199 composuit
1339 2157 1468 2189 heroico
1492 2161 1611 2189 metro:

671 2208 805 2239 Publica
830 2208 974 2248 liber-las,
1007 2208 1107 2249 Viyili
1130 2210 1334 2239 sanctissime
1354 2221 1460 2251 papa,

754 2260 901 2291 Advenis
927 2261 1052 2291 incluso
1076 2260 1194 2291 solvere
1218 2260 1326 2291 vincla
1350 2262 1455 2301 gyrejsz'.
1999 2271 2028 2290 ιο

672 2310 721 2339 De
744 2311 868 2351 ἱιΙΙιιιίίίε
895 2314 1076 2353 rapiuntur
1099 2323 1169 2341 oves
1191 2317 1322 2353 pastore
1349 2313 1497 2342 ministro

758 2362 857 2403 Inque
882 2364 1199 2404 hunum-isferimur,
1224 2368 1251 2393 Ie
1276 2369 1456 2402 revocante,
1479 2365 1557 2404 plis.

676 2413 741 2443 lloc
766 2415 834 2451 tibi,
860 2427 975 2455 mii-qne
998 2420 1103 2455 paler,
1128 2426 1196 2445 cnm
1223 2415 1332 2449 detero
1356 2426 1476 2445 numus
1500 2416 1630 2454 (inieris,

759 2466 903 2506 l2'rspice,
928 2467 1014 2507 qnod
1040 2467 1161 2497 meritis
1185 2466 1290 2497 debita
1316 2466 1401 2497 solvo
1426 2468 1500 2497 tuis.

445 2550 470 2566 :n
498 2544 663 2575 baptismatis
689 2546 710 2570 l.
815 2547 841 2570 bi
869 2547 939 2571 ‹Im-st
962 2548 983 2571 l.
1089 2549 1116 2577 e)
1142 2548 1295 2572 Tlicodatus
1318 2547 1375 2572 Lib.
1394 2551 1468 2579 pont.
1573 2548 1601 2578 d)
1627 2548 1663 2573 ita
1685 2547 1717 2572 G.
1735 2557 1779 2580 p..·
1803 2547 1932 2572 visionem
1957 2547 1978 2570 1.
2000 2547 2027 2567 ⁴5

334 2599 357 2616 ci
382 2590 494 2621 quanvis
520 2592 539 2612 1.

444 2666 470 2689 15
493 2665 555 2697 [lle
580 2666 708 2691 es’ocnssmr
731 2667 843 2691 Wihcrti
867 2676 890 2693 ια,
912 2668 1064 2700 li‘nchnrlce,
1094 2669 1195 2695 wibert
1220 2679 1244 2696 c.
1263 2670 1399 2695 Ravenna
1421 2679 1449 2703 p.
1469 2669 1505 2695 39
1523 2670 1590 2704 sq.].
1658 2670 1687 2703 3)
1714 2669 1797 2695 Liber
1814 2667 1919 2702 pontif.
1937 2667 1978 2695 ed.

338 2716 481 2741 Imclecsne
499 2716 521 2748 Ι,
542 2725 573 2749 p.
589 2718 657 2743 2200.
726 2718 755 2742 3)
779 2718 848 2743 Inde
872 2719 992 2751 qrjtieitur
1016 2720 1084 2745 haec
1109 2721 1191 2746 rerba
1217 2725 1330 2746 excutite
1353 2730 1427 2746 aurio
1453 2721 1541 2750 1092.
1565 2720 1673 2755 scripta
1697 2729 1764 2747 esee.
1830 2719 1861 2753 4)
1885 2719 1978 2752 C.25,

337 2767 433 2792 ,Hormi
459 2767 527 2792 (ἠΙΙ.
546 2777 619 2794 conc.
643 2768 703 2794 l'II.
726 2768 777 2795 rol.
796 2770 865 2794 2³30.
934 2770 962 2801 ἦ)
989 2770 1030 2801 (Υ,
1049 2771 1067 2796 I.
1086 2771 1141 2797 ΙΙῘ.
1161 2781 1183 2798 c.
1199 2773 1225 2800 ζ),
1294 2772 1322 2806 6)
1346 2772 1431 2798 Liber
1449 2772 1565 2806 pontif,
1589 2772 1607 2797 I.
1625 2772 1643 2798 I.
1663 2781 1694 2806 p.
1713 2772 1784 2799 292.
1852 2771 1882 2805 7)
1905 2770 1978 2797 Ιὸὶἆ.

332 2827 360 2851 1¹.
379 2818 448 2843 293.
559 2819 587 2845 NJ
613 2820 715 2845 :ti-amr
739 2820 772 2845 dae·
796 2820 903 2845 actibus
927 2822 1113 2854 apwtolornm
1139 2823 1180 2848 ed.
1206 2824 1331 2855 Arnlzen,
1357 2823 1498 2857 Zurphan.
1525 2823 1613 2855 1769,
1634 2832 1665 2857 p,
1686 2823 1815 2851 19—21.
1839 2822 1919 2857 epist.
1941 2822 1980 2849 ad
1999 2829 2027 2848 50

342 2869 470 2903 l'r‘qi'linm
495 2880 520 2895 r.
539 2871 629 2896 3—13.
654 2875 676 2895 e!
703 2871 834 2897 ’Δῖ-25.
