2132 3067
40 720 67 740 1⁰

41 977 68 997 15

40 1235 68 1254 20

42 1534 69 1554 25

42 1765 69 1784 ³⁰

43 2054 71 2074 ³5

45 2312 73 2331 40

326 155 513 183 EPISTOLA
535 156 589 182 AD
614 155 805 182 HUGONEM
828 155 1164 183 ARCHLEPISCOPUM
1187 155 1486 183 LUGDUNENSEM.
1669 152 1730 183 [345

84 250 208 277 tantum
239 255 258 274 a
286 244 444 286 corporali
473 245 664 276 investitura
693 244 844 283 excludit,
874 250 1053 286 quantu1n³
1084 245 1309 285 intelleximus,
1340 257 1404 276 non
1435 245 1475 276 ab
1505 245 1669 284 electione,
1698 246 1729 275 in

85 302 240 339 quantum
265 302 340 326 sunt
363 302 460 337 caput
484 295 595 337 populi
619 296 669 327 vel
693 297 911 335 concessione,
937 297 1083 337 quamvis
1107 302 1222 328 octava
1245 297 1396 328 sinodusl
1415 297 1517 327 solum
1542 297 1730 338 prohibeat⁰

85 359 138 379 eos
166 348 320 378 interesse
350 347 508 388 electioni,
537 358 601 378 non
630 348 858 378 concessioni2.
906 347 998 386 Quae
1027 348 1191 379 concessio
1222 349 1289 379 sive
1320 348 1395 379 fiatd
1418 359 1526 388 manu,
1555 349 1624 379 sive
1655 348 1730 379 fiate

83 405 172 438 nutu,
202 399 269 429 sive
293 398 413 439 lingua,
445 400 512 429 sive
535 400 636 440 virga,
667 399 744 440 quid
775 399 882 438 refert,
912 410 983 429 cum
1007 410 1099 440 reges
1123 399 1221 430 nichil
1244 399 1430 441 spirituales
1454 406 1508 430 seg
1531 399 1606 431 dare
1630 401 1730 430 inten-

85 451 193 488 danth,
223 449 278 481 sed
303 456 427 481 tantum
451 456 507 480 aut
531 451 613 480 votis
636 450 833 491 petentiumi
860 461 1009 490 annuere,
1041 456 1096 481 aut
1118 449 1210 481 villas
1235 451 1468 482 ecclesiasticas
1500 456 1531 482 et
1561 451 1624 482 alia
1648 451 1732 481 bona

85 502 257 540 exteriora,
288 513 370 543 quae
394 501 433 532 de
457 502 700 532 munificentiak
729 513 841 542 regum
866 502 1011 542 optinent
1038 502 1245 541 aeeclesiae¹‚
1275 504 1354 544 ipsis
1378 503 1486 534 electis
1510 502 1731 533 concederes?

85 553 178 585 Unde
205 553 406 594 Augustinus
435 564 533 594 super
560 553 734 584 Iohannem
762 558 880 594 partem
909 554 1026 594 prima,
1054 559 1192 585 tractatu
1220 559 1349 585 sexto⁴:
1383 554 1451 590 Quo
1479 556 1550 585 iure
1581 554 1732 594 defendis

85 605 182 637 villas
211 605 400 643 aecclesiae,
431 604 544 635 divino
572 616 616 635 an
647 604 812 635 humano?
858 605 1017 636 Divinum
1050 607 1102 636 ivs
1132 607 1168 637 in
1198 607 1372 646 scripturis
1401 607 1586 644 lzabemusss,
1619 606 1731 636 huma-

85 669 160 688 num
190 657 226 687 in
257 655 382 698 legibus
411 667 534 697 regum.
587 656 677 687 Unde
699 657 834 698 quisque
854 656 998 696 possidet
1027 657 1113 698 qaod
1135 657 1304 697 possidet:2
1334 669 1442 688 nonne
1474 659 1544 688 iure
1567 656 1730 687 hnmano?

84 708 173 740 Nam
195 709 268 739 iure
290 707 404 739 divino
427 708 576 739 ‘Domini
598 712 643 738 est
666 712 755 738 terra
778 713 806 738 et
826 708 998 748 plenitudo
1023 709 1110 740 eius'.
1154 708 1251 738 Iure⁰
1279 708 1420 739 humano
1447 709 1588 739 dicitur:
1619 708 1731 739 Haecp

85 759 165 791 villa
197 770 270 790 ‘mea
303 764 358 800 est,
390 759 469 791 haec
507 760 622 790 domus
654 771 726 790 mea
759 764 869 798 [estq],
905 760 956 790 hic
986 770 1098 790 servus
1130 770 1218 790 meus
1255 764 1310 790 est.
1362 759 1446 791 Tolle
1482 760 1558 790 iura
1593 760 1730 800 impera-

85 816 200 851 torum,
223 811 297 852 quis
321 811 478 842 audeam*
501 811 626 842 dicere:
650 811 739 842 Haec
761 811 840 842 villa
864 823 934 842 mea
958 816 1012 850 est,
1035 816 1145 841 ‘meus‘
1169 815 1213 842 est
1235 812 1314 842 isteS
1339 822 1462 850 servus,
1488 822 1556 841 mea
1579 816 1623 841 est
1646 812 1730 841 istat

86 862 221 894 domus?
265 862 386 893 Item-⁵:
423 862 504 893 Noli
534 862 657 902 dicere,
689 863 772 903 quid
799 863 898 893 michi
926 867 953 892 et
985 862 1078 903 regi?
1126 861 1215 897 Quid
1247 862 1306 893 tihi
1339 873 1413 903 erqo
1452 867 1479 893 et
1509 862 1731 904 possessioni?

85 914 148 946 Per
169 915 249 945 iura
272 925 384 955 reyum
403 914 620 954 possidentur
639 915 892 955 possession-esu.
939 914 1085 945 Diae-isti:
1112 913 1200 949 Quid
1222 913 1322 944 'michi
1345 919 1373 944 et
1394 914 1488 954 regi?
1527 914 1605 945 Noli
1627 915 1732 945 dicere

85 967 308 1007 possessiones
331 971 416 1002 tuas,
441 967 522 1007 quia
545 966 610 996 adv
629 967 705 1006 ipsa
726 967 803 996 iura
824 967 1024 996 renuntiasti
1045 965 1201 1004 humana,
1225 965 1340 1006 quibus
1363 967 1609 1006 possessionesw
1625 967 1731 1006 possi-

87 1018 215 1050 dentur.
247 1016 344 1056 Quod
361 1017 409 1048 εἰΧ
424 1017 525 1048 113.θοῖ
540 1023 690 1048 aeternaz
706 1017 776 1058 lege
793 1017 935 1047 sancita-²¹
953 1021 1069 1055 essent,
1086 1026 1150 1046 non
1166 1016 1270 1046 essetb
1286 1017 1319 1046 in
1336 1022 1452 1047 manuc
1467 1016 1700 1057 presidentium
1709 1017 1731 1056 d,

85 1074 121 1100 ut
143 1080 182 1101 ea.
205 1069 238 1099 in
255 1068 450 1111 quibusdam
475 1068 620 1100 districte
642 1069 851 1107 iudicarente‚
876 1068 1089 1110 quibusdams
1113 1067 1361 1099 misericorditer
1383 1067 1575 1109 relaxarent,
1599 1069 1679 1110 ipsis
1701 1069 1732 1098 in

85 1120 206 1152 honore
221 1125 353 1162 accepto
370 1121 643 1162 permanentibuS‚
667 1126 780 1151 contra
796 1126 901 1162 quosg
923 1121 984 1151 ista
1006 1119 1192 1162 loquuntur.
1231 1119 1325 1150 Nunc
1341 1131 1428 1158 vero,
1453 1121 1528 1161 quia
1544 1131 1582 1150 ea
1604 1119 1732 1150 illicitah

86 1172 245 1204 maximei
263 1172 341 1203 facit
356 1172 612 1214 presidentiumk
628 1172 800 1214 prohibitio
811 1177 832 1211 ⁶,
856 1171 943 1202 licita
967 1172 1114 1213 quoque¹
1141 1171 1316 1202 eorundem
1333 1183 1392 1214 pro
1409 1177 1494 1202 suatn
1510 1173 1732 1203 aestimatione

86 1225 248 1255 remissio:
278 1223 426 1255 videmus
449 1223 573 1255 nullosn
595 1230 652 1255 aut
680 1235 762 1266 pene
791 1223 896 1254 nullos
926 1234 984 1264 pro
1016 1223 1199 1254 huiusmodi
1227 1224 1482 1264 transgressione
1512 1223 1733 1265 dampnatos0,

87 1275 244 1318 plurimos
266 1281 374 1307 autem
397 1282 544 1317 vexatos,
568 1275 744 1318 plurimasP
760 1275 956 1307 aecclesiasq
979 1274 1141 1316 spoliatas,
1173 1275 1312 1316 plurima
1336 1274 1487 1305 scandala
1510 1280 1631 1314 exorta,
1655 1274 1733 1304 divi-

87 1338 157 1359 sum
180 1338 315 1369 regnum
340 1332 371 1358 et
393 1328 620 1367 sacerdotium,
644 1329 712 1359 sine
728 1338 863 1370 quorum
881 1327 1073 1358 concordia⁷
1097 1338 1148 1357 res
1170 1327 1327 1358 humanae
1350 1337 1409 1357 nec
1432 1326 1627 1357 incolumesr
1645 1331 1733 1356 esseS

199 1437 226 1467 a)
246 1445 289 1469 qu.
308 1437 357 1461 int.
378 1445 427 1462 om.
452 1438 493 1461 11.
581 1437 609 1466 b)
630 1444 687 1468 syn.
712 1438 734 1460 1.
756 1437 782 1460 3.
803 1437 828 1460 5.
850 1435 874 1460 6.
964 1435 990 1467 c)
1011 1435 1169 1468 prohibebat
1191 1436 1232 1460 10.
1321 1436 1347 1465 d)
1370 1436 1466 1460 vestiat
1488 1436 1529 1459 11.
1618 1435 1642 1463 ε’)
1665 1434 1734 1458 deest

89 1482 115 1507 3.
136 1483 160 1507 5.
183 1482 207 1507 6.
229 1481 254 1507 7.
276 1482 300 1507 9.
322 1483 382 1508 edd.
470 1482 493 1513 f)
514 1483 632 1515 spiritale
653 1483 678 1507 9.
766 1483 797 1514 g)
817 1490 876 1506 sese
897 1483 927 1513 93
948 1491 997 1506 om.
1020 1483 1062 1506 ll.
1157 1481 1184 1513 h)
1204 1483 1357 1513 intelligant
1378 1483 1419 1506 11.
1513 1482 1533 1511 i)
1553 1484 1689 1513 petentum
1710 1481 1734 1504 3.

88 1528 119 1560 k)
139 1528 328 1553 munificentiis
349 1530 374 1553 3.
440 1528 462 1560 l)
483 1529 618 1553 obtinetur
638 1529 663 1553 5.
728 1531 765 1559 m)
785 1529 872 1560 prima.
891 1532 966 1560 parte
986 1529 1011 1552 4.
1032 1528 1108 1557 edom
1128 1532 1203 1560 parte
1223 1536 1262 1560 pr.
1283 1536 1362 1559 super
1379 1527 1436 1552 Iob.
1459 1527 1490 1557 ὃς
1510 1530 1584 1559 parte
1606 1540 1639 1544 —
1660 1530 1734 1550 sexto

89 1583 138 1600 om.
155 1576 197 1599 11.
254 1575 283 1607 n)
306 1584 355 1600 om.
374 1575 416 1599 10.
475 1575 502 1605 o)
523 1575 584 1599 Iure
599 1583 661 1607 ergo
679 1576 707 1605 1;
728 1578 818 1599 tamen
838 1574 908 1606 Any.
965 1575 992 1606 p)
1013 1574 1037 1598 h.
1059 1583 1083 1598 v.
1105 1578 1145 1598 est
1166 1582 1225 1598 mea
1249 1575 1288 1598 10.
1347 1574 1373 1606 q)
1397 1573 1734 1604 aslal.coclcl.praezer10;

88 1621 159 1646 deest
171 1619 240 1654 Any.
308 1619 350 1653 q‘)
371 1621 451 1646 audet
466 1622 491 1646 2.
505 1621 565 1646 edd.
637 1622 661 1652 r)
681 1621 725 1645 hic
739 1629 830 1645 servus
844 1630 878 1646 m.
894 1624 933 1645 est
953 1621 978 1644 8.
1055 1620 1080 1649 s)
1101 1620 1143 1644 hie
1163 1621 1187 1645 ὃ.
1263 1621 1284 1651 t)
1306 1620 1363 1652 hec,
1383 1619 1402 1644 11
1422 1621 1446 1644 3.
1464 1621 1512 1650 11;
1532 1619 1625 1643 domus
1639 1620 1690 1643 ista
1710 1618 1735 1642 S.

87 1667 116 1699 u)
138 1667 209 1692 deest
229 1667 254 1692 5.
276 1667 306 1698 6;
326 1675 456 1699 superscr.
479 1666 534 1691 alia
553 1676 635 1692 manu
656 1667 681 1692 6.
738 1667 767 1693 ν)
787 1667 859 1691 deest
879 1667 904 1691 3.
966 1668 1000 1696 w)
1021 1667 1121 1698 possid.
1142 1674 1258 1698 possess.
1279 1667 1304 1690 3.
1369 1666 1398 1697 x)
1419 1658 1436 1690 ii
1460 1667 1502 1690 11.
1569 1670 1597 1697 y!
1619 1665 1689 1689 deest
1709 1665 1734 1689 9.

89 1713 116 1746 z)
136 1716 164 1738 et.
181 1716 215 1744 et.
236 1713 277 1738 ed.
293 1713 380 1745 princ.
437 1715 466 1741 a)
486 1714 602 1738 sanctita
622 1714 653 1744 6;
673 1714 794 1738 sanccita
815 1713 845 1743 93
866 1716 961 1738 sancta
981 1713 1005 1737 2,
1063 1713 1090 1742 b)
1112 1716 1201 1737 essent
1222 1714 1246 1737 ὁ.
1263 1713 1287 1737 6.
1303 1712 1327 1736 7.
1344 1712 1375 1742 83
1396 1716 1470 1736 erant
1491 1712 1515 1735 9.
1577 1712 1601 1741 e)
1625 1711 1694 1735 deest
1710 1711 1734 1735 2.

89 1759 117 1791 d)
139 1760 332 1792 possidentium
353 1760 378 1784 5.
399 1760 425 1784 6.
447 1759 471 1784 7.
492 1760 518 1784 8.
539 1760 564 1784 9.
632 1761 658 1790 e)
678 1760 846 1784 vindicarent
865 1760 890 1784 4.
913 1759 936 1784 8.
959 1760 984 1783 9.
1051 1759 1071 1789 f)
1093 1760 1120 1783 in
1141 1759 1212 1791 quib.
1234 1759 1293 1784 edd.
1360 1762 1388 1790 g)
1409 1767 1457 1783 om.
1479 1758 1504 1781 5.
1526 1757 1549 1782 6.
1616 1757 1644 1780 hl
1666 1765 1733 1781 max.

88 1805 126 1830 ill.
147 1806 173 1830 9.
247 1805 269 1837 i)
290 1814 339 1830 om.
361 1807 386 1830 5.
407 1805 434 1836 83
456 1806 521 1830 facit
539 1814 608 1830 max.
630 1807 655 1831 3.
737 1806 765 1836 k)
788 1806 981 1838 possidentium
1003 1806 1035 1836 5;
1054 1805 1229 1837 pcedencium
1251 1805 1275 1829 6.
1360 1805 1378 1835 l)
1400 1812 1462 1828 vero
1485 1804 1508 1828 7.
1590 1804 1625 1833 m)
1649 1805 1688 1827 sui
1709 1803 1734 1827 3.

88 1851 117 1883 n)
139 1852 227 1877 nullos
247 1855 293 1876 aut
312 1860 362 1876 om.
379 1852 426 1882 11;
445 1852 596 1884 nonnullos,
617 1856 634 1876 fi
653 1860 738 1884 supra
757 1852 803 1876 lin.
825 1852 888 1876 add.
905 1852 929 1875 6.
997 1852 1023 1881 ο)
1047 1852 1166 1875 damnari
1189 1852 1212 1875 5.
1280 1851 1308 1883 p)
1330 1851 1444 1882 plurima
1465 1850 1489 1873 6.
1557 1850 1584 1881 q)
1605 1857 1654 1875 orn.
1670 1850 1694 1873 5.
1709 1849 1734 1872 6.

89 1897 112 1930 r)
134 1898 282 1923 incolomes
303 1899 328 1923 5.
349 1898 373 1922 6.
450 1898 473 1930 s)
493 1907 564 1930 poss.
584 1906 642 1923 esse
664 1898 706 1923 10.

199 1997 226 2030 1)
250 1996 376 2029 Reyulae
395 1996 476 2022 VIII.
493 1997 594 2030 synodi
609 2006 642 2023 ea:
655 1997 799 2031 interpret.
815 1996 962 2022 Anastasii
978 2006 1001 2024 c.
1016 1996 1065 2026 222,
1089 1995 1187 2021 Mami
1202 1995 1283 2027 XVI,
1310 1995 1360 2020 col.
1378 1994 1454 2026 175;
1477 1993 1576 2027 Miqne
1593 1993 1734 2027 CXXIX,

91 2048 142 2075 col.
162 2047 236 2081 160;
270 2047 353 2075 G-rat.
377 2048 453 2076 Diae.
478 2048 600 2080 LXIII,
625 2057 648 2075 c.
673 2048 704 2078 1,·
739 2047 776 2080 cf.
802 2048 896 2074 lvonis
927 2048 1005 2082 epist.
1026 2047 1083 2073 102
1107 2047 1126 2073 l.
1142 2048 1162 2074 l.
1183 2056 1213 2081 p.
1231 2047 1286 2072 48:
1317 2045 1381 2072 Non
1413 2044 1487 2071 enim
1517 2044 1586 2070 licet
1616 2044 1734 2079 regibus

93 2098 168 2126 sicut
190 2099 285 2125 sanxit
308 2102 411 2126 octava
433 2099 561 2134 synodus
585 2119 592 2125 .
617 2120 624 2126 .
649 2119 656 2126 .
681 2099 873 2125 electionibus
897 2098 1099 2133 episcoporum
1123 2106 1153 2124 se
1177 2097 1339 2123 immiscere
1359 2096 1404 2122 vel
1429 2096 1525 2130 aliqua
1549 2104 1598 2122 eas
1621 2095 1734 2122 ratione

90 2149 242 2185 impedire.
331 2151 361 2185 2)
386 2151 431 2185 C'f,
458 2150 620 2178 Orthodooea
643 2150 768 2183 defensio
791 2160 878 2185 supra
896 2160 929 2184 p.
948 2150 1024 2182 53&-
1051 2150 1185 2176 Placidus
1206 2150 1361 2177 Nonantul.
1386 2158 1410 2175 c.
1428 2148 1477 2178 37,
1500 2157 1587 2182 supra
1609 2157 1638 2182 p.
1657 2147 1734 2180 585,-

92 2202 130 2236 ef.
154 2203 276 2236 Kayser,
307 2202 452 2229 ‘Placidus
480 2211 532 2229 von
563 2201 748 2235 Nonantztla',
779 2202 843 2228 Kiel
868 2202 962 2234 1888,
990 2211 1022 2236 p.
1047 2201 1095 2227 23.
1208 2201 1237 2235 3)
1261 2202 1351 2235 Epist.
1371 2201 1439 2232 171,
1466 2210 1497 2234 p.
1518 2200 1573 2225 72:
1603 2199 1637 2225 Et
1667 2199 1735 2234 quia

93 2252 328 2288 dispensationes
363 2262 458 2280 rerum
492 2253 694 2288 temporalium
733 2253 852 2288 regibus
887 2252 1044 2279 attributae
1078 2256 1143 2278 suut
1178 2256 1207 2278 et
1239 2252 1343 2278 basilei
1378 2252 1408 2277 id
1441 2254 1484 2277 est
1516 2251 1733 2277 fundamentum

93 2304 197 2340 populi
231 2307 260 2331 et
289 2309 378 2339 caput
408 2305 542 2338 existunt,
573 2305 597 2331 si
628 2304 784 2339 aliquando
816 2308 962 2339 potestate
990 2304 1045 2330 sibi
1075 2311 1214 2330 concessa
1243 2303 1410 2336 abutuntur,
1439 2311 1498 2329 non
1522 2306 1588 2328 sunt
1611 2311 1627 2328 a
1649 2301 1734 2328 nobis

92 2355 220 2391 graviter
243 2356 434 2391 exasperandi
457 2360 508 2383 etc.
613 2356 644 2390 4)
667 2356 701 2382 In
725 2365 822 2391 evany.
847 2357 917 2389 Ion„
941 2360 1023 2382 tract.
1043 2356 1090 2389 Vl,
1113 2358 1128 2387 ξ
1152 2356 1200 2388 25,
1228 2355 1298 2390 opp.
1323 2356 1381 2388 III,
1406 2355 1432 2387 2,
1457 2355 1508 2383 col.
1534 2354 1612 2386 340,·
1639 2353 1735 2380 Ivom's

93 2408 182 2435 Decr.
205 2408 266 2441 III,
295 2417 318 2434 c.
339 2408 416 2442 194‚·
445 2408 528 2435 Grai.
551 2409 628 2435 Disc.
647 2408 728 2441 VIII,
756 2418 778 2436 c.
800 2409 832 2441 1,·
861 2407 898 2440 cs.
923 2408 1022 2434 Libell.
1047 2408 1071 2440 I,
1096 2416 1128 2441 p.
1154 2407 1212 2433 3T3
1236 2417 1275 2442 sq.
1399 2407 1428 2440 5)
1455 2406 1529 2432 lbid.
1558 2407 1572 2437 ἓ
1596 2405 1644 2438 26,
1673 2405 1693 2432 Ζ.
1714 2405 1733 2431 l.

94 2459 148 2486 col.
165 2459 236 2487 341.
354 2458 384 2494 6)
411 2459 454 2493 C'f.
479 2460 522 2486 Iv.
546 2460 638 2494 Epist.
659 2459 727 2491 190,
746 2468 778 2493 p.
797 2460 853 2485 852.-
876 2459 1003 2485 Petimus
1028 2467 1096 2493 ergo
1119 2458 1201 2484 flexis
1224 2457 1348 2493 genibus
1372 2457 1476 2491 cordis,
1500 2460 1531 2483 ut
1553 2456 1608 2483 hoc
1632 2456 1733 2482 eodem

93 2509 201 2536 intuitu
224 2510 354 2537 caritatis
385 2514 414 2537 et
442 2511 524 2546 pacis
546 2510 661 2537 veniale
683 2510 792 2536 habeat
822 2513 945 2545 paterna
975 2509 1145 2543 moderatio,
1176 2509 1252 2544 quod
1282 2509 1412 2535 illicitum
1440 2509 1511 2535 facit
1533 2517 1591 2534 non
1615 2511 1734 2535 aeterna

47 2561 150 2595 filex,
181 2562 234 2589 sed
263 2562 426 2589 intentione
457 2562 653 2597 acquirendae
684 2562 828 2588 libertatis
858 2561 1086 2596 praesidentium
1117 2561 1179 2587 sola
1208 2560 1367 2595 prohibitio
1392 2583 1398 2589 .
1424 2581 1431 2587 .
1455 2580 1461 2587 .
1507 2559 1537 2587 Si
1568 2559 1644 2586 enim
1673 2559 1733 2585 vult

44 2825 72 2846 50

96 2613 259 2648 apostolica
290 2613 447 2640 auctoritas
478 2613 574 2640 omnia
605 2622 679 2648 quae
709 2613 876 2640 medicinali
912 2612 1160 2639 condescensione
1195 2612 1398 2646 dispensant-ur
1431 2611 1561 2638 districte
1594 2611 1732 2642 iudicare,

98 2664 247 2699 oportebit
267 2673 344 2700 pene
368 2673 467 2691 omnes
489 2665 634 2691 ministros
651 2664 950 2690 administrationibus
967 2664 1026 2690 suis
1041 2663 1208 2690 renuntiare
1224 2667 1273 2690 aut
1289 2663 1325 2690 de
1341 2663 1446 2690 mundo
1465 2663 1555 2695 exire;
1579 2663 1670 2697 Epist.
1684 2663 1732 2693 55,

94 2725 125 2751 p.
148 2716 205 2743 25:
235 2716 415 2743 inveniemus
442 2716 590 2751 principes
622 2717 809 2743 ecclesiarum
840 2716 981 2750 quaedam
1009 2723 1061 2750 pro
1090 2715 1188 2750 rigore
1219 2723 1360 2742 canonum
1392 2715 1549 2741 districtius
1579 2714 1732 2745 iudicasse,

97 2766 188 2793 multa
208 2775 262 2802 pro
284 2775 474 2802 personarum
496 2767 622 2795 utilitate
646 2768 851 2794 dissimulasse.
921 2767 949 2800 7)
974 2766 1017 2799 C'f.
1034 2767 1076 2794 Iv.
1094 2767 1186 2801 Epist.
1206 2767 1273 2799 106,
1295 2777 1325 2801 p.
1339 2767 1395 2793 50.-
1417 2767 1453 2792 Et
1476 2766 1543 2801 quia.
1565 2774 1611 2792 res
1635 2774 1733 2792 omnes

97 2826 157 2845 non
174 2817 258 2845 aliter
273 2818 349 2845 bene
366 2819 612 2851 administrantur,
635 2819 690 2845 nisi
713 2827 776 2845 eum
798 2827 916 2853 regnum
934 2822 962 2844 et
978 2817 1171 2844 sacerdotium
1186 2817 1216 2843 in
1232 2827 1319 2844 unum
1335 2818 1523 2844 convenerint
1543 2817 1667 2843 studium
1685 2821 1732 2842 etc.

1751 719 1787 737 Ps.
1798 719 1832 741 23,
1843 720 1862 738 1.
