2132 3067
177 910 325 933 Exod.·2o,13.

278 1840 327 1864 (56)

350 141 408 171 138
751 143 902 169 LIBELLI
927 142 1125 169 BERNALDI
1148 142 1386 169 PRESBYTERI
1408 142 1596 169 MONACHI.

347 232 503 263 notandos
528 236 730 263 censuerunt.
777 231 896 263 Beatus
920 236 1026 263 autem
1045 231 1242 273 Gregorius¹
1269 231 1414 262 scribens
1430 231 1565 262 Iohanni
1584 230 1822 263 Corinthiorum
1845 233 1996 274 episcopo

349 283 492 322 l'aulum,
518 284 713 323 Eusemium,
738 283 906 324 Thomam,
932 283 1123 314 Clematium
1150 283 1281 314 clericos
1305 282 1503 324 dampnavit,
1527 293 1564 314 eo
1581 282 1668 325 quod
1685 284 1851 325 proprium
1874 285 1996 326 episco-

346 346 422 376 pum
454 346 510 376 pro
542 334 682 376 quodam
716 335 850 365 crimine
874 346 1027 366 accusare
1058 346 1120 365 non
1153 334 1364 366 oboedierint.
1416 333 1505 365 Idem
1530 335 1625 365 etiam
1649 334 1848 376 apostolicus
1870 335 1996 366 Diocle-

346 391 459 416 tanae⁸
484 387 626 417 civitatis
656 387 801 427 episcopi
832 397 850 417 a
880 385 1005 417 clericis
1034 388 1100 417 suis
1130 397 1187 428 pro
1211 385 1369 428 corporali
1399 386 1531 416 crimine
1560 387 1703 417 accusati
1735 393 1831 429 atque
1856 388 1997 419 convicti

345 437 581 478 depositionem
607 439 637 467 in
663 443 786 468 tantum
811 438 1023 476 confirmavit,
1048 444 1082 469 ut
1104 449 1176 469 eum
1202 439 1297 468 etiam
1323 437 1548 468 communione
1568 437 1760 479 privandum
1779 438 1948 479 iudicaret,
1970 439 1996 470 si
2017 455 2029 474 ε,

345 489 497 530 deinceps
521 488 641 531 aliquid
667 489 705 520 de
730 489 920 531 episcopatu
944 489 994 520 vel
1019 489 1106 531 loqui
1130 494 1339 530 presumeret.

452 540 517 571 Sed
542 540 619 572 haee
645 552 847 583 nequaquam
872 541 912 572 ad
939 542 1075 572 invicem
1094 541 1254 571 contraria
1270 540 1496 579 iudicabimus,
1520 540 1568 570 sib
1593 541 1788 582 superiorem
1807 542 1996 573 sententiam

346 596 564 632 competenter
593 592 769 634 intelligere
799 593 994 628 curabimus,
1024 592 1172 623 videlicet
1201 603 1240 623 ne
1270 603 1345 624 oves
1375 603 1468 622 suum
1493 598 1654 634 pastorem
1679 603 1719 624 ex
1745 593 1877 634 propria
1899 598 1996 624 teme-

346 644 439 674 ritate
463 643 620 675 ullatenus
645 655 795 676 accusare
820 650 1024 686 presumant3
1050 655 1107 675 nec
1130 649 1237 675 tamen
1262 644 1420 686 superiori
1446 645 1596 685 potestati
1614 644 1673 675 hoc
1690 644 1736 675 eis
1753 645 1905 675 canonice
1929 655 1998 686 pre-

346 696 477 736 cipienti
502 695 639 737 superbo
663 697 822 736 resistant,
847 696 976 727 minime
1000 695 1078 737 quid
1101 695 1145 726 illi
1170 697 1331 738 potestati,
1356 707 1439 738 quae
1463 697 1550 737 ipsos
1575 695 1751 738 dampnare
1768 697 1896 738 poterit,
1920 696 1944 727 si
1969 697 1997 727 ei
2019 711 2044 730 ιο

347 752 458 778 contra
490 748 654 789 proprium
687 748 877 789 episcopum
908 747 1060 779 oboedire
1091 747 1261 778 noluerint.
1313 748 1347 779 Si
1372 748 1469 789 igitur
1492 748 1536 778 ita
1560 747 1760 790 intelligitur,
1788 758 1847 778 nec
1878 747 1997 779 subditi

347 797 486 840 prelatos
517 803 636 830 temere
667 799 865 830 accusabunt
896 811 954 831 nee
985 800 1142 841 superiori
1172 801 1321 841 potestati
1352 800 1585 830 contumaciter
1612 798 1823 830 resultabunt.
1879 799 1997 830 Huius-

349 849 435 880 modi
459 849 701 892 adapertionem
725 850 903 882 intellectus
927 858 959 882 et
982 852 1012 882 in
1038 852 1107 893 ipsa
1131 862 1221 882 sacra
1245 852 1406 892 scriptura
1436 861 1664 893 nonnunquam
1691 851 1872 882 necessario
1896 851 1998 893 requi-

347 902 458 941 rimus,
483 906 518 932 ut
540 902 570 932 in
595 901 664 933 illo:
688 903 765 934 Non
790 903 925 934 occides.
972 903 1005 933 Si
1039 904 1122 933 enim
1155 902 1233 934 illud
1263 903 1358 933 nimis
1389 901 1590 944 sympliciter
1614 902 1820 942 intellexeris,
1852 903 1923 945 ipsa
1946 902 1997 934 lex

348 952 403 983 tibi
428 953 632 994 repugnabit,
661 965 743 996 quae
775 954 942 996 sepissime
972 953 1048 986 alibi
1073 965 1143 985 reos
1169 960 1269 985 morte
1293 953 1420 986 multari
1446 954 1600 985 decrevit.
1646 954 1719 996 Ipse
1747 965 1876 997 quoque
1900 954 1998 993 Deus,
2019 968 2044 987 ιε

347 1006 401 1047 qui
425 1004 528 1046 legem
555 1006 702 1041 instituit,
731 1017 867 1048 persepe
899 1005 1014 1037 multos
1045 1006 1147 1037 occidi
1179 1007 1333 1048 precepit.
1384 1006 1432 1036 Ne
1457 1017 1532 1047 ergo
1558 1006 1664 1037 Deum
1689 1006 1814 1048 uspiam
1839 1007 1999 1037 contraria

349 1057 531 1098 precepisse
556 1056 768 1098 blasphemes,
798 1056 974 1098 predictam
1003 1059 1193 1089 sententiam
1225 1057 1459 1089 consideratius
1488 1058 1668 1089 necessario
1698 1057 1878 1099 intelligere
1903 1057 1998 1089 debe-

348 1119 428 1147 mus,
452 1108 574 1139 scilicet
597 1119 633 1138 ea
657 1109 925 1148 consideratione,
948 1121 987 1140 ne
1010 1109 1127 1152 aliquis
1150 1121 1190 1141 ex
1208 1111 1340 1152 propria
1357 1110 1598 1152 presumptione
1621 1109 1762 1141 occidat:
1787 1110 1858 1141 Deo
1880 1114 1997 1149 autem,

346 1160 370 1189 si
401 1159 460 1190 hoc
489 1171 547 1201 per
578 1170 611 1189 se
643 1160 710 1190 sive
739 1171 796 1201 per
825 1160 926 1201 legem
952 1161 1013 1192 Dei
1039 1163 1231 1203 preceperit,
1262 1162 1414 1193 oboedire
1444 1172 1506 1192 non
1531 1167 1653 1192 renuat.
1700 1161 1749 1192 Ita
1774 1162 1858 1192 enim
1883 1161 1997 1192 beatus

348 1212 550 1251 Augustinus
574 1212 605 1241 in
630 1210 711 1241 libro
737 1212 759 1242 I.
784 1211 823 1242 dc
847 1212 978 1243 civitate
1004 1212 1086 1243 Deis
1111 1213 1255 1254 exponit,
1279 1213 1370 1244 iuxta
1393 1224 1488 1255 quem
1513 1224 1576 1243 non
1602 1213 1671 1254 ipse
1696 1212 1824 1253 occidit,
1853 1213 1998 1255 quisquis
2017 1225 2044 1245 so

348 1263 377 1293 in
403 1262 463 1293 hoc
488 1263 701 1294 ministerium
726 1263 848 1294 iubenti
878 1263 1018 1295 debebit.
1070 1264 1124 1295 sie
1149 1275 1226 1305 ergo
1249 1271 1279 1296 et
1304 1265 1335 1295 in
1358 1265 1562 1296 accusatione
1590 1263 1792 1296 subditorum
1817 1275 1880 1295 non
1904 1264 1998 1296 oboe-

348 1315 511 1353 dientiam,
535 1315 589 1346 sed
615 1316 892 1356 presumptionem
918 1316 1131 1357 proscriptam
1157 1321 1378 1357 competenter
1399 1315 1614 1358 intelligimus.
1661 1315 1771 1347 Multis
1788 1327 1865 1347 sane
1880 1315 1996 1347 aeccle—

347 1367 485 1397 siasticis
515 1366 768 1397 correctionibus
800 1367 830 1397 in
861 1368 1067 1398 concessione
1099 1367 1282 1398 huiusmodi
1310 1369 1527 1399 accusationis
1556 1373 1763 1410 prospectum
1787 1379 1850 1399 non
1873 1367 1998 1399 dubita-

347 1429 428 1449 mus.
473 1417 554 1448 Nam
580 1417 692 1459 prelati
717 1419 896 1449 necessario
921 1425 951 1450 et
975 1418 1034 1450 sibi
1058 1425 1090 1450 et
1113 1419 1251 1450 subditis
1275 1425 1364 1451 tanto
1389 1421 1491 1462 magis
1516 1419 1726 1462 prospiciunt,
1750 1424 1871 1462 quanto
1894 1420 1998 1461 magis

347 1481 380 1500 sc
404 1475 435 1500 et
459 1481 516 1511 per
538 1470 774 1500 accusationem
801 1470 1003 1501 subditorum
1028 1469 1159 1512 percelli
1184 1482 1279 1513 posse
1303 1482 1364 1502 non
1390 1471 1594 1503 dubitabunt.
1645 1470 1713 1502 Nec
1743 1482 1855 1513 parum
1878 1470 1996 1504 aeccle·
2017 1484 2044 1504 25

346 1521 495 1552 siasticae
519 1520 707 1562 disciplinae
731 1521 951 1563 derogaretur,
981 1522 1007 1553 si
1039 1533 1198 1564 nusquam
1231 1523 1413 1554 huiusmodi
1444 1523 1607 1555 accusatio
1631 1522 1870 1554 concederetur.
1914 1522 1997 1554 Nam

347 1574 441 1614 pauci
467 1572 578 1614 prelati
603 1572 688 1603 illius
718 1574 923 1615 perfectionis
952 1574 1181 1614 invenirentur,
1212 1575 1267 1616 qui
1298 1586 1360 1605 non
1385 1580 1474 1606 tanto
1498 1575 1603 1615 magis
1627 1580 1659 1606 et
1681 1585 1714 1605 se
1738 1580 1770 1606 et
1793 1573 1941 1606 subditos
1966 1575 1998 1605 in

346 1624 517 1666 disciplina
545 1624 755 1666 negligerent,
788 1631 907 1667 quanto
937 1626 1040 1667 magis
1071 1637 1105 1657 se
1134 1637 1194 1667 per
1223 1627 1462 1658 accusationem
1488 1637 1597 1657 eorum
1621 1625 1662 1657 ad
1686 1626 1816 1668 aliquod
1841 1626 1997 1658 iudicium

347 1675 543 1707 coercendos
568 1676 784 1718 desperarent.
823 1677 950 1708 Subditi
976 1683 1082 1708 tamen
1107 1688 1311 1720 nequaquam
1337 1678 1397 1709 hoc
1420 1678 1542 1720 absque
1559 1679 1690 1709 maioris
1706 1679 1874 1720 potestatis
1890 1682 1995 1709 aueto-

347 1729 440 1759 ritate
472 1733 673 1769 presumant,
708 1740 748 1759 ne
779 1728 909 1769 dignam
942 1740 1017 1760 suae
1049 1729 1289 1771 dampnationis
1321 1730 1511 1761 sententiam
1543 1731 1634 1761 iuxta
1664 1735 1783 1761 statuta
1812 1735 1995 1761 sanctorum
2015 1741 2043 1761 so

348 1785 474 1821 patrum
499 1780 674 1821 excipiant.

454 1830 628 1861 Sciendum
652 1837 769 1872 autem,
795 1831 880 1873 quod
905 1831 1024 1863 subditi
1048 1844 1107 1875 pro
1132 1833 1262 1874 propria
1286 1833 1402 1864 iniuria
1426 1839 1457 1864 et
1480 1833 1583 1864 heresi
1608 1832 1766 1875 prelatum
1787 1843 1879 1864 suum
1903 1843 1996 1864 accu-

348 1894 418 1913 sare
449 1893 511 1913 non
543 1882 765 1924 prohibentur,
798 1884 886 1914 iuxta
918 1883 992 1915 illud
1019 1884 1229 1925 Symmachi*
1253 1896 1357 1927 papae
1388 1884 1428 1916 ad
1453 1885 1641 1916 Caesarium
1671 1886 1878 1927 episcopum:
1907 1884 1996 1925 Oves,

346 1935 460 1976 inquit,
490 1946 584 1965 saum
616 1940 777 1976 pastorem
812 1947 970 1966 accusare
1002 1948 1065 1967 von
1098 1942 1250 1978 possunt,
1282 1938 1349 1968 nisi
1375 1948 1440 1978 pro
1469 1937 1573 1968 heresi
1602 1942 1659 1968 aut
1683 1938 1827 1979 propria
1860 1937 1995 1968 iniuria.

350 1986 433 2016 Hinc
464 1986 618 2016 Affrieani
650 1992 812 2017 canones³
847 1987 1024 2028 apostolica
1062 1989 1251 2020 auctoritate
1286 1987 1482 2030 promulgati
1517 1994 1549 2020 et
1582 1988 1761 2019 confirmati
1800 1989 1996 2020 enumeratis
2014 2000 2041 2019 ³⁵

349 2037 508 2076 omnibus,
533 2037 651 2080 quibus
676 2038 851 2069 accusandi
877 2038 1004 2070 licentia
1029 2039 1218 2081 denegatur,
1243 2041 1350 2071 statim
1375 2039 1592 2071 subinferunt:
1625 2040 1686 2071 His
1719 2046 1825 2071 tamen
1849 2040 1996 2071 omnibus

348 2091 380 2120 1¹⁷1
404 2091 555 2131 propriis
579 2092 690 2120 causis·
714 2090 898 2121 accusandi
920 2091 1053 2122 licentia
1072 2103 1135 2123 non
1154 2093 1346 2134 deneyatur.
1391 2091 1471 2122 Item
1496 2092 1598 2123 sancti
1623 2098 1729 2133 patres
1753 2091 1919 2133 sepissime
1943 2090 1995 2122 de-

347 2147 492 2177 cernunt,
517 2152 555 2171 ne
580 2142 650 2183 quis
674 2141 791 2171 absens
815 2142 989 2181 iudicetur3
1025 2148 1059 2174 ut
1091 2143 1203 2175 beatus
1227 2143 1448 2185 Zepherinus⁶
1479 2154 1580 2186 papa:
1614 2142 1702 2179 Quia
1725 2143 1794 2184 hoc,
1823 2143 1936 2185 inquit,
1968 2147 1995 2173 el

348 2193 481 2223 ‹Iit-inae
512 2198 539 2223 e!
570 2193 734 2223 humanae
761 2193 845 2234 leges
873 2194 1056 2234 prohibent.
1102 2195 1181 2226 Item
1209 2195 1320 2225 Felix⁷
1351 2206 1436 2237 papa
1467 2195 1617 2226 omnibus
1646 2195 1808 2237 episcopis
1831 2194 1993 2226 scribens:

348 2245 493 2283 sumente,
518 2245 630 2285 inquit,
656 2245 846 2275 adversaria
870 2256 935 2276 non
961 2246 1124 2276 audiatm·
1147 2251 1339 2277 accusator:
1374 2259 1428 2277 nec
1451 2249 1632 2278 sententiae
1657 2247 1785 2278 absente
1809 2246 1879 2277 alia
1897 2251 1995 2288 parte
2013 2259 2042 2277 ιο

349 2308 367 2325 «ι
386 2296 496 2325 indice
513 2296 600 2326 dieta
623 2296 718 2325 ullam
738 2296 890 2326 obtinebit
906 2297 1107 2335 fii-initotenz.
1148 2298 1227 2329 Item
1245 2303 1373 2329 sanctus
1391 2296 1580 2329 Cornelius*
1604 2309 1702 2340 papa:
1728 2298 1856 2338 Onmia,
1880 2298 1994 2340 inquit,

347 2359 430 2388 qnae
454 2347 610 2377 aduersus
635 2347 778 2377 absentes
803 2349 834 2377 in
862 2349 950 2379 omni
972 2351 1098 2390 negotio
1123 2354 1179 2379 aut
1203 2350 1271 2380 Ioco
1297 2354 1445 2390 αῃιιηίην
1467 2355 1523 2380 au!
1548 2350 1752 2390 iudicantur,
1775 2351 1906 2381 omnino
1922 2361 1994 2380 eva-

348 2398 551 2436 cuabuntur;
588 2399 740 2439 quoniam
767 2399 923 2430 absentem
950 2400 1061 2431 nullus
1086 2401 1212 2431 addicit
1236 2413 1292 2431 vec
1319 2401 1383 2431 ulla
1407 2402 1459 2431 lea:
1482 2402 1652 2442 dampnat.
1704 2401 1856 2432 Zozimus
1886 2406 1991 2432 autem

459 2512 484 2526 nl
509 2503 671 2526 lundam-na»-
694 2504 717 2528 7.
795 2505 821 2529 bi
844 2514 941 2528 rasura
963 2506 977 2527 9
1000 2506 1039 2529 rel
1062 2506 1093 2529 10
1114 2506 1262 2530 litterarum
1280 2507 1418 2537 praecedit
1441 2507 1462 2531 ἵ.
1540 2511 1563 2533 ο)
1586 2508 1699 2531 scientia
1721 2507 1744 2533 7.

459 2596 484 2628 1)
508 2595 568 2623 Ι,ιἸι,
586 2596 614 2627 1',
639 2606 680 2629 (Ἰ).
699 2596 746 2628 ι’)ῗ,
771 2597 813 2623 ed.
834 2598 933 2623 lca-ald
953 2598 975 2630 I,
998 2608 1025 2631 p.
1045 2599 1104 2623 IltJ'O
1121 2608 1178 2632 sq.;
1201 2599 1286 2631 Just'c'
1303 2608 1343 2624 nr.
1364 2599 1451 2626 1373.
1519 2600 1548 2633 ⁸2)
1573 2600 1633 2628 Lib.
1650 2600 1720 2632 XII,
1739 2609 1781 2634 ep.
1796 2600 1845 2632 31,
1865 2599 1936 2634 Opp.
1951 2599 1990 2632 ῙῘ,
2010 2608 2038 2627 15

348 2647 399 2672 rol.
422 2647 515 2678 1:²01,-
537 2646 623 2679 Jsssf‹¹
647 2657 688 2673 nr.
711 2648 797 2674 lSGO.
877 2649 906 2682 ῑῖ)
932 2650 961 2675 C.
979 2650 1027 2681 21,
1056 2650 1125 2683 (φρ.
1151 2650 1193 2676 ed.
1222 2650 1323 2678 liened.
1348 2655 1366 2677 t.
1390 2651 1452 2683 1⁷11,
1478 2652 1529 2678 col.
1548 2651 1596 2678 21.
1669 2651 1699 2685 4)
1722 2650 1835 2678 Similia
1857 2651 1993 2677 habentur

347 2698 374 2723 in
400 2698 516 2724 decretis
539 2708 615 2732 spur,
639 2699 767 2732 synodal.
792 2701 960 2733 Symmachi,
987 2701 1138 2726 Ilinschins
1157 2711 1188 2735 p.
1204 2701 1273 2727 670.
1341 2703 1370 2727 5¹·
1397 2704 1478 2732 (Ἴιιιο,
1498 2702 1592 2729 Carth.
1611 2712 1638 2729 α.
1656 2703 1726 2735 419,
1751 2702 1847 2730 c.129
1864 2702 1990 2737 (Diem),

349 2749 447 2775 Alam-si
469 2753 487 2775 t.
507 2749 562 2781 III,
588 2750 638 2775 col.
659 2750 729 2776 ⁸213.
839 2752 868 2775 ‹3›
895 2752 945 2785 ΗΡ,
971 2761 1047 2785 spur.
1074 2753 1096 2784 I,
1123 2762 1144 2778 c.
1163 2753 1190 2784 ⁴1,
1216 2753 1369 2778 Hirr-echitis
1388 2763 1419 2787 p.
1442 2754 1507 2779 131.
1624 2754 1651 2788 ἵ)
1676 2754 1778 2780 Felicis
1800 2754 1824 2779 I.
1849 2763 1890 2788 ep.
1914 2763 1990 2788 spur.

350 2801 388 2831 ll,
414 2811 436 2827 c.
458 2801 503 2833 13,
530 2801 679 2827 Ilinschins
701 2811 729 2835 p.
748 2802 817 2827 ‘2⁴¹2-
907 2803 935 2827 Si
962 2803 1014 2836 Ep.
1038 2812 1114 2837 spur.
1140 2804 1180 2836 II,
1206 2813 1227 2829 c.
1247 2804 1273 2835 6,
1300 2805 1450 2831 Ηίιιεσὶίιιε
1469 2815 1500 2839 p.
1524 2804 1589 2831 174.
