2132 3067
41 690 66 710 10

40 947 66 966 1⁵

40 1207 66 1226 20

39 1465 66 1484 2⁵

39 1723 66 1742 50

40 1979 67 1998 ⁸5

41 2236 68 2254 40

588 123 741 151 CONTRA
764 124 942 151 DECRETA
965 125 1136 152 TURBANI
1161 126 1239 152 VIII.
1670 126 1732 157 415

196 214 222 245 7.
268 212 354 243 Dum
379 211 593 243 Hildebrandi
618 213 807 244 sententiam
834 220 864 243 te
888 212 1110 252 determinare,
1135 214 1298 254 Tui-bane,
1327 216 1513 257 promisisti,
1542 217 1730 258 magistrum

88 265 203 296 erroris
227 275 375 306 sequens,
403 264 434 294 in
458 275 596 295 errorem
622 263 705 294 illius
729 264 879 295 incidisti.
926 264 1165 296 Hildebrandus
1189 266 1328 308 quidem,
1360 267 1434 298 dum
1460 273 1566 309 preter
1589 269 1731 301 ordinem

89 316 276 347 canonicum
308 316 535 357 imperatorem
566 316 847 346 excommunicare
877 317 1084 358 presumpsit,
1115 317 1226 348 divino
1250 318 1364 349 iuditio
1389 320 1421 350 in
1445 320 1523 361 ipsis
1547 321 1654 352 verbis
1679 332 1733 352 ex-

88 367 386 398 communicationis
418 367 593 398 hereticum
627 378 659 397 se
691 367 839 406 ostendit,
871 367 946 397 dum
977 374 1007 398 et
1038 378 1180 399 cesarem
1214 371 1518 402 excommunicabat
1541 377 1571 403 et
1595 373 1623 403 ei
1649 383 1732 403 com-

87 419 286 450 municantes
317 419 357 449 ab
381 418 716 449 excommunicatione
741 419 957 459 excipiebatl.
1004 418 1065 450 Sed
1090 421 1268 461 numquid²³
1293 428 1434 462 potestas
1458 423 1621 454 Romanae
1648 424 1732 455 sedis

88 470 297 501 Anastasium
321 480 438 511 papam
462 469 502 500 ab
528 469 712 500 huiusmodi
736 480 842 500 errore
865 469 1029 500 absolvit?
1067 470 1129 509 Qui
1147 471 1221 502 dum
1240 473 1391 503 Fotinum
1410 473 1585 513 diaconem,
1604 477 1732 506 venien-

87 528 151 553 tcm
176 521 215 552 de
235 522 459 552 communione
476 521 583 551 Acatii
600 522 882 555 excommunicati,
906 521 1028 563 absque
1046 522 1174 563 publica
1191 524 1409 555 satisfactione
1426 526 1457 556 in
1475 528 1731 559 communionem

86 574 218 614 recepit,
242 573 387 604 Romana
410 571 567 603 aecclesia
590 573 630 604 ab
657 573 726 603 eius
750 573 975 603 communione
1000 575 1130 604 recessit
1154 581 1184 605 et
1209 575 1310 615 Deus,
1342 577 1372 606 in
1398 576 1485 608 coelo
1510 577 1612 620 ligans
1637 591 1731 622 quem

87 625 232 656 Romana
254 625 413 656 aecclesia
436 625 467 654 in
491 624 607 655 terrisb
630 623 762 664 ligabat,
786 635 857 654 eum
877 624 1006 665 publice
1025 627 1195 666 percussit,
1221 627 1295 667 quia
1313 626 1491 669 baptizatos
1516 636 1546 660 et
1569 631 1731 662 ordinatos

86 677 127 708 ab
151 677 429 707 excommunicato
453 675 569 706 Acatio
600 675 718 706 nullam
749 675 902 706 lesionem
935 675 974 706 de
1006 687 1101 707 manu
1126 678 1232 708 Acatii
1261 680 1440 720 suscepisse
1470 687 1581 712 contra
1605 682 1732 714 decreta

86 734 270 760 sanctorum
295 735 421 770 patrum
448 726 702 768 blasphemando
727 728 877 758 mentitus
899 734 947 758 est
958 734 978 758 ².
1026 727 1088 758 Sed
1114 731 1247 760 mentita
1271 736 1315 761 est
1340 732 1498 773 inirfflitas
1521 733 1593 764 sibi.
1633 734 1732 775 Spiri-

85 785 136 811 tus
158 786 265 811 autem
289 780 443 819 veritatis,
475 790 531 820 per
555 789 589 809 os
613 778 697 810 beati
723 779 844 810 Gelasii
868 778 1059 810 aecclesiam
1089 779 1218 820 docens,
1249 782 1332 812 aim:
1366 782 1454 818 Quid
1480 785 1580 824 iuvat,
1607 788 1635 816 si
1659 789 1732 828 quis

86 832 223 862 heretico
248 843 313 862 non
339 833 549 862 communicet
573 836 599 861 et
623 831 674 862 his
697 836 803 862 tamen
827 832 1069 862 communionec
1095 834 1266 873 iunyutur,
1298 835 1355 874 qui
1385 834 1424 864 ab
1457 836 1545 867 illius
1568 848 1633 867 non
1656 844 1733 869 sunt

86 884 307 914 communione
338 882 481 913 diversi?
534 881 576 913 Et
605 887 680 913 tuus
712 882 843 923 quidem
874 883 1029 923 magister
1060 883 1299 914 Hildebrandus
1334 896 1482 926 perverse
1514 891 1733 920 excommuni—

85 935 221 966 cationis
244 933 388 976 gladium
412 934 445 964 in
468 945 501 964 se
525 934 629 974 ipsum
655 935 792 972 retorsit,
816 933 892 964 dum
917 944 1058 964 cesarem
1077 936 1373 967 excommunicaret
1396 943 1435 975 et,
1461 941 1733 971 communicantes

86 987 114 1018 ei
142 986 183 1018 ab
214 986 571 1017 excommunicatione-³
603 985 805 1026 excipiendo,
835 987 985 1027 antiquas
1015 986 1143 1017 hereses
1168 986 1290 1018 Liberii
1314 994 1345 1018 et
1367 988 1531 1020 Anastasii
1556 1000 1734 1024 renovaret.

88 1038 189 1070 Cuius
212 1049 354 1069 errorem
379 1037 478 1068 dume
502 1037 716 1069 determinare
734 1037 872 1077 voluisti,
897 1043 927 1068 te
951 1048 1013 1068 non
1038 1038 1144 1068 minus
1170 1039 1325 1079 magistro
1350 1045 1403 1070 tuo
1427 1052 1533 1072 errare
1557 1043 1733 1084 ostendisti,

86 1090 162 1121 dum
198 1090 473 1121 communicantes
507 1090 796 1120 excommunicatis
831 1090 1112 1120 excommunicare
1151 1089 1312 1121 distulisti.
1372 1091 1493 1123 Dixisti
1529 1095 1613 1125 enim
1649 1106 1732 1126 com-

86 1142 286 1173 municantes
320 1141 605 1172 excommunicatis
639 1148 669 1171 te
703 1151 766 1171 non
803 1142 1097 1172 excommunicare.
1151 1141 1256 1173 Tanto
1294 1144 1394 1174 errori
1429 1144 1569 1186 Spiritus
1604 1152 1732 1178 sanctus

86 1194 119 1224 in
150 1193 244 1225 beato
275 1192 430 1224 Gelasio*¹
461 1193 598 1224 obvians
628 1193 688 1223 ait:
723 1193 897 1234 Postquam
928 1194 1068 1224 Acatius
1102 1195 1342 1226 communionis
1377 1196 1506 1227 alienae
1529 1197 1648 1238 factus
1678 1205 1733 1239 est,

86 1256 151 1276 non
180 1246 288 1287 potuit
318 1245 406 1277 nisif
437 1244 599 1276 catholica
630 1249 656 1275 et
688 1244 869 1285 apostolica
899 1256 972 1276 nzosc
1003 1247 1149 1276 societate
1175 1247 1324 1287 precidi,
1357 1258 1393 1277 ne
1422 1259 1483 1288 per
1513 1261 1598 1288 eum,
1626 1252 1656 1282 .ςὶ
1688 1252 1733 1282 vel

84 1296 257 1339 paululum
287 1307 496 1336 cessaremus,
528 1307 586 1327 nos
616 1307 741 1338 quoque
764 1296 948 1327 videremur
970 1297 1093 1328 subisse
1116 1299 1270 1339 contagyz'a
1294 1298 1479 1339 impiorum.
1523 1300 1609 1332 Huic
1633 1303 1733 1332 errori

86 1349 264 1380 contrarius
295 1354 343 1379 est
373 1348 486 1380 beatus
510 1347 717 1378 Innocentius
747 1353 779 1378 et
810 1349 938 1388 caeteri,
970 1359 1107 1390 quorum
1138 1359 1276 1381 canones
1306 1351 1436 1392 gravius
1467 1351 1644 1394 dampnant
1667 1365 1732 1393 905,

86 1400 141 1442 qui
171 1400 255 1431 intra
285 1399 474 1431 aecclesiam
506 1398 644 1430 ordinati
668 1398 709 1429 ad
733 1398 873 1430 heresim
896 1401 1102 1440 transierunt,
1135 1412 1229 1443 quam
1255 1412 1320 1441 eos,
1352 1403 1407 1444 qui
1430 1409 1522 1434 extra
1544 1404 1731 1436 aecclesiam

86 1452 224 1483 ordinati
255 1457 337 1483 sunt.
389 1451 475 1482 Huic
505 1451 688 1492 exceptioni
720 1451 943 1483 contradicunt
980 1452 1092 1483 beatus
1123 1453 1210 1484 Le0⁵
1245 1454 1277 1484 in
1308 1454 1444 1496 epistola
1477 1455 1518 1486 ad
1549 1456 1732 1488 Ianuarium

85 1503 335 1545 Aquilegensem
353 1504 542 1545 episcopum
567 1508 597 1534 et
620 1501 733 1533 beatus
751 1504 951 1544 Gregorius⁶
975 1505 1007 1535 in
1032 1504 1167 1546 epistola
1190 1505 1230 1536 ad
1248 1506 1417 1548 episcopos
1433 1506 1595 1547 Numidie,
1620 1508 1734 1541 docen-

85 1561 134 1586 tes
157 1560 267 1586 contra
289 1555 386 1586 fidem
410 1555 599 1586 catholicam
625 1565 706 1594 esse,
731 1555 756 1585 si
782 1561 1042 1596 promoveantur,
1067 1557 1121 1599 qui
1145 1557 1186 1588 ab
1210 1557 1313 1588 heresi
1337 1563 1549 1590 revertuntur.

191 1607 219 1640 8.
265 1606 457 1638 Turbanus⁷
492 1607 524 1637 in
560 1605 697 1648 epistola
731 1606 771 1637 ad
804 1607 961 1649 Piponem
993 1607 1177 1640 Tulleusem
1213 1610 1420 1651 episcopum:
1454 1611 1635 1652 Epi-scopos
1668 1614 1733 1644 sive

87 1657 228 1699 clericos,
251 1670 331 1701 quos
354 1659 559 1700 symoniacos
582 1670 648 1690 esse
671 1663 806 1695 constat,
829 1671 849 1690 a
865 1661 972 1691 sacris
989 1660 1133 1701 officiis&
1149 1662 1355 1693 removendos
1373 1664 1503 1693 omnino
1521 1663 1732 1695 decernimus.

86 1710 127 1742 In
158 1711 322 1742 aecclesiis
351 1721 434 1750 vero,
465 1721 547 1752 quae
571 1710 610 1741 ab
634 1710 823 1742 huiusmodi
845 1712 1045 1753 symoniacis
1074 1717 1220 1743 eoeecrate
1250 1719 1337 1750 sunt,
1369 1725 1434 1744 non
1459 1714 1555 1745 aliter
1577 1727 1673 1756 quam.
1699 1717 1730 1747 in

86 1761 165 1793 locis
188 1762 407 1794 communibus
430 1761 591 1792 orandum
616 1762 756 1802 videtur,
787 1762 886 1794 donec
917 1764 1079 1794 subversis
1103 1763 1265 1795 altaribus
1288 1765 1508 1796 benedictione
1532 1771 1559 1796 et
1582 1768 1732 1798 unctione

87 1813 239 1845 catholici
263 1813 420 1844 antistitis
444 1818 681 1844 consecrentur.
726 1813 763 1844 In
780 1813 910 1846 eadem:
935 1815 984 1846 De
1001 1816 1062 1855 his,
1086 1817 1143 1857 qui
1165 1817 1235 1847 sine
1258 1816 1363 1847 titulis
1382 1817 1530 1848 ordinati
1552 1823 1638 1858 sunt,
1660 1818 1732 1850 licet

87 1865 249 1897 eiusmodi
271 1865 439 1896 ordinatio
450 1865 462 1884 ¹¹
478 1870 663 1896 sanctorum
689 1877 852 1897 canonum
876 1867 1064 1898 sanctione*
1092 1868 1189 1898 irrita
1214 1867 1387 1907 iudicetur,
1410 1873 1519 1899 utrum
1543 1874 1649 1900 tamen
1672 1870 1731 1901 ali-

87 1917 144 1959 qui
166 1918 201 1947 in
226 1917 367 1958 acceptis
391 1917 456 1947 sint
479 1917 652 1948 ordinibus
672 1917 895 1958 permittendi,
923 1919 1114 1950 discretioni
1136 1924 1211 1950 tuae
1230 1930 1293 1960 pro
1313 1920 1460 1959 presenti
1482 1920 1656 1952 aecclesiae
1679 1933 1731 1953 ne-

87 1969 232 2000 cessitate
255 1969 489 2005 committimus,
513 1969 542 1999 si
565 1973 673 1999 tamen
691 1969 778 2000 alias
800 1970 870 2000 sine
889 1971 1059 2011 pravitate
1083 1982 1135 2001 eos
1155 1971 1323 2001 ordinatos
1336 1969 1449 2010 fuisse
1473 1973 1659 2004 constiterit.
1696 1973 1731 2004 In

87 2019 215 2051 eadem:
238 2019 328 2051 Haec
352 2021 508 2051 universa
527 2024 694 2062 tamquam
713 2021 910 2062 apostolicae
934 2022 1021 2053 seclis
1037 2027 1205 2064 precepta,
1229 2027 1414 2053 sanctorum
1433 2023 1644 2055 conciliorum
1661 2036 1731 2056 sen-

86 2072 196 2103 tentiis
213 2072 441 2109 een-sonantia,
464 2071 636 2113 religionis
659 2077 733 2103 tuae
755 2073 934 2103 strenuitas
957 2078 985 2104 et
1008 2074 1043 2104 in
1069 2074 1224 2104 aecclesia
1242 2073 1305 2104 sihi
1320 2075 1488 2105 commissa
1506 2075 1574 2106 Deo
1599 2077 1732 2108 iuvante

87 2123 249 2154 custodiat
271 2127 299 2154 et
322 2123 536 2154 custodienda
561 2123 637 2154 aliis
660 2125 853 2155 innotescat.
899 2123 1019 2156 Beatus
1037 2124 1235 2166 Gregorius⁸
1260 2125 1291 2155 in
1312 2125 1459 2166 Registro
1482 2137 1540 2157 suo
1565 2127 1732 2159 manifeste

87 2174 200 2205 asserit
229 2173 370 2205 alienum
401 2185 470 2205 esse
493 2185 512 2205 a
534 2174 613 2214 fide,
644 2176 790 2218 quisquis
822 2177 978 2217 presumit
1008 2175 1145 2215 solvere,
1179 2176 1264 2219 quod
1290 2176 1532 2209 Calcedonense
1563 2179 1730 2211 concilium

87 2224 174 2267 ligat.
209 2225 261 2256 Tu
284 2237 358 2257 vero
383 2226 616 2258 ordinationem
639 2227 758 2258 factam
783 2228 873 2259 sinek
897 2227 989 2259 titulo
1014 2229 1217 2268 confirmans,
1242 2228 1365 2260 solvere
1389 2231 1623 2272 presumpsisti‚
1648 2232 1731 2274 quod

88 2276 267 2318 predictum
290 2277 473 2309 venerabile
496 2277 666 2309 concilium
691 2278 795 2320 ligans
818 2280 943 2311 irritum
967 2291 1036 2311 esse
1059 2280 1161 2310 iussit.

192 2329 222 2363 9.
267 2328 320 2360 Ex
350 2329 485 2361 concilio
509 2329 654 2361 Turbani
684 2331 770 2372 apud
800 2330 986 2373 Melphyam
1018 2331 1166 2362 habitossz
1198 2331 1441 2373 Censtituimus,
1471 2337 1506 2364 ut
1536 2345 1625 2365 nemo
1657 2340 1730 2366 ante

89 2391 194 2412 annos
224 2381 411 2421 quindecim
442 2387 497 2413 aut
525 2382 629 2413 XIIII
650 2383 872 2414 subdiaconus
895 2383 1076 2423 ordinetur,
1111 2395 1201 2414 nemo
1233 2389 1308 2415 ante
1338 2396 1445 2416 annos
1467 2384 1544 2415 XX¹
1571 2385 1732 2417 diaconus

199 2467 224 2499 a)
247 2475 382 2500 nunquam
403 2469 427 2492 ’2.
512 2469 541 2495 b')
562 2469 659 2493 ibidem
682 2470 706 2494 2.
792 2477 816 2501 c)
840 2471 967 2495 unionem
989 2471 1012 2494 2.
1100 2471 1128 2497 dt
1148 2472 1369 2496 excommunione
1394 2474 1414 2496 1.
1504 2474 1528 2502 e)
1550 2472 1602 2498 det.
1624 2474 1684 2497 dum
1707 2474 1730 2497 2.

0 2529 1 2534 ,
43 2517 70 2537 ιε
89 2511 111 2543 f)
131 2520 156 2536 n.
177 2521 193 2537 a
213 2513 282 2538 cath.
303 2514 359 2538 Get.
471 2516 499 2546 g)
522 2519 547 2539 et
567 2515 706 2540 beneficiis
731 2515 795 2540 add.
818 2516 856 2540 Jl.
970 2516 999 2543 h»
1021 2516 1189 2541 ordinatione
1213 2519 1236 2541 1.
1344 2519 1365 2549 i)
1386 2519 1518 2543 sanctioni
1539 2520 1673 2543 contraria
1693 2519 1729 2544 M.

90 2557 118 2590 k)
137 2559 192 2583 sive
216 2560 238 2584 1.
313 2560 332 2591 l)
356 2561 448 2592 viginti
470 2561 584 2593 quinque
605 2562 647 2586 vel
668 2562 761 2594 viginti
782 2566 895 2594 quatuor
914 2561 952 2586 M.

197 2633 225 2668 1)
249 2633 293 2666 Cf.
316 2643 404 2668 supra
423 2644 455 2669 p.
473 2636 542 2661 331.
657 2636 686 2670 2)
710 2636 772 2664 Lib.
795 2637 897 2670 pontif.
922 2637 946 2669 1,
966 2646 998 2670 p.
1017 2636 1086 2662 258.
1197 2637 1226 2671 2)
1249 2637 1340 2672 Epist,
1366 2638 1414 2665 27.
1445 2639 1483 2664 ad
1506 2639 1588 2672 episc.
1616 2638 1729 2670 Oricnt.,

94 2682 170 2710 Thiez
193 2684 218 2718 I,
237 2693 267 2718 p.
285 2685 356 2713 434.
443 2686 472 2721 4)
497 2687 588 2720 Epist.
609 2687 655 2715 12.
681 2688 720 2713 ad
741 2688 920 2714 Auastasium
943 2687 1019 2722 imp„
1050 2688 1068 2714 l.
1086 2697 1108 2715 c.
1130 2697 1160 2722 p.
1178 2688 1249 2715 355.
1337 2689 1366 2724 5)
1392 2690 1483 2723 Epist.
1503 2690 1548 2722 18,
1573 2690 1681 2716 Butler.
1705 2691 1729 2720 Ι,

91 2735 143 2761 col.
163 2735 230 2762 730.
340 2737 369 2769 6)
395 2737 462 2772 Περ.
480 2738 503 2770 J,
523 2738 570 2770 75,
595 2739 637 2765 ed.
662 2739 764 2765 Ewald
786 2739 809 2771 Iy
829 2748 860 2772 p.
879 2739 934 2772 95;
956 2739 1034 2772 Jaffe'
1060 2739 1148 2765 1144.
1257 2741 1285 2775 7)
1308 2741 1400 2775 Epist.
1421 2741 1467 2774 17,
1491 2750 1513 2767 c.
1533 2741 1622 2774 5-7,
1646 2742 1728 2775 App.v

6 2794 7 2818 }
45 2792 72 2811 50
91 2785 190 2812 Man-si
211 2787 280 2820 XX,
304 2788 357 2814 col.
375 2788 444 2816 676.
463 2789 538 2822 677;
560 2789 646 2822 Jaffe
669 2790 760 2816 5409.
835 2791 864 2824 S)
888 2790 957 2824 Rey.
982 2791 1040 2823 III,
1066 2792 1112 2817 10.
1136 2791 1188 2824 IV,
1207 2792 1255 2824 33,
1281 2793 1323 2819 ed.
1347 2793 1449 2818 Eia-ald
1471 2792 1495 2824 I,
1515 2802 1545 2826 p.
1566 2792 1633 2821 1ῖΟ.
1653 2792 1729 2821 269,-

90 2836 174 2871 Jaffe·
199 2838 288 2864 1214.
314 2839 403 2867 1308.
491 2840 520 2874 9)
545 2840 621 2873 014,
645 2841 744 2867 mansi
765 2842 834 2878 xx,
858 2842 910 2868 σοι.
930 2841 999 2868 723.

1752 746 1788 764 Ps.
1800 747 1833 767 2¹6,
1848 748 1878 765 12.

1756 1626 1817 1645 1083.

1752 2348 1816 2368 1089.
