2132 3067
541 166 592 192 DE
616 164 786 192 UNITATE
809 164 1018 192 ECCLESIAE
1041 165 1338 193 CONSERVANDA.
1701 165 1763 196 255

113 256 310 286 Henriehum
334 255 443 286 videre
472 254 521 285 vel
551 253 680 296 alloqui,
734 253 778 284 At
807 253 992 295 imperator,
1024 254 1137 287 leviter
1166 256 1271 286 ferens
1304 260 1523 298 contemptum
1555 268 1659 296 suum,
1690 268 1763 288 eum

112 307 245 338 haberet
273 311 384 349 utpote
416 307 561 337 minister
585 306 648 336 Dei
677 305 838 336 vindicem
870 306 902 336 in
934 305 1050 347 impios
1080 306 1235 348 gladium,
1267 307 1369 338 noluit
1398 308 1545 340 occidere
1569 320 1764 351 quemquam

112 360 300 398 noxiorum3
330 359 385 389 sed
411 370 481 389 cum
509 357 666 399 capienda
690 363 773 388 esset
796 357 919 396 civitas,
948 364 1035 387 non³
1059 357 1161 389 solum
1185 358 1308 390 dimisit
1332 360 1508 401 impunitos
1532 360 1639 392 hostes
1665 360 1765 392 eccle-

111 411 177 441 siae
201 417 231 441 et
254 410 435 441 desertores
458 409 591 440 militiae
609 420 695 447 suae,
719 419 830 439 verum
849 409 944 439 etiam
963 409 1069 450 ipsum
1087 409 1337 449 Adalberonem,
1362 416 1393 442 et
1416 411 1515 453 quod*
1539 423 1610 442 eum
1636 423 1673 443 eo
1697 418 1765 444 erat

80 472 92 492 ⁵
112 461 308 504 praesidium
326 461 480 502 hostium,
504 460 621 492 milites
638 460 763 491 seilicet
785 460 831 490 rei
855 459 1016 501 publicae,
1041 462 1199 502 permisit,
1223 463 1397 493 comitante
1414 473 1472 493 suo
1490 474 1619 506 quoque
1636 464 1765 504 ducatu,

112 524 242 545 securos
266 513 356 544 abire
370 519 388 545 ¹.
434 512 531 544 Modo
555 512 650 543 fuerit
672 512 848 553 imperator
864 523 984 551 errans,
1008 511 1112 554 qualis
1136 524 1198 543 non
1224 518 1330 555 potest
1352 525 1422 545 esse
1446 514 1515 545 sine
1539 527 1643 557 poena
1665 515 1765 547 ecole-

111 566 260 597 siasticae
291 565 648 603 excommunicationis,
683 575 754 594 cum
791 564 883 594 iuxta
916 565 1106 596 sententiam
1143 566 1244 596 sancti
1280 576 1384 607 papae
1415 565 1559 596 Gelasii²
1594 566 1766 598 moliantur

111 617 208 648 fidem
233 616 424 647 catholicam
448 622 594 647 evertere
618 627 675 657 per
697 616 901 647 occasionem
924 616 1032 657 regiae
1056 615 1262 657 alligationis,
1286 618 1340 659 qui
1365 617 1495 648 student
1513 618 1643 649 obviare
1660 619 1765 661 dispo-

113 669 284 700 sitionibus
308 667 454 710 publicis.
508 667 589 699 Sed:
616 667 750 699 Caritas
774 668 917 708 cooperit
939 668 1182 698 multitudinem
1202 674 1424 709 peccatorum,
1447 670 1530 700 sicut
1553 670 1631 700 dicit
1654 670 1765 701 Domi-

68 730 95 749 10
113 731 172 751 nus
203 732 260 762 per
289 719 471 761 apostolum
503 730 607 758 suum,
636 719 800 750 caritatem
831 723 937 749 autem
968 720 1145 760 imperator
1175 719 1320 750 hostibus
1351 731 1480 762 quoque
1513 721 1578 751 suis
1609 721 1767 761 exhibuit,

113 771 241 814 quando
265 772 297 802 in
322 782 402 813 pace
425 782 480 802 eos
504 771 593 802 abire
616 771 772 812 permisit.
818 770 911 801 Sicut
934 771 1018 802 enim
1043 771 1155 802 scribit
1177 776 1308 802 sanctus
1331 772 1515 814 Cyprianus
1539 773 1711 815 episeopus
1735 775 1766 805 in

112 823 193 855 libro
218 823 257 855 de
281 824 474 865 patientiassz
508 823 639 855 Caritas
658 822 891 863 fraternitatis
914 823 1082 854 vinculum
1107 828 1162 862 est,
1182 823 1446 864 fundamentum
1469 826 1576 866 pacis,
1605 827 1767 857 tenacitas

113 888 152 907 ac
175 876 322 916 firmitas
353 876 504 915 unitatis,
535 886 619 916 quae
649 879 676 905 et
699 885 755 915 spe
778 879 806 905 et
826 874 897 914 fide
920 876 1028 905 maior
1050 879 1106 913 est,
1138 887 1221 916 quae
1245 880 1273 906 et
1297 887 1394 917 opera
1419 888 1458 906 ac
1481 878 1645 918 ‘martyria
1665 889 1765 918 prae-

113 928 207 966 cedit,
230 938 315 968 quae
338 927 502 958 nobiscum
525 937 648 967 semper
672 930 805 957 aeterna
828 927 865 956 in
888 926 1078 957 caelestibus
1100 927 1212 968 reguis
1232 927 1444 968 permanebit.
1483 927 1525 958 Et
1548 933 1621 969 post
1644 928 1766 970 aliqua:

66 988 93 1007 1⁵
112 979 163 1010 De
194 980 248 1009 ira
279 979 359 1021 quid
389 979 510 1018 dicam,
540 977 645 1019 inquit
657 980 678 1015 ⁴,
709 982 737 1008 et
766 978 804 1008 de
833 978 1002 1009 discordia
1026 978 1115 1009 etde
1139 977 1383 1019 simulationeb‚
1413 991 1497 1021 quae
1524 981 1559 1010 in
1584 981 1766 1012 christiano

112 1042 177 1062 esse
201 1042 265 1062 non
289 1030 423 1061 debent?
467 1027 680 1071 Inexpiabilis
709 1034 740 1059 et
762 1029 870 1070 gravis
893 1029 991 1071 culpa
1014 1029 1196 1061 discordiae
1219 1041 1278 1060 nec
1301 1031 1451 1071 passione
1481 1036 1638 1072 purgatur
1671 1036 1711 1072 et,
1741 1033 1766 1063 si

110 1081 276 1112 discordes
305 1082 402 1113 etiam
431 1081 530 1112 occisi
554 1080 686 1120 fuerint,
719 1080 846 1112 macula
868 1081 930 1112 ista
952 1092 1011 1112 nec
1034 1082 1191 1122 sanguine
1215 1081 1366 1114 abluitur.
1411 1083 1482 1114 Nos
1505 1095 1594 1124 vero,
1626 1084 1763 1126 inquits,

112 1135 295 1165 meminisse
326 1134 485 1173 debemus,
515 1145 576 1175 quo
606 1133 760 1164 vocabulo
787 1133 912 1174 plebem
943 1145 1038 1164 suam
1065 1133 1215 1166 Christus
1247 1134 1398 1175 appellet,
1427 1146 1488 1176 qao
1516 1135 1608 1167 titulo
1637 1148 1766 1178 yreyem

114 1197 209 1216 suum
232 1190 408 1226 nuncupet.
460 1184 540 1216 Oves
564 1186 723 1222 nominat,
748 1190 782 1214 ut
805 1186 996 1215 innocentia
1020 1185 1206 1217 christiana
1224 1186 1335 1216 ovibus
1352 1191 1520 1228 aequetur,
1544 1199 1649 1229 aynos
1665 1194 1767 1227 vocat,

66 1247 93 1266 20
114 1242 149 1268 ut
172 1248 335 1278 aynorum
359 1242 516 1267 naturam
539 1237 716 1277 simplicem
741 1235 938 1276 simplicitas
963 1238 1077 1267 mentis
1101 1238 1254 1268 imitetur.
1311 1237 1401 1273 Quid
1429 1238 1487 1269 sub
1515 1241 1631 1270 vestitu
1661 1242 1767 1271 ovium

113 1289 215 1330 lupus
244 1289 364 1328 latitat,
395 1289 475 1330 quid
506 1299 634 1329 9⁷·eyenz
668 1288 791 1319 Christi
822 1288 880 1328 qui
913 1299 945 1318 se
980 1288 1198 1320 christianum
1233 1291 1389 1320 mentitur
1421 1290 1588 1330 infamat?
1647 1291 1769 1323 Christi

114 1351 228 1371 nomen
257 1341 395 1371 induere
425 1344 454 1370 et
482 1351 548 1370 non
570 1351 632 1380 per
658 1339 780 1371 Clio-isti
803 1341 891 1370 viam
914 1351 1059 1381 pergere,
1089 1341 1169 1382 quid
1193 1340 1289 1371 aliud
1317 1346 1372 1380 est,
1402 1352 1500 1382 quam
1520 1345 1767 1384 praevaricatio

114 1391 224 1422 diuini
253 1393 407 1431 nominis,
438 1402 534 1432 quam
565 1392 701 1422 desertio
733 1392 863 1421 itineris
893 1392 1076 1422 salutaris?
1108 1392 1240 1433 quando
1269 1393 1339 1434 ipse
1362 1398 1491 1424 moneat
1518 1399 1546 1424 et
1576 1395 1666 1425 dicat
1696 1407 1766 1426 eum

113 1454 180 1474 esse
203 1444 393 1484 sapientem,
418 1443 475 1484 qui
497 1443 593 1473 verba
611 1443 676 1473 Dei
700 1443 845 1473 audierit
870 1448 897 1473 et
910 1443 1042 1483 fecerit.
1088 1443 1196 1485 Atque
1220 1444 1251 1474 in
1276 1443 1357 1475 libro
1382 1444 1420 1475 de
1445 1446 1567 1476 unitate
1592 1446 1768 1478 catholicae

67 1506 94 1525 25
113 1493 268 1526 ecelesiae
284 1494 369 1524 idem
389 1493 574 1535 Cyprianus
591 1495 803 1536 episoopusss:
833 1494 917 1536 Opto
940 1495 1098 1536 equidem,
1122 1495 1236 1536 inquit,
1261 1495 1465 1527 dilectissimi
1478 1497 1621 1537 fratres,
1645 1503 1672 1528 et
1697 1510 1768 1529 con>

113 1547 183 1578 sulo
209 1547 340 1588 pariter
369 1551 397 1576 et
427 1546 562 1584 suadeo,
593 1550 639 1586 ut,
669 1547 699 1577 si
727 1546 802 1585 fieri
826 1551 942 1588 potest,
972 1558 1062 1577 nemo
1086 1547 1124 1577 de
1139 1547 1312 1587 fratribus
1334 1553 1459 1588 pereat,
1486 1553 1514 1578 et
1536 1551 1768 1581 consentientis

110 1598 233 1640 populi
263 1608 385 1638 corpus
416 1609 519 1629 unum,
548 1598 670 1639 ¹qremio
701 1609 759 1628 suo
790 1598 942 1639 gaudens
974 1603 1076 1628 mater
1106 1598 1264 1629 includat.
1315 1599 1354 1629 Si
1378 1605 1484 1630 tamen
1510 1601 1668 1641 quosdam
1693 1603 1768 1632 scis-

113 1654 235 1681 matum
259 1649 356 1680 duces
380 1654 407 1680 et
431 1649 648 1680 dissensionis
672 1655 820 1680 auctores
842 1651 879 1680 in
904 1661 1002 1681 caeca
1025 1655 1053 1680 et
1076 1650 1239 1680 obstinata
1264 1651 1425 1682 dementia
1452 1658 1678 1693 permanentes
1702 1665 1768 1684 non

109 1702 252 1744 potuerit
273 1701 317 1732 ad
339 1700 458 1732 salutis
481 1702 570 1732 viam
586 1701 759 1732 consilium
775 1700 904 1732 salubre
920 1713 1084 1741 revocare,
1107 1703 1228 1733 caeteri
1251 1707 1358 1733 tamen
1376 1703 1423 1734 vel
1439 1704 1651 1745 simplicitate
1676 1707 1767 1746 capti

67 1765 94 1784 so
114 1752 162 1784 vel
184 1764 293 1784 errore
315 1753 445 1784 inducti
467 1752 515 1784 vel
539 1752 654 1794 aliqua
670 1753 825 1794 fallentis
850 1755 993 1784 astutiae
1013 1753 1196 1784 calliditate
1212 1754 1336 1795 decepti
1352 1767 1372 1785 a
1387 1755 1554 1795 fallaciae
1573 1767 1625 1786 vos
1640 1756 1768 1798 laqueis

114 1804 237 1843 solvite,
267 1808 448 1845 vayantesc
479 1815 611 1846 yressus
641 1805 680 1836 ab
712 1805 878 1835 erroribus
907 1805 1051 1845 liberate,
1082 1806 1142 1836 iter
1164 1811 1285 1836 rectum
1316 1807 1389 1837 viae
1420 1808 1567 1837 caelestis
1592 1809 1766 1848 agynoscite.

117 1856 335 1889 Contestantis
367 1857 505 1897 apostoli
536 1867 599 1887 vooe
622 1861 686 1887 est:
718 1856 969 1898 '‘Praecipimus
999 1857 1108 1896 vobis)
1143 1858 1262 1898 inquit,
1297 1859 1342 1888 ‘in
1372 1860 1499 1889 nomine
1535 1859 1661 1890 domini
1695 1860 1764 1890 Iesu

117 1907 249 1947 Christi,
279 1913 314 1938 ut
343 1908 505 1939 recedatis
534 1907 573 1939 ab
604 1908 753 1939 omnibus
773 1908 944 1949 frutribus
968 1908 1212 1939 ambulantibus
1236 1910 1427 1940 inordinate
1452 1915 1478 1939 et
1502 1922 1566 1941 non
1590 1912 1767 1942 secundum

114 1959 333 2000 traditionem,
364 1970 462 2000 quam
488 1961 661 2000 accepistis
686 1971 706 1990 a
730 1961 842 1991 nobis’.
893 1960 935 1990 Et
957 1961 1073 1991 iterum
1098 1961 1198 1991 dicit:
1226 1960 1338 1991 ‘Nemo
1363 1962 1506 2002 decipiat
1530 1973 1584 1992 vos
1611 1963 1767 1994 inanibus

68 2021 95 2041 3⁵
114 2011 230 2050 verbis,
254 2015 433 2052 propterea
456 2011 541 2042 enim
565 2012 653 2042 venit
675 2012 729 2042 ira
753 2012 817 2042 Dei
838 2012 875 2042 77„
891 2012 983 2051 filios
1006 2013 1244 2052 contzwnaciae,
1272 2012 1372 2043 nolite
1395 2025 1471 2054 erqo
1495 2025 1560 2044 esse
1583 2016 1767 2056 participes

115 2063 243 2094 eorum’.
287 2063 516 2094 Recedendum
539 2067 583 2093 est
608 2075 628 2092 a
652 2063 925 2104 delinquentibus,
958 2063 1005 2093 vel
1030 2064 1123 2094 immo
1145 2063 1360 2104 fuyiendum,
1393 2076 1442 2104 ne,
1474 2065 1550 2095 dum
1581 2066 1654 2107 quis
1683 2067 1766 2097 male

116 2114 358 2146 ambulantibus
381 2116 536 2155 iungitur
560 2119 587 2145 et
613 2125 676 2154 per
705 2115 826 2145 itinera
851 2116 974 2145 erroris
997 2120 1023 2145 et
1048 2115 1196 2145 criminis
1220 2115 1377 2154 trabitur,
1410 2128 1429 2144 a
1463 2118 1514 2146 via
1544 2119 1614 2148 veri
1637 2119 1766 2149 itineris

115 2176 275 2198 ewerrans
296 2167 377 2207 pari
399 2167 536 2196 crimine
559 2171 587 2196 et
610 2167 680 2206 ipse
703 2171 860 2197 teneatur.
911 2166 1002 2197 [Vnus
1023 2166 1112 2196 Deus
1135 2171 1179 2197 est
1202 2171 1229 2197 et
1254 2179 1341 2198 unus
1359 2168 1508 2199 Christus
1532 2173 1560 2198 et
1582 2181 1651 2200 una
1675 2171 1766 2201 ecele-

116 2218 168 2249 sia
191 2219 261 2249 eius
283 2222 311 2248 et
326 2218 414 2258 fides
437 2229 518 2257 una,
542 2223 569 2247 et
590 2216 680 2258 plebs
696 2219 730 2248 in
750 2217 889 2248 solidam
906 2219 1054 2259 corporis
1074 2219 1232 2249 unitatem
1250 2219 1445 2249 concordiae
1461 2220 1588 2261 ylutine
1604 2221 1767 2262 copulata.

69 2281 97 2299 40
117 2268 236 2301 Scindi
258 2271 370 2300 unitas
399 2281 465 2300 non
492 2274 606 2310 potest,
637 2281 694 2300 nec
725 2280 827 2299 unum
857 2280 976 2310 corpus
1005 2270 1168 2300 discidio‘l
1197 2272 1404 2312 compayinis
1434 2274 1597 2312 separari,
1629 2273 1768 2305 divulsis

116 2320 315 2353 laceratione
344 2321 522 2352 visceribus
551 2323 587 2352 in
609 2321 728 2361 =frusta
759 2321 912 2361 discerpi.
973 2319 1139 2363 Quicquid
1168 2323 1206 2353 ab
1238 2324 1365 2353 unitate
1395 2323 1595 2364 discesserit,
1625 2336 1767 2356 seorsum

116 2373 221 2404 vivere
243 2378 272 2403 et
294 2374 424 2413 spirare
446 2383 513 2404 non
532 2373 666 2414 poterit,
695 2373 914 2403 substantiam
938 2372 1057 2403 salutis
1082 2375 1210 2405 amittit.
1263 2374 1353 2405 Haec
1379 2375 1463 2405 beati
1488 2375 1644 2416 Cypriani
1667 2376 1767 2408 verba

116 2423 303 2455 fidelissima
325 2429 400 2455 sunt
423 2429 454 2456 et
476 2435 563 2463 vera,
588 2435 671 2466 quae
695 2424 919 2465 constringunt
942 2430 1048 2455 certee
1073 2424 1270 2456 declinantes
1287 2427 1319 2456 in
1335 2425 1515 2468 aliquarum
1534 2429 1672 2469 partium
1690 2430 1767 2459 seis-

117 2481 218 2515 mata3
241 2480 338 2518 atque
362 2476 434 2507 ideo
458 2487 536 2518 erga
558 2487 591 2507 se
615 2475 818 2506 insolubilem
842 2487 912 2506 esse
936 2477 1125 2507 sententiam
1149 2478 1280 2517 faciunt,
1304 2480 1357 2521 qui
1382 2479 1461 2510 tales
1485 2491 1674 2522 permanere
1701 2480 1768 2511 dili-

73 2585 102 2605 45
227 2585 256 2616 a)
276 2585 323 2610 sed
347 2586 375 2616 ¹3
397 2585 460 2610 bene
480 2585 630 2610 emendavit
650 2585 765 2610 Schard.
841 2585 868 2617 b)
891 2586 1025 2610 simultate
1047 2584 1126 2618 Cypr.
1203 2588 1227 2618 c)
1251 2592 1395 2620 vagantem
1421 2591 1450 2620 l;
1471 2589 1586 2615 Selzard.
1608 2591 1766 2616 emendavit.

118 2630 145 2662 d)
169 2631 279 2656 dissidio
302 2633 325 2655 1.
402 2631 429 2662 e)
450 2635 523 2656 certa
545 2633 568 2656 1.

226 2728 254 2763 1)
279 2728 323 2763 C'f.
348 2730 480 2755 [Variani
503 2730 580 2756 Cout.
606 2730 645 2763 Il,
670 2730 688 2756 l.
713 2739 737 2756 c,
758 2739 788 2763 p.
807 2730 882 2758 5154:
906 2730 1013 2757 Mlvlcelz.
1039 2731 1102 2758 Chr.
1126 2731 1145 2758 l.
1169 2741 1192 2761 e.
1212 2741 1243 2766 p.
1263 2733 1333 2760 207.
1422 2733 1451 2767 ⁸2)
1476 2734 1521 2766 Cf.
1549 2734 1626 2761 'l'lciel
1646 2744 1675 2768 p.
1696 2734 1765 2765 341,

119 2787 206 2814 supra
224 2789 256 2814 p.
275 2781 344 2806 239.
445 2781 475 2815 3)
499 2782 545 2807 De
567 2782 637 2807 bono
656 2782 814 2816 patienciae
835 2786 849 2812 ξ
876 2782 922 2814 15,
942 2791 974 2817 p.
992 2782 1062 2810 407.
1173 2783 1203 2817 4)
1224 2786 1238 2813 ξ
1265 2784 1312 2817 16,
1338 2794 1367 2819 p.
1392 2785 1462 2812 408.
1488 2785 1558 2811 409.
1668 2786 1696 2819 5)
1723 2786 1766 2810 De

118 2830 174 2856 zelo
197 2834 222 2857 et
244 2831 331 2858 livore
354 2834 368 2863 ξ
395 2832 492 2866 1212.
510 2832 580 2860 427.
669 2833 698 2867 6)
723 2834 768 2859 De
790 2833 862 2860 cath.
887 2834 952 2860 eccl.
976 2834 1045 2862 uuit.
1069 2838 1082 2863 ξ
1108 2834 1156 2868 23,
1178 2835 1248 2863 ibid.
1271 2845 1299 2869 p.
1320 2836 1389 2863 230.

1785 418 1877 444 ‘p.10‹3.

1789 685 1806 702 1.
1817 683 1877 703 Petr.
1884 683 1906 706 4,
1916 682 1936 701 8.

1787 1857 1938 1877 ffll'hessssss.

1787 1885 1819 1910 *pv
1831 1887 1879 1906 107.

1787 2013 1815 2031 cs.
1825 2012 1883 2036 Epli.
