2132 3067
2112 0 2127 20 ὶΙ

395 148 453 178 491
753 144 923 172 ΗῑῙίὲΟΝΙΞ
947 142 1121 169 MONACHI
1148 140 1422 168 FLORIACENSIS
1446 140 1682 167 TRACTATUS.

396 250 455 280 qne
480 238 504 267 si
531 248 586 278 per
610 246 673 271 eos,
707 234 737 264 id
763 238 820 271 est,
850 233 875 262 si
901 243 957 273 per
988 241 1104 272 pravos
1133 229 1293 271 praelatos
1323 229 1469 260 diabolus
1500 240 1558 259 nos
1582 229 1715 270 instigat
1739 229 1836 260 verbo
1867 235 1923 260 aut
1955 234 2047 270 urget

254 304 373 324 mes-2³.
395 294 562 320 birmento,
589 293 621 316 ut
639 285 754 315 malum
774 293 976 325 peragamus,
1001 292 1078 312 mox
1102 280 1164 312 illis
1188 280 1455 323 respondeamus,
1479 281 1554 322 quia
1571 281 1698 312 obedire
1718 281 1783 312 Deo
1801 285 1922 322 oportet
1937 282 2046 322 magis

234 354 363 372 1:.‚1..s,1—
396 352 490 382 quom
522 338 715 369 hominibus.
762 335 828 365 Nec
859 333 1056 376 quibuslibet
1087 334 1255 364 tormentis
1285 343 1529 373 exsuperemur,
1560 332 1636 374 quia
1666 343 1732 363 non
1763 337 1838 363 sunt
1862 332 2046 375 condignae

389 392 562 432 passiones
587 389 685 418 latins
709 387 861 427 temporis
885 385 1099 426 adfuturam
1124 384 1275 426 yloriam,
1299 395 1382 425 quae
1405 382 1603 414 revelabitur
1627 384 1661 414 in
1686 383 1788 414 nobis.

502 463 524 479 ι.
572 447 708 478 Proinde
726 451 832 478 movet
848 446 1032 488 plerosque,
1052 444 1138 487 quod
1162 445 1235 476 iusti
1261 445 1291 475 in
1317 443 1377 475 hac
1397 444 1463 474 vita
1487 443 1587 475 multa
1604 444 1776 485 paciantur
1798 443 1946 483 adversa,
1971 443 2045 475 mali
2067 457 2079 476 5

394 513 468 533 vero
494 501 618 541 magnis
643 498 911 540 prosperitatibus
935 497 1086 538 gaudent.
1134 495 1198 527 Sed
1223 495 1262 526 de
1286 496 1352 526 suis
1376 494 1641 526 tribulationibus
1665 494 1805 526 exsultat
1827 495 1946 527 Paulus
1970 506 2047 538 apo-

283 564 371 581 .·1,.;·..³.
393 553 492 584 stolus
524 551 650 582 dicens:
687 550 880 581 Gloriantur
911 550 945 580 in
978 547 1257 587 tribulationibus,
1286 548 1432 587 scientes,
1461 548 1616 589 quoniam
1647 547 1818 578 tribulatio
1839 548 2046 589 pacienciam

312 616 340 634 i
357 617 372 634 ι.
393 610 559 646 operatur,
589 603 762 644 pacientia
789 612 859 631 vero
882 600 1117 641 probationem,
1149 604 1176 629 et
1197 599 1349 640 probatio
1372 610 1472 640 spem.
1518 598 1601 640 Spes
1625 604 1732 630 autem
1761 610 1828 630 non
1859 598 2046 640 confundit,

393 658 471 698 qnia
498 656 623 686 coritas
648 654 712 684 Dei
735 652 858 693 diffusa
882 657 925 683 est
954 653 990 682 in
1015 651 1167 681 cordibus
1191 651 1314 682 nostris
1334 662 1395 691 per
1420 649 1583 691 Spiritum
1607 655 1767 690 sanctum,
1798 652 1856 692 qui
1879 650 1978 682 datus
2001 656 2047 682 est

394 709 492 739 nobis.
538 706 610 745 Quo
635 705 759 746 Spiritu
788 703 894 734 referti
919 702 970 733 vel
995 702 1143 733 inebriati
1169 703 1288 744 quique
1313 702 1372 732 viri
1398 701 1531 743 perfecti
1561 712 1671 733 omnes
1699 701 1911 734 adversitates
1935 702 2047 734 mundi
2067 715 2094 734 ιο

394 760 485 790 liuius
504 762 636 799 propter
659 767 731 787 eum
755 754 903 794 tolerant,
928 755 982 796 qui
1000 765 1058 796 pro
1081 754 1126 785 eis
1144 755 1225 784 mori
1242 764 1305 784 non
1323 753 1516 795 dedignatus
1541 758 1598 785 est.
1635 753 1698 784 Pro
1721 764 1770 793 eo,
1793 754 1936 796 inquam,
1961 753 2047 796 quod

391 810 515 841 ardenti
539 819 648 839 amore
672 806 845 847 diligitum,
875 806 983 837 omnia
1006 804 1193 837 tolerantur.
1240 806 1281 836 At
1304 805 1493 847 impaciens,
1524 804 1601 835 dum
1627 804 1720 844 mala,
1752 816 1836 848 quae
1857 806 1887 837 ei
1917 806 1999 838 iuste
2028 816 2047 836 a

395 863 464 893 Deo
495 860 684 897 inseruntur⁷
720 859 786 900 pati
817 859 932 897 renuit,
967 867 1030 888 non
1061 856 1169 898 efficit,
1205 862 1240 888 ut
1273 867 1291 887 a
1324 856 1416 888 malis
1447 862 1588 896 eruatur,
1624 856 1678 888 sed
1712 862 1747 888 ut
1776 856 1861 888 mala
1894 857 2045 899 graviora

393 914 548 955 paciatur.
595 912 696 943 Nemo
722 910 806 941 enim
831 909 918 951 leges
936 909 1177 951 Omnipotentis
1194 909 1316 948 evadit3
1341 908 1397 940 sed
1416 909 1519 939 omnis
1544 913 1700 948 creatura,
1726 907 1802 940 velit
1819 907 1907 948 nolit,
1931 908 2047 940 militat

396 966 463 996 Deo
488 970 518 995 et
543 963 628 995 illius
649 963 795 994 subiacet
812 961 974 1003 potestati.
1020 960 1085 992 Sed
1107 960 1204 992 boni¹
1231 960 1332 991 libera
1348 959 1525 998 voluntate,
1550 960 1633 991 sicut
1650 960 1725 991 boni
1749 959 1815 1000 filii,
1839 960 1910 992 Deo
1927 961 2047 992 servire
2067 972 2094 992 15

394 1021 575 1054 noscuntur,
606 1020 635 1046 et
660 1015 781 1045 faciunt
805 1012 891 1055 quod
915 1012 1036 1043 bonum
1061 1016 1118 1043 est.
1164 1011 1241 1043 Mali
1265 1023 1394 1054 quoque
1418 1012 1489 1044 Deo
1513 1013 1665 1052 serviunt,
1696 1011 1752 1043 sed
1777 1012 1984 1053 necessitate3
2015 1017 2047 1044 et

393 1069 426 1099 tit
450 1067 488 1098 (le
519 1067 580 1098 illis
605 1066 690 1108 quod
714 1067 833 1096 iustum
859 1069 916 1097 est.
962 1064 1074 1106 Itaque
1106 1069 1137 1095 et
1160 1063 1200 1095 de
1224 1063 1317 1095 bonis
1340 1070 1372 1096 et
1394 1064 1455 1095 de²
1488 1063 1579 1095 malis
1605 1063 1695 1095 Deus
1725 1063 1808 1095 bene
1837 1063 1942 1096 facere
1973 1074 2046 1095 con-

394 1121 506 1153 suevit,
554 1117 793 1150 Veruntamenb
825 1115 980 1158 quiequid
1011 1116 1052 1147 ab
1087 1126 1125 1147 eo
1158 1115 1201 1155 fit,
1236 1116 1319 1147 iuste
1350 1117 1394 1147 fit.
1440 1115 1544 1157 Igitur
1577 1116 1691 1158 equius
1726 1120 1784 1156 est,
1817 1120 1852 1147 ut
1885 1125 1942 1146 nos
1976 1116 2046 1148 eius

393 1181 566 1212 sequamur
590 1181 684 1211 quam
717 1168 769 1200 ille
793 1174 935 1200 nostram
960 1173 1113 1210 sequatur
1136 1167 1349 1206 voluntatcm3
1381 1172 1415 1198 ut
1443 1178 1480 1198 eo
1508 1168 1580 1209 ipso
1604 1178 1668 1209 quo
1699 1178 1757 1199 nos
1788 1167 1857 1199 eius
1880 1168 2046 1210 sequimur

393 1222 599 1260 voluntatem,
625 1220 763 1252 ordinati
790 1231 860 1251 esse
884 1219 1089 1261 incipiamus.
2067 1231 2093 1250 20

498 1273 591 1304 Unde
621 1283 799 1314 congruum
831 1276 890 1311 est,
922 1277 956 1302 ut
985 1271 1010 1302 si
1043 1272 1115 1313 quis
1146 1271 1271 1312 uspiam
1303 1276 1351 1302 est
1379 1271 1434 1313 qui
1465 1271 1546 1302 duas
1576 1270 1633 1302 has
1664 1269 1703 1302 de
1738 1270 1856 1313 quibus
1883 1270 2046 1314 loquimur

394 1330 566 1367 potestates
590 1323 629 1355 ab
656 1325 791 1355 invicem
817 1335 875 1365 per
897 1323 1094 1354 discordiam
1119 1323 1261 1354 seiunxit
1283 1334 1321 1354 ae
1346 1323 1518 1364 separavit,
1547 1333 1586 1353 ne
1611 1322 1756 1363 negligat
1778 1333 1875 1364 agere
1899 1323 2044 1366 peniten-

393 1378 484 1415 ciam,
509 1381 540 1407 et
556 1386 761 1418 nequaquam
786 1375 917 1407 loetali⁶
941 1380 973 1406 et
996 1375 1179 1406 mortiferae
1194 1373 1331 1416 plagaed
1355 1385 1414 1416 per
1429 1373 1586 1416 pudorem
1603 1373 1702 1406 addat
1725 1379 1894 1406 tumorem.
1939 1374 2046 1406 Nichil

393 1429 477 1459 enim
502 1434 549 1459 est
572 1427 740 1467 infelicius,
764 1426 861 1458 nichil
885 1426 1062 1468 scelestius,
1094 1438 1190 1469 quam
1215 1427 1254 1458 de
1279 1426 1410 1458 vulnere
1434 1425 1520 1468 quod
1544 1425 1642 1458 latere
1672 1437 1738 1457 non
1762 1431 1868 1468 potest
1889 1437 1952 1458 non
1977 1438 2046 1458 eru-

394 1480 523 1511 bescere
547 1485 578 1510 ct
601 1479 640 1510 de
664 1479 805 1521 ligatura
828 1479 896 1510 eius
920 1478 1120 1510 erubescere.
1174 1479 1317 1520 satagat,
1341 1479 1486 1521 inquam,
1511 1479 1564 1520 qui
1589 1477 1649 1509 hoc
1671 1477 1777 1509 scelus
1799 1477 1950 1510 admisite
1974 1477 2046 1510 Deo
2066 1489 2093 1509 25

393 1531 578 1562 satisfacere
609 1543 666 1573 per
693 1532 888 1573 penitentiae
911 1530 1054 1562 dolorem
1086 1536 1118 1562 et
1146 1542 1204 1573 per
1234 1529 1421 1562 humilitatis
1444 1531 1601 1571 gemitum
1631 1536 1661 1562 et
1693 1541 1750 1572 per
1781 1530 1910 1561 contriti
1939 1529 2047 1562 cordis

394 1583 597 1622 sacrificium,
632 1583 882 1624 cooperantibus
917 1582 1113 1615 elemosinis.
1158 1582 1230 1614 Non
1265 1583 1349 1613 enim
1384 1582 1584 1624 praecipitur
1617 1581 1721 1622 nobis,
1754 1587 1790 1613 ut
1822 1581 2045 1614 tantummodo

393 1646 554 1666 cessemus
584 1646 601 1665 a
633 1635 790 1676 peccatis3
822 1634 877 1665 sed
909 1635 1002 1666 etde
1026 1635 1218 1677 praeteritis,
1249 1635 1381 1676 inquam
1393 1634 1414 1675 f,
1445 1633 1621 1676 deprecare
1650 1634 1839 1665 Dominum.
1885 1632 2046 1666 Omnibus

394 1687 534 1728 (lenique
569 1686 791 1728 peccatoribus
820 1687 997 1728 penitentia
1027 1687 1211 1718 necessaria
1240 1690 1304 1717 est:
1337 1696 1432 1728 quam
1463 1686 1519 1728 qui
1544 1686 1743 1728 contempnit
1764 1696 1872 1727 agere,
1903 1689 1959 1716 aut
1982 1684 2044 1717 Dei
2110 1700 2120 1718 r

394 1738 519 1779 tlagello
547 1737 723 1780 plerunque
755 1739 932 1780 percutitur
963 1744 1018 1770 aut
1048 1743 1150 1770 morte
1181 1738 1366 1770 conteritur.
1412 1737 1508 1769 Unde
1540 1742 1741 1779 peecatorem
1771 1742 1935 1769 ammonet
1963 1736 2046 1769 liber
2064 1733 2117 1780 so:

246 1801 372 1822 mnas.
395 1790 580 1832 Sapientiae
605 1790 733 1821 dicens:
758 1790 835 1830 Fili,
859 1802 897 1822 ne
921 1791 1030 1822 tardes
1052 1791 1196 1822 converti
1219 1791 1264 1821 ad
1281 1790 1468 1829 Dominum,
1492 1794 1520 1821 et
1543 1801 1582 1821 ne
1599 1789 1735 1831 differas
1759 1789 1798 1821 de
1820 1789 1874 1821 die
1895 1790 1931 1821 in
1948 1789 2044 1820 diem.

312 1852 333 1870 n,
352 1854 363 1870 υ
395 1842 506 1873 Subito
530 1853 644 1882 nempe
670 1843 771 1873 veniet
794 1844 848 1874 ira
872 1842 973 1881 illius,
1004 1847 1031 1873 et
1054 1843 1089 1873 in
1114 1848 1254 1883 tempore
1278 1842 1444 1873 vindictae
1474 1841 1640 1882 disperdet
1663 1846 1701 1873 te.
1746 1840 1790 1872 Et
1819 1841 1858 1873 de
1880 1841 2044 1883 penitente

340 1892 373 1939 {i
394 1894 425 1924 in
451 1893 532 1924 libro
556 1892 613 1923 Iob
639 1892 698 1924 hoe
730 1894 875 1925 invenies
899 1894 1070 1936 scriptum:
1101 1894 1140 1926 Si
1162 1905 1311 1926 reversus
1327 1894 1440 1934 fueris
1472 1894 1516 1924 acl
1546 1893 1813 1934 Omnipotwtem,
1841 1892 2044 1932 edificaberis
2106 1894 2132 1936 'J

393 1950 419 1976 et
451 1945 544 1986 lonqe
559 1945 670 1985 facies
702 1946 908 1987 iniquitatem
937 1958 957 1977 a
986 1944 1197 1977 tabernaculo
1229 1950 1293 1977 tuo.
1338 1945 1441 1976 Dabit
1470 1945 1530 1976 tibi
1555 1956 1619 1986 pro
1649 1949 1737 1976 terra
1765 1943 1898 1985 silicem,
1927 1949 1956 1976 et
1981 1955 2045 1987 pro

394 1997 482 2028 silice
505 2001 662 2027 torrentes
687 2008 823 2035 aureos;
855 2002 881 2028 et
906 2003 1078 2039 argentum
1109 1997 1357 2029 coacervabitur
1386 1997 1453 2036 tibi,
1486 2002 1514 2027 et
1537 1997 1655 2038 afflues
1678 1996 1823 2035 deliciis;
1854 2001 1882 2028 et
1909 1996 2046 2039 rogabis
2064 2007 2092 2028 ει

255 2056 364 2075 .1‚.25.·.›2.
394 2060 474 2086 eum,
504 2053 531 2079 et
555 2047 707 2079 exaudiet
731 2053 767 2079 te.
814 2049 888 2079 Erit
917 2050 1128 2090 Omnipotens
1159 2054 1276 2080 contra
1300 2050 1403 2080 hostes
1430 2053 1510 2089 tuos,
1539 2054 1566 2080 et
1589 2049 1764 2080 decernens
1785 2059 1863 2089 rem,
1892 2053 1919 2080 et
1941 2049 2045 2080 veniet
2130 2039 2132 2044 Ι

299 2110 320 2126 ιι,
395 2100 462 2129 tibi.
508 2099 549 2130 Et
581 2098 675 2140 paulo
701 2105 788 2140 post:
821 2099 887 2136 Qui
910 2102 1122 2132 inclinaverit
1146 2101 1262 2140 oculos,
1293 2102 1365 2142 ipse
1387 2100 1580 2132 salvabitur.
1626 2099 1724 2131 Plura
1752 2099 1908 2142 parabam
1939 2099 2045 2132 adhuc

395 2150 510 2181 (licere.
557 2150 621 2182 Sed
645 2162 682 2181 ne
707 2150 887 2192 legentibus
916 2151 1037 2183 tedium
1066 2153 1222 2194 ingeram,
1251 2162 1314 2183 non
1345 2151 1451 2193 placet
1479 2151 1619 2194 amplius
1650 2151 1829 2194 producere
1858 2151 1976 2183 librum
2005 2162 2044 2184 ac
2129 2163 2132 2192 ,¹

397 2201 553 2243 protelare
576 2213 772 2242 sermonem3
804 2203 942 2234 maxime
965 2215 1038 2234 cum
1062 2215 1160 2246 super
1190 2203 1269 2236 haec
1293 2204 1401 2234 omnia
1424 2203 1524 2235 multa
1553 2205 1584 2235 in
1608 2204 1709 2236 altero
1735 2203 1816 2236 libro
1840 2203 1962 2236 dixisse
1992 2214 2043 2236 me

398 2253 510 2291 recolo,
536 2264 616 2295 quae
640 2253 737 2285 semel
761 2254 888 2286 audisse
912 2256 1049 2296 sapienti
1074 2256 1222 2287 sufficere
1246 2255 1373 2287 debent.
2063 2266 2090 2286 ⁴⁰
2130 2259 2132 2295 Ι

850 2316 1092 2354 EXPLICIT
1120 2317 1269 2354 LIBER
1300 2317 1582 2355 SECUNDUS.

508 2427 533 2440 :tv
557 2418 676 2447 dirigitur
697 2420 720 2442 23.
797 2419 822 2442 lu·
843 2425 1042 2452 verumptamen
1065 2422 1088 2446 2.
1166 2429 1192 2446 ei
1213 2421 1305 2445 letali?
1325 2422 1349 2445 ’2.
1422 2421 1448 2451 ‹lj›
1471 2421 1550 2453 plage
1575 2423 1596 2444 1.
1666 2422 1691 2452 e)
1711 2421 1800 2446 amisit
1823 2421 1846 2446 l·
1868 2422 1893 2446 2-
1959 2421 1982 2451 f)
2002 2421 2041 2445 5¹¹·

399 2462 459 2493 quid
487 2464 505 2486 1.
528 2463 552 2486 2.

2130 2404 2132 2430 Ι

2130 2442 2132 2511 l

509 2553 533 2576 1,
563 2552 617 2576 llic
642 2553 788 2585 ,tnynstini
816 2555 958 2586 sententia,
991 2565 1072 2589 quom
1104 2557 1187 2590 Iluyo
1211 2556 1295 2583 Flav.
1321 2566 1350 2590 p.
1369 2555 1439 2582 431.
1469 2555 1559 2589 affert,
1594 2555 1705 2581 variari
1735 2555 1864 2582 videtur:
1895 2555 1994 2582 Bonus
2017 2554 2042 2581 si
2128 2535 2132 2599 l

401 2601 513 2629 wrxiut.
545 2601 617 2627 til-121·
647 2609 704 2628 vsi:
739 2604 827 2629 muln*
859 2605 943 2630 vtiznn
969 2606 989 2630 >i
1015 2611 1125 2639 regin-t.
1156 2616 1253 2632 servu>
1279 2611 1331 2633 est.
1449 2608 1478 2633 ‘2³
1503 2607 1636 2641 I‘elaqius
1659 2607 1697 2633 acl
1720 2607 1871 2633 Iohannem
1891 2610 1969 2641 patr.
1993 2615 2040 2642 ap.
2060 2610 2102 2642 45,
2127 2605 2132 2654 ζ

2128 2680 2132 2740 l

2126 2749 2132 2769 t

401 2653 474 2686 llngt.
502 2654 611 2682 Flavio.
634 2663 663 2687 1¹-
683 2654 758 2679 4:10:
784 2655 829 2688 qni
855 2657 961 2688 (l‘tens)
986 2656 1070 2682 vtinm
1095 2658 1129 2682 εἰν
1155 2659 1235 2684 malis
1261 2658 1406 2684 hominum
1432 2659 1544 2685 :it-tibus
1569 2658 1646 2684 bona
1670 2657 1786 2693 operari
1811 2657 1970 2685 consuevit.

2093 2750 2105 2779 e
2129 2743 2132 2746 .

2093 2783 2105 2810 ὲ

2090 2870 2101 2903 2

2090 2945 2101 2963 ο

2080 2996 2103 3067 ’⁸-
