2132 3067
259 360 321 378 10100.

232 574 285 592 MA.
301 574 311 591 ·1

236 962 262 980 vs,

180 992 247 1010 Mam
260 992 292 1011 13.
302 993 320 1009 11.

173 1026 246 1044 Ll'CU'
263 1026 320 1047 ²,13.

230 1054 263 1078 Ἰ».
274 1056 321 1074 1οΗ.

172 1186 319 1209 1,'rnus,1.

195 1704 242 1724 που.
256 1704 287 1728 ιο,
299 1705 318 1723 1.

227 2525 253 2549 Ἰ-
270 2526 317 2544 lon.

344 155 405 185 2513
775 156 825 182 ΠΕ
849 154 1018 182 UNITATE
1041 155 1249 181 ECCLESIAE
1271 154 1566 182 CONSERVANDA.

343 253 433 287 gunt,
463 245 573 287 quales
598 245 757 275 veraciter
779 244 902 274 absolvi
927 255 989 274 non
1015 250 1174 286 poterunt.
1223 243 1327 284 Igitur
1350 244 1554 286 supradictus
1579 244 1752 286 Adelbero,
1781 251 1915 287 accepta
1938 246 1992 278 ab—

343 297 439 328 eundi
464 297 592 327 licentia
616 296 655 326 de
680 296 810 326 civitate
834 295 1030 337 XVirziburg,
1055 306 1127 325 cum
1152 294 1192 325 ad
1218 295 1308 336 pacis
1332 295 1547 326 conditionem
1573 295 1658 328 flecti
1682 307 1745 327 non
1771 297 1936 338 potuisset,
1959 298 1991 329 in

342 348 494 379 dilectum
525 348 587 378 sibi
612 347 853 378 Montem-vini
886 348 1019 378 secessit
1050 348 1158 388 ibique
1187 357 1271 378 anno
1302 346 1343 377 ab
1375 347 1596 378 incarnatione
1621 347 1752 378 Domini
1781 348 1991 384 MLXXXX.

343 400 432 438 obiit,
463 399 589 441 qualem
615 399 769 440 deinceps
793 398 929 430 ecclesia
954 401 984 430 in
1009 399 1269 430 communionem
1294 408 1358 428 non
1383 399 1513 440 recepit,
1542 400 1633 430 iuxta
1663 399 1748 441 quod
1772 405 1902 431 sanctus
1927 400 1991 432 Leo

343 458 446 493 papa·
473 451 602 482 scribit:
628 451 707 490 Nos,
730 451 891 492 inquiens,
916 452 1031 492 quibus
1055 450 1236 481 viventibus
1259 461 1324 481 non
1348 452 1637 490 communz'cuvnztS,
1660 452 1798 482 'mortuis
1818 453 1993 484 communi-

343 514 418 534 care
442 515 504 533 7107]
528 514 714 544 POSSU'NZHS·

448 554 499 585 30.
545 553 667 584 Eodem
700 555 795 584 etiam
829 565 913 584 anno
946 553 1025 584 obiit
1050 553 1278 591 lierimannus,
1310 552 1414 583 dictus
1447 553 1609 594 quondam
1639 553 1806 585 Mettensis
1836 553 1992 586 ecclesiae

342 607 524 647 episcopus
549 606 602 647 qui
627 613 657 636 et
682 607 761 647 ipse,
787 617 859 636 Cum
885 606 1069 636 recessisset
1092 604 1219 645 fugiens
1243 603 1284 635 ab
1309 604 1443 635 ccclesia
1467 616 1535 637 sua.
1559 605 1731 636 damnatus
1755 612 1802 636 cst
1825 606 1857 636 in
1881 616 1992 647 supra-

343 657 427 688 dicta
458 657 583 698 synodo
613 662 709 699 atque
738 657 916 699 depositus,
949 657 1099 698 quoniam
1132 667 1229 698 saepe
1260 661 1394 687 vocatus
1424 668 1482 698 per
1512 658 1748 698 imperatorem,
1777 668 1874 699 saepe
1896 658 1992 689 etiam

343 714 475 739 vocatus
500 720 556 750 per
579 720 656 739 oves
681 720 819 749 pascuae
843 711 922 741 cius.
947 708 1048 739 noluit
1072 709 1189 739 reverti
1207 707 1246 738 ad
1265 707 1458 749 pastoralem
1485 719 1594 739 curam
1619 708 1795 740 eccclesiae
1819 720 1906 748 suae,
1929 720 1992 741 non

342 760 437 792 aliam
463 760 678 801 praetendens
701 762 920 792 excusationis
951 761 1163 798 occasionem,
1194 761 1254 790 nisi
1285 760 1370 801 quod
1395 759 1493 791 nollet
1515 760 1626 791 videre
1650 760 1699 791 vel
1722 760 1841 802 alloqui
1865 771 1993 792 excom-

342 813 540 842 municatum
573 813 810 854 imperatorem.
866 814 898 842 Si
929 812 1031 843 noluit
1058 812 1168 843 videre
1194 810 1243 842 vel
1266 810 1385 853 alloqui
1409 811 1619 843 christianum
1644 813 1882 854 imperatorem,
1914 811 1992 854 quid

343 863 525 894 Neronem?
549 863 626 905 quid
654 864 909 896 Dioclitianum‘?
933 863 1010 906 quid
1036 864 1296 894 Maximianum?
1347 864 1402 894 Isti
1434 863 1561 905 quidem
1587 864 1799 905 imperatores
1822 868 1914 895 erant
1936 865 1992 896 im-

342 916 479 957 piissimi
505 920 536 946 et
559 916 737 947 saevissimi
761 916 915 947 ecclesiae
940 922 1173 957 persecutores,
1198 925 1333 956 quorum
1359 921 1444 946 certe
1468 921 1676 956 conspectum
1701 916 1859 957 praecipit
1881 915 1994 947 Domi-

342 978 402 998 nus
433 966 609 1008 discipulos
639 979 713 998 suos
745 979 808 998 non
839 968 967 1007 fugere3
999 967 1072 998 sed:
1104 967 1183 999 Cum
1213 968 1374 1007 steteritis,
1405 967 1520 1008 inquit,
1550 972 1625 998 ante
1647 979 1738 1009 reyes
1761 972 1789 999 et
1810 967 1993 1008 praesides,

341 1019 439 1049 nolite
463 1020 582 1059 timere,
608 1019 708 1049 Deum
734 1025 837 1050 nutem
863 1021 964 1050 timete
987 1025 1013 1050 et
1034 1031 1139 1061 regyem
1158 1019 1375 1058 honorificate,
1421 1018 1462 1049 ‘O
1488 1018 1564 1060 quid
1589 1018 1744 1058 facerent,
1768 1020 1793 1049 si
1818 1018 1862 1050 illi
1886 1018 1992 1050 deser-

341 1076 424 1101 tores
455 1070 665 1101 ccclesiarum
696 1072 839 1112 episcopi
871 1071 929 1101 sub
958 1071 1182 1112 persecutione
1206 1069 1444 1110 praedictorum
1470 1070 1701 1111 imperatorum
1725 1070 1884 1102 fuissent?
1905 1070 1992 1113 quod

340 1121 525 1163 exemplum
550 1121 755 1164 reliquissent
778 1121 928 1153 fidelibus
953 1133 1010 1164 pro
1035 1122 1097 1152 fide
1122 1120 1241 1152 Christi
1271 1121 1493 1152 certantibus?
1539 1121 1714 1163 Apostolus
1738 1123 1859 1164 quippe
1881 1122 1992 1153 volens

341 1184 513 1215 exponere,
538 1173 615 1215 quid
640 1175 681 1204 sit
704 1175 922 1216 episcopatus,
948 1175 1023 1216 quia
1047 1184 1162 1203 nomen
1188 1179 1237 1203 est
1261 1174 1378 1214 operis,
1402 1184 1464 1203 non
1490 1172 1636 1204 honoris:
1668 1174 1734 1209 Qui
1757 1175 1991 1215 episcopatum,

340 1225 454 1266 inquit,
477 1225 654 1265 desiderat,
677 1226 794 1256 bonum
818 1237 898 1267 opus
927 1226 1102 1256 desiderat.
1146 1224 1241 1255 Unde
1264 1225 1466 1265 Augustinus
1491 1225 1664 1266 episcopus
1688 1225 1719 1255 in
1744 1225 1885 1258 XVIIII.
1909 1225 1992 1257 libro

339 1276 378 1307 de
409 1277 539 1307 civitate
565 1276 664 1307 l)ei²:
696 1276 859 1308 Graecum
891 1282 946 1317 est,
976 1277 1091 1318 inquit,
1124 1282 1219 1318 atque
1251 1276 1327 1307 iude
1356 1276 1485 1307 (luctum
1518 1276 1718 1317 vocabulum,
1749 1278 1835 1319 quod
1859 1277 1912 1308 ille
1934 1279 1993 1319 qui

338 1329 534 1369 praeficitur
557 1329 602 1358 eis
627 1328 744 1370 quibus
765 1329 962 1369 praeficitur
986 1328 1238 1369 superintendit,
1266 1339 1379 1358 curam
1408 1327 1530 1358 scilicet
1560 1339 1667 1359 eorum
1692 1340 1817 1369 yerens.
1868 1329 1992 1371 Scopas

339 1380 467 1421 quidem
491 1381 627 1410 intentio
651 1385 716 1419 est;
747 1391 824 1421 ergjo
848 1381 1027 1421 episcopia,
1058 1380 1172 1422 inquit,
1202 1380 1231 1410 si
1255 1379 1421 1419 velimus‘,
1445 1379 1562 1411 Latine
1585 1380 1857 1421 superintendere
1878 1392 1991 1422 possu—

338 1442 409 1462 mus
432 1431 549 1470 dic-ere,
580 1436 614 1461 ut
643 1431 806 1473 intelliyat
829 1443 862 1462 se
885 1443 951 1462 non
976 1443 1042 1462 esse
1064 1433 1270 1473 episcopum,
1300 1432 1330 1462 si
1355 1442 1507 1471 praeesse
1529 1432 1709 1471 desiderat,
1740 1443 1804 1463 'non
1826 1433 1991 1474 prodesse.

339 1482 478 1513 Proinde
502 1484 598 1513 etiam
624 1482 741 1513 dicitur
764 1484 796 1514 in
821 1483 1023 1514 ordinatione
1053 1483 1211 1525 episcopi,
1240 1488 1274 1514 ut
1302 1493 1426 1513 memor
1453 1483 1499 1513 sic
1529 1483 1570 1513 sit
1596 1494 1724 1524 semper
1753 1484 1938 1524 sponsionis
1961 1489 1993 1516 et

338 1534 597 1575 desponsationis
621 1534 857 1566 ecclesiasticae
885 1540 916 1566 et
939 1535 1120 1566 dilectionis
1144 1535 1219 1574 Dei,
1242 1540 1274 1565 et
1297 1545 1359 1565 non
1384 1534 1594 1565 obliviscatur
1616 1533 1700 1565 illius
1725 1535 1798 1576 (liei,
1822 1546 1885 1577 quo
1907 1546 1991 1568 asse-

339 1590 433 1616 cutus
457 1590 506 1616 est
531 1585 615 1616 hunc
639 1586 791 1617 honorem
818 1586 984 1628 pontificii,
1009 1599 1048 1618 ne
1073 1586 1156 1617 ovile
1175 1586 1308 1617 Domini
1332 1585 1453 1627 praedo
1470 1585 1630 1617 violentus
1648 1587 1806 1629 irrumpat
1821 1594 1852 1618 et
1869 1587 1992 1629 disper-

340 1649 392 1669 sas
416 1637 539 1679 absque
563 1644 692 1679 pastore
717 1650 792 1669 oves
816 1640 866 1669 l'nr
889 1646 1063 1669 nocturnus
1087 1638 1230 1670 invadat.
1284 1637 1369 1668 Ecce
1393 1638 1477 1668 enim
1502 1638 1632 1680 quidam
1659 1638 1747 1669 Brun
1772 1639 1803 1669 in
1828 1639 1990 1670 desertum

339 1689 423 1720 ovile
448 1690 556 1720 ovium
582 1701 644 1720 non
670 1701 726 1731 per
750 1691 878 1727 ostium,
902 1690 957 1721 sed
981 1691 1111 1721 aliunde
1135 1689 1282 1721 ascendit
1305 1695 1346 1729 et,
1369 1690 1454 1721 sicut
1471 1690 1514 1720 ait
1533 1690 1691 1721 Dominus
1715 1691 1813 1721 moris
1836 1701 1906 1721 esse
1929 1691 1992 1722 furi

338 1748 435 1783 atque
467 1740 593 1779 latroni,
623 1741 663 1772 ad
695 1741 755 1772 hoc
787 1744 884 1779 venit,
915 1749 949 1773 ut
979 1742 1098 1774 furtum
1124 1743 1254 1781 taceret,
1286 1748 1442 1772 mactaret
1465 1748 1497 1772 ct
1520 1741 1679 1783 perderet.
1725 1742 1806 1773 Nam
1832 1753 1902 1774 cum
1926 1753 1990 1774 non

339 1799 424 1824 esset
454 1792 674 1824 ecclesiastico
705 1805 793 1824 more
825 1794 948 1825 clectus
979 1801 1010 1826 et
1038 1794 1157 1836 populo
1183 1794 1349 1825 Mettensis
1373 1793 1526 1824 ecclcsiae
1550 1793 1684 1825 fuissetb
1708 1794 1848 1836 ignotus,
1876 1799 1990 1836 utpote

340 1843 424 1874 lilius
447 1844 613 1875 cuiusdam
638 1845 804 1876 Adalberti
829 1846 956 1877 comitis
980 1845 1019 1877 de
1045 1847 1211 1888 provincia
1229 1845 1450 1885 Alamanniae,
1474 1852 1540 1876 tum
1565 1845 1617 1876 ille
1639 1856 1702 1876 non
1726 1846 1909 1887 episcopus,
1933 1845 1990 1877 sed

338 1902 493 1937 tyrannus
519 1897 548 1926 in
574 1896 778 1928 multitudine
802 1898 893 1938 gravi
917 1897 1150 1929 conductorum
1177 1897 1311 1928 militum
1335 1897 1376 1927 ad
1401 1896 1512 1928 urbem
1538 1897 1727 1929 Mettensem
1751 1897 1897 1938 accessit,
1921 1907 1990 1929 cae·

337 1948 393 1978 des
418 1947 581 1978 hominum
615 1948 699 1987 fecit,
731 1960 788 1990 per
811 1950 980 1980 circuitum
1006 1950 1269 1980 sanctificationis
1293 1949 1481 1989 sanguinem
1507 1948 1568 1979 sibi
1592 1949 1843 1991 repugnantium
1867 1949 1989 1989 efludit,

336 2000 438 2041 ipsam
464 2011 592 2042 quoque
616 2000 747 2031 domum
779 2001 1043 2032 sanctificationis
1075 2001 1315 2039 contaminavit,
1347 2001 1431 2031 bona.
1461 2001 1556 2032 etiam
1580 2007 1612 2032 et
1636 2012 1685 2031 res
1709 2001 1811 2042 ipsius
1835 1999 1989 2032 ccclesiae

337 2051 561 2082 distribuendo
586 2052 777 2083 militaribus
800 2054 878 2083 viris
902 2052 1074 2094 dissipavit
1097 2064 1240 2095 ovesque
1270 2052 1423 2094 dispersit
1447 2051 1582 2091 Christi;
1613 2053 1668 2095 qui
1692 2057 1765 2094 post
1786 2051 1987 2095 aliquantum

337 2109 463 2144 teinpus
495 2108 671 2144 conceptae
702 2105 881 2145 tyrannidis
913 2105 1018 2146 ipsum
1051 2116 1179 2147 quoque
1210 2115 1326 2135 nomen
1356 2104 1501 2146 episcopi
1531 2105 1671 2145 amisit³,
1706 2104 1782 2147 quia
1812 2104 1989 2146 imperator

338 2160 528 2195 potestatem
553 2155 580 2185 ei
605 2155 810 2196 episcopatus
835 2155 977 2197 abstulit,
1002 2162 1171 2198 postquam
1193 2161 1282 2187 tanta
1305 2156 1349 2187 ibi
1374 2167 1431 2197 per
1455 2167 1527 2186 eum
1554 2156 1621 2187 fieri
1645 2155 1797 2188 scandala
1820 2154 1988 2195 intellexit,

337 2217 418 2248 qnae
443 2217 536 2237 nemo
560 2206 657 2247 digne
681 2207 852 2248 deplorare
877 2209 1002 2249 poterit.
1042 2208 1133 2239 Sicut
1155 2208 1238 2238 enim
1257 2208 1371 2239 scribit
1386 2214 1517 2239 sanctus
1534 2208 1600 2239 Leo
1617 2212 1739 2250 papa⁴z
1763 2207 1988 2249 Principatus,

338 2270 426 2299 quem
460 2264 517 2288 aut
548 2259 664 2289 seditio
695 2263 831 2290 error-sic
862 2265 918 2290 aut
950 2261 1089 2291 ambitus
1119 2261 1302 2301 occupavit,
1332 2261 1460 2291 etiamsi
1487 2261 1630 2291 moribus
1653 2265 1749 2302 atque
1772 2259 1898 2291 actibus
1921 2270 1986 2291 non

338 2308 480 2349 offundit,
506 2311 575 2349 ipso
599 2315 704 2340 tamen
728 2312 758 2340 ιή
767 2311 818 2341 itii
834 2323 870 2341 su
879 2313 907 2341 ι’ο
931 2317 975 2342 rst
991 2313 1199 2353 perniciosus
1215 2312 1368 2353 eaeemplo,
1390 2316 1418 2342 et
1433 2310 1571 2352 difficile
1587 2316 1642 2350 est,
1666 2316 1701 2341 ut
1716 2311 1798 2343 bono
1817 2322 1985 2352 per-affan-

338 2365 392 2389 tur
414 2361 514 2399 ‹va-itu,
545 2372 626 2401 quae
650 2360 734 2391 malo
757 2367 834 2392 snm,
857 2363 1013 2393 ⁴inchoata
1035 2365 1213 2405 principio.
1266 2363 1377 2404 Neque
1408 2374 1491 2403 vero,
1521 2363 1596 2403 aiv,
1628 2362 1698 2393 ‘ulla
1720 2363 1802 2394 sinit
1824 2363 1922 2403 ratio,
1953 2367 1988 2393 ut

340 2412 424 2441 inm·
447 2412 615 2452 episcopos
640 2412 832 2451 habeantur,
862 2415 919 2455 qui
950 2426 1007 2445 nec
1030 2427 1049 2445 a
1073 2414 1201 2446 clericis
1224 2420 1300 2446 sunt
1322 2415 1411 2446 electi
1434 2426 1492 2445 nec
1515 2426 1534 2445 a
1557 2414 1705 2455 plebibus
1729 2415 1863 2455 expetiti
1885 2426 1943 2445 nec
1965 2425 1987 2445 a

336 2464 598 2503 provincialibus
629 2465 789 2505 episcopis
816 2477 885 2495 cum
918 2467 1164 2508 vitetropolz'taai
1192 2467 1318 2498 iudicio
1347 2467 1538 2498 consecrati.
1588 2465 1674 2496 Eece
1703 2466 1734 2496 in
1763 2466 1835 2507 ipsa
1857 2475 1987 2507 quoque

339 2514 487 2544 Mettensi
512 2513 649 2545 ecclesia
666 2526 722 2556 per
738 2515 850 2546 decem
873 2521 929 2547 ant
952 2528 989 2547 eo
1012 2517 1163 2559 amplius*
1187 2529 1289 2549 annos
1313 2518 1540 2560 praetermissa
1556 2522 1631 2548 sunt
1646 2522 1799 2549 consueta
1820 2517 1987 2559 episcopo-

450 2596 476 2626 n)
499 2594 539 2619 ἐπὶ
560 2596 657 2627 quippe
678 2603 765 2627 super,
786 2595 886 2627 σκοπὸς
907 2606 968 2622 vcro
990 2599 1102 2623 intentio
1124 2602 1172 2630 cst,
1193 2607 1256 2632 ergo
1277 2598 1435 2631 ἐπισκοπεῖν,
1456 2600 1478 2624 si
1499 2599 1619 2630 velimus,
1640 2598 1708 2631 Aug.
1799 2598 1827 2630 b)
1848 2606 1873 2623 ο.
1893 2600 1987 2631 utpote

340 2642 383 2673 qui
405 2641 423 2665 f.
446 2642 461 2665 i.
484 2644 509 2664 ct
530 2640 564 2665 fil.
591 2643 612 2664 1.
688 2643 712 2668 α’)
736 2643 815 2666 initus
837 2644 877 2667 vic
898 2643 1010 2668 Hinscli.

448 2717 473 2741 1>
499 2716 588 2749 Epist.
610 2716 676 2742 167.
701 2717 739 2741 ad
757 2717 861 2743 Rustic.
879 2718 1006 2745 Narbon.
1031 2719 1092 2753 Inq.
1111 2720 1138 2751 8,
1166 2720 1238 2754 Opp.
1257 2721 1278 2753 Ι,
1303 2721 1354 2749 col.
1376 2721 1464 2748 1423.
1552 2720 1581 2754 2)
1606 2720 1636 2746 C.
1658 2719 1703 2753 19,
1726 2719 1876 2754 Auyustt'm'
1893 2717 1988 2753 Opera

344 2767 407 2799 Vll,
431 2768 482 2792 cul.
504 2767 573 2793 563.
662 2768 691 2800 3)
717 2767 759 2801 Cf.
787 2768 924 2794 Bernoldu'
946 2770 1010 2795 Chr.
1033 2771 1051 2797 Ι.
1075 2771 1095 2798 l.
1115 2780 1145 2804 p.
1171 2771 1242 2798 447.
1267 2772 1343 2804 44&
1365 2772 1404 2804 cf.
1428 2772 1513 2805 Huqo
1538 2771 1650 2798 Flavn'n.
1739 2771 1770 2806 4)
1792 2771 1884 2805 Epist.
1907 2780 1985 2806 spur.

337 2819 376 2844 ad
400 2818 489 2851 .‡lsri1·.
514 2820 608 2852 episc„
632 2819 785 2845 Ilius-chius
808 2820 826 2847 l.
843 2820 862 2846 l.
882 2829 913 2854 p.
933 2821 1001 2848 622.
1107 2822 1137 2855 5)
1162 2823 1251 2856 Epist.
1276 2823 1315 2849 ad
1340 2823 1445 2850 Rustic.
1471 2823 1562 2850 Nar-h.
1587 2824 1649 2857 Inq.
1676 2824 1702 2855 l,
1731 2823 1749 2850 l.
1773 2823 1793 2850 l.
1816 2823 1868 2850 eol.
1894 2822 1985 2850 1420.

2014 722 2041 741 10

2015 981 2041 1001 15

2007 2013 2037 2034 88

2007 2271 2038 2290 40

2005 2829 2034 2848 50
