2132 3067
319 873 366 898 (¹5)

317 1537 365 1562 (ιε)

219 1896 296 1915 [Tim.
306 1896 363 1919 5,2·.ξΔ

218 2150 286 2169 ›im-c.
296 2142 366 2174 reas]

391 160 448 189 118
786 159 939 185 LIBELLI
964 158 1160 184 BERNALDI
1184 158 1420 185 PRESBYTERI
1435 149 1628 186 'MONACHL

388 251 506 291 rigori³
538 259 694 280 canonum
727 247 903 278 detractum
935 252 992 286 cst,
1024 247 1076 288 qui
1108 247 1138 276 in
1171 252 1286 277 octava
1319 246 1370 277 die
1400 252 1472 288 post
1500 245 1695 287 baptismum
1728 258 1785 289 pro
1813 247 2032 279 aeclesiastica

387 302 578 332 necessitate
612 299 776 329 ordinatus
807 304 856 328 est
887 299 918 328 in
949 299 1147 339 episcopum.
1208 297 1375 340 Nusquam
1411 304 1516 328 tamen
1549 299 1652 329 sancti
1683 305 1791 340 patres
1822 299 1865 330 ita
1895 299 2032 340 tempori

387 363 506 382 morem
531 351 690 391 gessisseb
715 349 874 390 leguntur,
898 349 958 380 nisi
984 349 1037 380 ubi
1062 348 1133 390 plus
1157 347 1313 379 acclesiae
1336 348 1573 391 dispensatoria
1603 349 1728 388 lenitas,
1756 361 1850 392 quam
1879 340 2033 381 eanonic'a

386 404 539 433 severitas
562 402 718 442 proficere
742 400 922 431 videbatur.

490 453 561 483 Non
586 463 662 492 ergo
687 452 749 482 sibi
774 452 852 492 ipsis
875 452 1026 482 contrarii
1051 450 1223 492 reputandi
1247 456 1330 488 sunt,
1353 451 1407 492 qui
1431 451 1551 492 ubique
1575 451 1708 483 eandem
1734 453 1943 484 intentionem
1961 463 2033 494 pro-
2051 465 2064 484 s

387 504 515 536 hibendi
548 503 631 534 mala
661 508 692 533 et
722 503 908 533 instituendi
944 502 1029 533 bona
1063 501 1215 532 habuisse
1250 501 1436 533 creduntur.
1496 503 1586 533 Haec
1619 509 1725 534 autern
1758 504 1973 534 consideratio
2005 504 2031 535 si

385 555 612 586 aeclesiasticis
637 554 793 585 institutis
818 553 955 585 fideliter
978 553 1194 593 adhibebitur,
1224 552 1286 583 sibi
1309 563 1372 583 non
1399 553 1635 595 reputabuntur
1658 556 1849 593 contrariae,
1873 555 1933 586 etsi
1957 566 2032 586 non·

386 619 547 649 nunquam
582 606 750 636 videantur
780 605 983 636 decrevissed
1015 605 1151 635 diversa.
1203 604 1237 635 Si
1268 604 1352 635 enim
1383 610 1599 636 statutorume
1631 605 1828 647 singulorum
1860 605 2032 647 originales

386 670 498 690 causas
522 657 692 699 diligenter
714 657 941 698 perquirimus,
965 656 1091 697 singula
1116 656 1181 686 suis
1205 656 1310 686 causis
1334 667 1392 698 pro
1417 657 1604 688 diversitate
1628 658 1782 699 temporis
1805 658 1924 698 optime
1948 668 2032 688 com—

386 718 493 752 petere
523 716 553 740 et
583 707 841 739 aeelesiasticaes
872 707 998 738 utilitati
1035 708 1236 749 potissimum
1275 708 1442 739 intendere
1479 709 1692 750 reperiemus:
1732 709 1816 750 quod
1848 708 1937 739 illum
1969 719 2031 739 non
2053 721 2079 740 ιο

386 762 496 793 latebit
519 761 703 803 quicunque
726 758 1041 790 aeclesiasticarumr
1066 760 1267 790 sanctionum
1292 770 1354 790 non
1385 765 1506 791 tantum
1536 760 1771 801 excerptiones,
1802 759 1860 791 sed
1889 761 2032 801 integras

386 813 575 845 traditiones
599 810 746 852 vigilanti
771 810 877 841 studio
903 810 1107 851 perlegeritss.

491 862 684 895 Sciendumh
709 867 815 892 autem
840 862 931 892 iuxta
955 861 1182 903 apostolicami
1209 861 1412 892 traditionem
1443 861 1627 893 sacerdotes
1651 861 1718 892 sive
1741 861 1896 904 diaconos
1914 862 1946 892 in
1971 861 2032 893 cri-

387 917 471 947 mine
500 915 605 956 lapsos
635 924 692 955 per
723 924 835 944 manus
864 913 1088 954 inpositionem
1119 913 1294 943 remedium
1326 913 1520 954 penitentiae
1544 914 1697 954 consequi
1722 923 1785 943 non
1809 912 1927 944 debere
1950 913 2033 944 inter

386 967 494 1005 laicos,
525 972 559 997 ut
589 971 717 996 sanctus
742 965 806 995 Leo
831 974 916 1006 papa
945 965 976 994 in
1000 964 1156 994 decretis¹
1183 966 1249 995 suis
1274 975 1342 1006 cap.
1369 965 1494 995 XXVJ¹
1523 970 1673 1003 testatum
1705 965 1759 1006 qui
1790 969 1821 995 et
1847 963 2031 995 huiusmodi
2052 976 2078 996 15

386 1019 484 1060 lapsis
523 1017 562 1047 ad
602 1017 845 1058 promerendam
877 1015 938 1046 Dei
974 1015 1227 1046 misericordiam
1267 1017 1424 1057 privatam
1460 1017 1673 1047 secessionem
1713 1014 1929 1057 expetendam
1961 1025 2031 1046 esse

386 1069 472 1109 dicit,
498 1068 552 1099 ubi
577 1068 762 1105 satisfactio,
787 1068 812 1097 si
837 1066 930 1097 fuerit
954 1066 1061 1107 digna,
1085 1068 1126 1097 sit
1149 1068 1244 1098 etiam
1269 1067 1445 1098 fructuosa.
1491 1067 1571 1098 Item
1591 1067 1839 1108 Cartaginense¹
1860 1066 2031 1097 concilium

388 1132 457 1162 cap.
476 1119 684 1150 XXVII.¹¹‘·²:
710 1118 748 1149 Si
769 1118 923 1159 qnandon
945 1118 1111 1160 presbyter
1134 1119 1181 1149 vel
1205 1120 1364 1150 diaconus
1388 1120 1421 1149 in
1440 1120 1592 1159 ²qraviori
1613 1119 1711 1160 culpa
1730 1119 1896 1150 convictus
1909 1118 2031 1158 fuerit,

387 1177 471 1213 qno⁰
495 1183 565 1201 eum
589 1175 736 1200 necessel’
759 1174 803 1200 est
827 1181 847 1199 α
870 1170 1051 1200 ministerio
1075 1172 1238 1209 removeri,
1262 1182 1326 1201 non
1354 1171 1400 1201 eis
1421 1182 1539 1201 manus
1561 1176 1719 1211 tanquam
1741 1170 1961 1211 penitentibus
1983 1169 2031 1200 vel

385 1228 543 1264 tanquam
567 1221 722 1261 ⁸fidelibus
754 1221 851 1251 laicis
882 1222 1075 1260 inponatur.
1132 1221 1166 1251 In
1199 1221 1334 1252 heresim
1365 1227 1470 1252 autem
1500 1220 1580 1263 lapsi
1613 1228 1643 1252 et
1673 1227 1785 1263 postea
1814 1220 1944 1261 reversi,
1973 1220 2077 1262 per-20

387 1284 499 1303 manus
535 1272 760 1313 inpositionem
800 1270 1062 1309 reconciliantur,
1097 1272 1230 1309 etiamsi,
1257 1284 1327 1303 cum
1358 1272 1467 1303 ordine
1499 1283 1556 1314 pro
1587 1271 1810 1303 aeclesiastica
1840 1272 2031 1303 necessitate

385 1335 613 1365 nonnunquam
639 1323 843 1364 recipiantur,
868 1323 950 1353 sicut
973 1321 1012 1353 de
1037 1319 1225 1354 Novatianis
1249 1325 1280 1354 in
1305 1323 1445 1354 Niceno³
1471 1324 1704 1354 constitutumq
1727 1329 1776 1354 est
1798 1323 1944 1354 concilio.
1980 1323 2030 1354 De

385 1376 447 1415 Izis,
477 1375 589 1416 inquit,
621 1376 678 1416 qui
701 1387 733 1404 se
755 1374 912 1404 katharos
923 1379 944 1411 ¹¹,
979 1374 1012 1403 ι’(ἰ
1035 1379 1079 1404 est
1108 1375 1255 1409 mundos,
1284 1377 1526 1416 coqnonzinant,
1557 1376 1588 1405 si
1610 1375 1793 1416 aliquando
1816 1376 1962 1406 venerint
1985 1374 2030 1405 ad

387 1427 573 1457 aecclesiam
603 1426 804 1465 catholicam,
832 1424 961 1466 placuit
983 1431 1096 1456 sancto
1120 1431 1147 1456 et
1169 1437 1291 1467 mayno
1316 1427 1461 1463 concilio,
1493 1431 1528 1457 ut
1552 1428 1779 1468 inpositionem
1801 1437 1920 1457 manus
1943 1427 2028 1456 acci-

381 1479 506 1520 pientes
531 1479 577 1507 sic
601 1478 634 1507 in
661 1477 742 1507 clero
765 1482 992 1517 permaneant.
1942 1509 1946 1514 ⁵
2047 1489 2076 1508 25

492 1528 562 1559 Hoc
584 1528 628 1558 ita
652 1527 902 1568 intellegendum
927 1533 984 1565 est,
1015 1532 1048 1558 ut
1072 1539 1128 1569 per
1152 1539 1264 1559 manus
1288 1529 1516 1570 inpositionem
1541 1528 1736 1560 reconciliati
1760 1529 1855 1560 etiam
1883 1527 2028 1559 ordinem

386 1581 523 1611 retinere
552 1580 822 1620 permitterentur.
867 1579 937 1609 Non
965 1580 1049 1610 enim
1077 1579 1132 1610 hic
1161 1579 1408 1612 ordinatoriamS
1439 1591 1553 1611 manus
1580 1581 1817 1621 inpositionem,
1847 1591 1905 1622 per
1933 1590 2029 1622 quam

386 1632 466 1662 sacri
492 1631 620 1662 ordines
645 1630 771 1670 dantur,
796 1630 979 1671 intellegere
1003 1630 1167 1670 debemus,
1199 1631 1255 1662 sed
1280 1633 1386 1674 potius
1411 1632 1711 1670 reconciliatoriam,
1742 1643 1800 1673 per
1822 1641 1917 1673 quam
1942 1631 2030 1673 peni-

386 1688 487 1713 tentes
512 1683 652 1723 recipere
676 1681 824 1713 solemus.
869 1682 969 1713 Namt
995 1694 1057 1713 non
1082 1694 1144 1714 uno
1168 1695 1296 1725 semper
1319 1683 1414 1714 modo
1438 1694 1552 1714 manus
1574 1683 1726 1724 inpositio
1743 1682 1948 1724 intellegitur,
1972 1682 2029 1714 sed

386 1745 443 1776 pro
468 1734 652 1764 diversitate
681 1733 823 1764 locorum
853 1734 912 1765 suh
938 1735 1065 1765 diversa
1089 1735 1324 1775 significatione
1347 1736 1514 1777 reperitur.
1560 1734 1744 1776 Aliquando
1767 1735 1851 1765 enim
1876 1745 1934 1776 pro
1958 1745 2030 1765 eon·
2047 1745 2075 1764 ⁸0

386 1786 565 1816 firmatione
596 1784 820 1825 neophitorum
857 1786 1029 1827 accipitur,
1065 1792 1099 1817 ut
1130 1787 1161 1816 in
1194 1786 1330 1818 decretis
1367 1786 1618 1828 apostolicorum
1650 1787 1790 1816 virorum
1822 1785 2029 1825 Clementis⁴‚

386 1837 539 1874 Urbani⁵,
563 1835 749 1866 melciadise
774 1848 963 1878 expressum
988 1848 1200 1879 sepenumero
1223 1839 1394 1879 reperitur:
1420 1849 1494 1868 num
1520 1841 1578 1879 pr‘o
1599 1837 1800 1868 ordinatione
1815 1837 2029 1877 sacerdotum,

384 1889 451 1919 sive
475 1888 683 1918 diaconorum
709 1888 799 1918 iuxta
821 1888 958 1929 apostoli
986 1889 1025 1919 ad
1050 1888 1272 1920 Timotheum:
1302 1889 1437 1920 Nmnini
1459 1891 1521 1920 cito
1546 1901 1664 1920 manus
1687 1890 1848 1931 inponasf
1880 1888 1967 1930 quod
1997 1895 2029 1920 et

385 1950 523 1970 canones
555 1939 757 1980 apertissime
789 1940 1000 1980 prescribunt.
1053 1940 1113 1971 Est
1143 1946 1174 1971 et
1205 1940 1463 1972 reconciliatoria
1496 1951 1609 1971 manus
1643 1941 1811 1982 inpositi0,
1846 1951 1903 1982 per
1932 1950 2027 1982 quam

384 1992 564 2033 penitentes
596 1990 726 2021 heretici
758 1991 825 2022 sive
859 1992 1130 2023 excommunicati
1162 1998 1290 2023 sanetae
1321 1992 1476 2023 aeclesiae
1507 1991 1767 2023 reconciliantur:
1801 1991 1841 2023 de
1876 2002 1941 2034 qua
1976 1997 2076 2023 etta»

383 2053 522 2073 canones
548 2041 694 2072 similiter
718 2041 818 2073 multa
842 2043 963 2083 dicunt,
988 2049 1038 2073 etc
1063 2043 1101 2074 de
1126 2054 1189 2085 qua
1212 2043 1325 2075 beatus
1343 2044 1544 2085 Augustinus
1567 2044 1599 2073 in
1624 2042 1705 2074 libro
1721 2042 1780 2074 111.
1804 2043 1843 2074 de
1867 2043 2028 2085 baptismo

385 2101 494 2124 contra
519 2093 726 2123 Donatistas⁷
751 2099 896 2135 testatur,
929 2095 1015 2136 quod
1045 2094 1123 2125 nihil
1154 2094 1241 2125 aliud
1272 2095 1322 2133 sit,
1353 2096 1413 2125 nisi
1446 2095 1547 2126 oratio
1570 2105 1668 2136 super
1691 2095 1860 2131 hominem,
1892 2104 1974 2136 quae
1997 2098 2030 2126 et

386 2146 491 2176 iterari
516 2145 627 2186 possit,
672 2145 724 2175 Fit
747 2146 842 2175 etiam
867 2156 982 2176 manus
1006 2146 1158 2187 inpositio
1182 2157 1279 2188 super
1303 2146 1456 2186 infirmos,
1487 2147 1577 2177 iuxta
1608 2140 1684 2176 illud
1716 2144 1888 2187 euangelii:
1920 2145 2030 2187 Super

386 2208 477 2237 pyros
512 2207 630 2227 manus
663 2197 831 2236 inponent.
894 2196 973 2228 Item
1006 2208 1103 2239 super
1133 2197 1394 2228 cathecuminos-¹
1425 2202 1456 2228 et
1486 2198 1714 2239 energuminos
1748 2207 1806 2239 pro
1839 2196 2028 2238 expulsione

385 2247 515 2286 diaboli,
540 2252 643 2288 quaev
667 2248 849 2288 specialiter
865 2249 1062 2279 exorcistisw
1086 2249 1117 2279 in
1135 2249 1337 2280 ordinatione
1357 2248 1553 2287 conceditur,
1577 2250 1699 2291 quippe
1722 2254 1757 2279 ut
1779 2248 1918 2279 habeant
1940 2252 2028 2290 pote·
2047 2257 2074 2276 ⁴⁰

386 2304 499 2329 statem
530 2297 705 2339 inponendi
736 2309 847 2329 manus
871 2310 968 2340 super
991 2299 1251 2331 cathecuminosu
1280 2300 1348 2332 sive
1378 2301 1613 2341 energuminos
1656 2300 1735 2332 Item
1759 2305 1792 2331 et
1813 2310 1884 2330 cum
1909 2298 2028 2341 simpli-

497 2399 524 2416 ιιι
545 2394 630 2423 rigore
651 2394 675 2418 8.
734 2394 762 2422 b)
783 2395 843 2418 iuss.
865 2394 890 2418 8.
959 2395 982 2425 c)
1005 2396 1076 2420 deest
1097 2397 1121 2420 8.
1188 2396 1217 2427 d)
1237 2397 1383 2420 instituisse
1406 2396 1430 2420 Β.
1498 2396 1525 2425 e)
1545 2404 1566 2420 s.
1587 2399 1619 2420 st.
1641 2395 1666 2420 8.
1733 2395 1755 2426 f)
1776 2395 1854 2420 ecles.
1876 2395 1890 2418 7
1911 2394 2026 2427 saepius.

386 2446 413 2469 ἕξ)
437 2439 548 2470 perlegit
570 2442 593 2462 Β.
655 2439 684 2464 h)
705 2440 750 2463 sed
773 2448 807 2464 sc.
829 2440 853 2463 8.
912 2441 931 2470 ἰ)
954 2441 1048 2465 abhinc
1068 2441 1144 2466 aliud
1166 2446 1260 2465 atram.
1278 2443 1300 2466 Τ.
1359 2442 1386 2471 k)
1409 2439 1495 2466 XX.fl
1510 2442 1534 2466 8.
1592 2442 1610 2472 l)
1633 2441 1692 2466 Cat.
1713 2441 1738 2466 S.
1795 2441 1831 2472 m)
1847 2437 1986 2465 Xxflduo
2000 2439 2026 2464 8.

387 2488 414 2511 ιη
436 2484 580 2516 nliqmmdo
602 2486 626 2508 8,
703 2488 729 2515 ο)
750 2493 801 2517 qun
822 2485 902 2510 Dion.
979 2487 1008 2518 p)
1029 2495 1044 2511 a
1065 2488 1127 2512 min.
1149 2495 1206 2512 nec.
1227 2487 1252 2512 8.
1274 2487 1354 2512 Dion.
1423 2490 1451 2520 qi
1472 2495 1548 2512 conc.
1569 2491 1653 2512 const.
1669 2491 1709 2511 est
1728 2487 1753 2511 8.
1821 2488 1844 2517 r)
1863 2486 1982 2511 kathiroa
1997 2486 2026 2516 7;

387 2538 463 2561 cogn.
480 2530 570 2554 cathir.
587 2530 611 2554 8.
689 2532 710 2556 ε)
734 2531 893 2556 ordinariam
910 2533 971 2564 imp.
986 2533 1011 2556 8.
1088 2534 1107 2563 t)
1131 2542 1184 2557 non
1204 2535 1294 2566 utique
1315 2542 1398 2566 semp.
1413 2542 1464 2558 uno
1480 2542 1515 2558 m.
1530 2533 1554 2558 8.
1629 2533 1656 2564 u)
1673 2536 1757 2557 emec,
1772 2531 1799 2558 8.
1875 2533 1905 2563 v)⁵
1916 2532 1986 2565 quod
2000 2531 2024 2556 8.
2045 2535 2074 2555 ιδ

388 2577 420 2606 w)
443 2584 474 2599 es
495 2577 520 2599 iu
542 2576 753 2601 ordinationibus
773 2578 910 2601 exorcistis
929 2587 995 2603 corr.
1012 2579 1035 2602 7.

496 2650 522 2682 1)
547 2650 601 2683 Ep.
623 2650 690 2680 167,
722 2651 827 2684 Inquis.
853 2652 893 2685 II,
925 2653 966 2678 ed.
994 2653 1100 2681 Raller.
1124 2653 1148 2685 I,
1179 2653 1230 2679 col.
1251 2653 1346 2685 1421,·
1375 2653 1460 2686 Jafse'
1489 2663 1532 2680 nr.
1557 2653 1627 2680 544.
1660 2663 1662 2665 ’
1736 2651 1766 2686 2)
1789 2652 1903 2679 Recens.
1928 2651 2025 2685 Dion„

387 2700 486 2726 Μαιιεί
507 2704 527 2726 t.
553 2701 608 2732 ΙΙΙ,
634 2701 684 2727 col.
704 2701 772 2728 728.
875 2703 904 2734 3)
930 2703 958 2729 C.
984 2703 1011 2734 8,
1037 2713 1107 2731 vere.
1133 2704 1218 2731 Dion.
1321 2704 1351 2733 4)
1375 2705 1407 2730 In
1431 2705 1553 2738 epistolis
1578 2704 1723 2731 Clementis
1743 2703 1814 2730 nib-‘l
1835 2703 1893 2730 tale
1915 2703 2025 2738 legitur.

389 2752 418 2785 5)
442 2751 496 2785 Ep.
514 2760 590 2785 spur,
615 2761 637 2778 c.
659 2753 704 2784 10,
732 2753 881 2779 Hinscliius
901 2763 931 2787 p.
953 2754 1019 2780 146.
1109 2754 1138 2787 6)
1162 2755 1215 2788 Ep.
1233 2764 1309 2788 spur.
1325 2764 1348 2783 c.
1367 2755 1394 2788 6,
1419 2755 1570 2782 Himchius
1588 2764 1620 2789 p.
1637 2755 1707 2781 245.
1796 2754 1826 2788 7)
1847 2756 1862 2786 5
1878 2755 1926 2786 21,
1954 2753 2024 2788 Opp.

387 2803 430 2828 ed.
456 2803 558 2831 Bene-d.
583 2806 600 2828 t.
626 2803 680 2835 IX,
705 2803 755 2829 col.
780 2803 846 2829 117.
2044 2812 2072 2832 ιο
