2132 3067
614 157 729 183 LIBER
754 157 808 182 DE
831 156 989 183 HONORE
1012 156 1229 183 ECCLESIAE.
1688 152 1747 183 597

97 247 316 290 praesumptio
341 246 458 277 exinde
482 252 550 277 esta
574 251 658 286 nata,
689 250 724 276 ut
746 244 904 276 aecclesia
928 245 988 276 Dei
1012 244 1111 276 veluti
1142 244 1297 276 secularis
1321 255 1371 275 res
1395 246 1647 284 venundaretur,
1678 244 1749 275 velb

97 300 189 331 etiam
208 309 265 340 pro
282 297 422 328 humano
444 298 555 328 favore
578 297 672 328 alicui
690 296 930 335 concederetur,
955 301 985 326 et
1008 295 1068 327 hoc
1089 297 1229 326 maxime
1254 307 1272 327 a
1295 295 1384 325 laicis
1408 295 1507 335 tieret,
1533 296 1618 338 quod
1642 296 1749 327 clerici

94 351 119 382 si
143 349 307 388 auderent,
337 348 377 379 ab
409 349 496 379 omni
525 349 636 379 ordine
668 348 909 379 aecclesiastico
940 347 1059 388 deponi
1092 347 1255 386 deberent,
1288 347 1523 378 emendandum
1557 359 1614 389 per
1643 348 1749 378 omnia

94 402 204 433 fosete.
250 400 332 431 Nam
357 411 421 430 non
445 400 547 431 solum
567 399 652 441 quod
671 406 800 430 sanctus
818 399 980 429 Adrianus
1005 399 1153 429 fecissetd
1178 399 1414 430 emendandum
1439 399 1631 430 omnimodis
1655 404 1750 439 esset,

61 465 73 485 5
95 452 152 485 sed
176 453 284 491 etiam,
316 452 343 482 si
373 451 491 493 aliquis
515 450 736 492 apostolorum
768 450 817 481 vel
841 449 1071 491 prophetarum
1103 450 1187 480 unde
1218 449 1399 480 aecclesiae
1429 450 1491 480 Dei
1523 451 1751 489 destrueretur,

95 503 180 547 quod
197 503 292 542 absit,
316 504 422 534 dicere
439 503 648 543 inveniretur,
672 501 889 533 abdicandum
906 501 1060 531 radicitus
1078 507 1171 532 esset.
1211 501 1417 543 Quapropter
1434 502 1547 532 beatus
1564 501 1750 544 apostolusf

95 554 223 594 Paulus,
257 554 432 586 aecclesiae
462 554 526 585 Dei
561 553 744 592 consulens,
780 563 836 594 pro
872 552 1054 583 abdicando
1087 552 1268 583 iudaismoh
1304 553 1491 584 beatissimo
1526 555 1621 584 etiarn
1654 554 1748 584 Petro

94 617 300 649 nequaquam
333 607 487 648 pepercit.
544 606 635 636 Fecit
669 605 729 635 hoc
762 605 858 635 etiam
892 610 1023 635 sanctae
1059 605 1232 635 memoriae
1264 604 1421 635 Ezechias
1454 616 1520 643 rex,
1553 607 1606 646 qui
1638 606 1751 636 videns

94 658 260 690 Iudaicum
292 657 450 700 populum
482 662 595 688 contra
624 657 674 687 ius
706 656 852 687 divinum
886 657 1034 686 venerari
1064 661 1247 697 serpentem
1279 667 1425 695 aeneum,
1458 668 1519 686 non
1552 658 1672 687 veritus
1703 662 1751 688 est

49 722 74 742 ιο
94 721 175 752 opus
206 709 323 751 Moysi,
357 709 497 740 hominis
527 709 601 747 Dei,
637 708 852 748 confringere,
888 712 919 738 et
952 707 1104 748 populoi,
1140 712 1173 738 ut
1203 707 1310 738 Deum
1342 707 1541 738 solummodo
1572 708 1749 747 adm-areth,

94 761 313 804 praeciperel.
358 760 423 792 Ubi
448 761 552 792 sancti
576 766 684 802 patres
709 760 769 790 hoc
798 758 883 800 quod
909 769 1006 800 supra
1029 759 1172 789 diximus
1197 758 1425 799 intelleguntm‚
1457 759 1635 790 dicentes¹z
1667 760 1748 790 ‘Hoc

93 814 175 845 enim
200 813 378 844 maximum
403 812 632 843 documentum
658 816 715 850 est,
741 810 826 852 quod
851 810 892 840 ad
917 810 1176 841 aedificationem
1200 810 1376 842 aecclesiae
1401 811 1557 852 proficere
1582 817 1699 852 potest,
1723 812 1748 842 si

93 871 140 896 est
169 865 224 906 qui
252 864 313 895 hoc
342 863 598 894 animadvertere
628 864 762 905 possit⁰‚
794 873 892 904 quare
916 861 1074 892 Ezechias
1105 873 1178 892 cum
1211 872 1331 903 magna
1362 863 1410 892 sui
1438 862 1531 893 laude
1564 869 1659 904 atque
1691 874 1748 904 pro

92 917 271 947 animarum
297 915 399 948 salute
415 915 577 947 destruxit
600 915 686 957 quod
709 914 748 945 ad
774 913 909 945 salutem
935 913 1039 944 illiusp
1064 913 1175 955 populi
1194 913 1325 954 Moyses
1345 914 1414 944 Deo
1439 914 1568 945 iubente
1593 908 1750 945 fecerat'.>y

48 979 73 999 15
94 968 174 1008 Quis
203 969 286 999 enim
315 967 440 998 nesciat
468 966 603 1008 Moysen
636 966 767 997 maioris
799 976 869 996 esse
899 965 1015 1004 meriti,
1045 976 1141 1007 quam
1172 965 1344 996 Ezechiam
1376 969 1509 1006 regem?
1554 966 1605 996 De
1635 966 1746 1007 Moyse

94 1020 177 1051 enim
202 1020 234 1050 in
257 1019 340 1050 libro
365 1019 579 1050 Numerorum
604 1018 686 1049 dixit
708 1018 870 1048 Dominus
893 1017 934 1047 ad
959 1017 1069 1047 Aaron
1094 1022 1124 1047 et
1148 1017 1302 1047 Mariam:
1331 1018 1450 1047 Audite
1474 1017 1570 1047 verba
1594 1029 1683 1048 merc:
1709 1019 1748 1048 δι’

82 1071 194 1113 fuerit
211 1071 376 1113 propheta
398 1072 485 1101 inter
508 1081 574 1110 vos,
596 1071 631 1101 in
658 1070 782 1100 visione
805 1068 858 1099 illi
875 1068 1037 1100 Dominus
1061 1080 1253 1110 cognoscar,
1276 1074 1304 1099 et
1329 1069 1362 1099 ίη
1379 1069 1504 1099 somnio
1514 1070 1537 1093 Ρ*
1560 1068 1678 1110 loquar
1703 1070 1746 1100 1ch

92 1122 195 1154 illum.
238 1122 315 1154 Non
339 1124 446 1154 enimq
469 1134 503 1153 eo
527 1120 785 1162 moclofamulus
811 1132 897 1151 meus
914 1120 1040 1162 Moyses
1064 1121 1099 1151 in
1125 1125 1188 1150 tota
1216 1120 1306 1151 domo
1330 1131 1420 1158 mea;
1447 1131 1480 1150 os
1505 1120 1549 1150 ad
1573 1132 1607 1151 os
1629 1121 1747 1162 loquar

94 1175 139 1206 ad
162 1174 264 1213 illum,
296 1175 331 1206 in
362 1175 479 1216 specie,
510 1179 537 1204 et
568 1185 632 1204 non
655 1185 714 1214 per
737 1173 952 1214 αεεηῐφηαίαΓ
976 1172 1154 1202 Dominum
1185 1172 1279 1202 videt.
1327 1172 1412 1210 Quia
1441 1172 1525 1202 enim
1559 1178 1748 1213 serpentem,

47 1239 73 1258 κο
93 1237 186 1268 quem
211 1226 353 1268 Moyses,
379 1227 462 1257 sicut
484 1226 547 1256 iam
572 1224 694 1256 dictum
719 1229 776 1264 est,
808 1223 879 1254 Deo
903 1224 1034 1254 iubente
1058 1223 1188 1261 fecerat,
1219 1228 1253 1253 ut
1278 1224 1462 1264 serpentina
1486 1230 1587 1255 morte
1611 1224 1748 1266 populus

93 1289 165 1309 eum
190 1277 379 1319 aspiciendo
403 1289 466 1309 non
490 1278 644 1316 interiret,
669 1276 804 1307 eundem
827 1280 1019 1317 serpentem,
1044 1275 1119 1317 quia
1137 1275 1226 1306 Deus
1250 1286 1321 1305 eum
1346 1276 1414 1305 fieri
1439 1276 1585 1316 iusserat,
1610 1276 1748 1317 populus

92 1341 164 1361 eum
182 1330 328 1361 venerari
352 1334 383 1360 et
406 1328 511 1360 colere
529 1334 670 1370 ceperat,
694 1334 724 1358 et
746 1332 892 1366 mortem,
917 1337 1013 1368 quam
1038 1326 1258 1368 temporaliter
1275 1332 1382 1368 patres
1407 1326 1532 1357 illorum
1557 1327 1596 1357 ad
1621 1332 1747 1368 tempus

93 1387 270 1423 evaserant,
294 1382 400 1413 denuo
417 1381 574 1421 morituri,
597 1379 641 1410 illi
662 1380 912 1421 praeripuerunt
935 1379 967 1409 in
991 1384 1182 1420 perpetuum
1207 1379 1239 1408 in
1263 1379 1370 1408 anima
1387 1379 1547 1409 morituri:
1571 1383 1602 1409 et
1625 1378 1746 1409 idcirco

92 1433 252 1465 destruxit
273 1433 334 1464 iste
358 1432 444 1475 quod
461 1433 553 1464 DeoS
578 1431 709 1463 iubente
733 1431 855 1463 fecerat
877 1429 940 1471 ille,
965 1441 1003 1461 ac
1025 1442 1084 1473 per
1101 1431 1160 1461 hoc
1177 1441 1294 1471 magna
1317 1431 1492 1460 auctoritas
1516 1431 1577 1461 ista
1598 1430 1747 1461 habenda

46 1496 72 1516 2⁵
92 1490 141 1516 est
163 1486 196 1515 in
212 1484 379 1525 aecclesia,
404 1490 448 1524 ut,
472 1484 499 1514 si
515 1483 660 1515 nonnulli
679 1494 719 1514 ex
736 1481 1042 1524 praedecessoribus
1066 1481 1116 1513 vel
1133 1483 1309 1514 maioribus
1326 1482 1444 1512 nostris
1467 1482 1612 1513 fecerunt
1628 1481 1745 1524 aliqua,

93 1548 174 1579 quae
207 1535 335 1567 illorum
370 1541 514 1578 tempore
544 1546 613 1567 esse
645 1540 820 1577 potuerunt
849 1536 918 1566 sine
951 1535 1055 1576 culpa,
1090 1540 1122 1565 et
1155 1534 1440 1576 superstitionemt
1476 1539 1589 1575 postea
1614 1535 1747 1575 gignere

93 1589 247 1630 ceperint,
270 1588 338 1619 sine
361 1587 511 1619 tarditate
534 1586 653 1629 aliqua,
676 1592 708 1618 et
731 1597 804 1617 cum
827 1598 948 1628 magna
971 1587 1164 1617 auctoritate
1188 1592 1228 1617 au
1251 1586 1390 1627 posteris
1414 1586 1619 1617 destruantur
1630 1591 1650 1616 ².

93 1691 220 1722 LXXv.
244 1691 424 1722 Romano
441 1689 640 1732 pontifici
663 1700 818 1721 summo
843 1689 989 1721 studio
1013 1689 1319 1731 procurandum
1344 1695 1423 1728 est,
1442 1694 1483 1719 ut
1507 1694 1744 1720 sanctorum

690 1742 892 1773 instituta
923 1747 1148 1773 serventur.

46 1814 73 1834 ³0
198 1803 281 1835 Sunt
311 1808 417 1835 autem
453 1802 585 1845 quidam
619 1803 787 1834 dieentes³
818 1803 964 1834 Romano
997 1802 1142 1844 pontifici
1181 1812 1309 1844 semper
1343 1801 1447 1832 benef
1481 1800 1611 1832 licuisse
1646 1813 1746 1832 novas

93 1855 231 1887 condere
253 1855 351 1897 leges.
397 1854 492 1894 Quod
525 1859 556 1886 et
585 1865 643 1885 nos
673 1865 737 1885 non
761 1854 864 1886 solum
896 1853 980 1885 nonf
1003 1864 1172 1895 negamus,
1203 1854 1258 1884 sed
1289 1854 1384 1884 etiam
1414 1852 1507 1884 valde
1537 1853 1745 1884 affirmamus.

93 1907 157 1939 Sed
192 1906 360 1939 sciendum
397 1911 625 1948 summopere¹
649 1911 708 1945 est,
742 1907 818 1948 quia
846 1906 921 1937 inde
952 1917 1054 1937 novas
1088 1905 1176 1947 leges
1208 1905 1354 1936 condere⁴
1370 1910 1487 1946 potest,
1523 1904 1607 1935 unde
1642 1906 1744 1936 sancti

92 1964 199 2001 patres
229 1963 260 1989 et
282 1958 438 2000 praeipue
461 1957 599 1999 apostoli
622 1957 693 1989 veli
723 1957 944 1999 euangelistae
976 1956 1099 1999 aliquid
1131 1967 1334 1999 nequaquam
1368 1956 1529 1986 dixerunt.
1574 1956 1639 1987 Ubi
1669 1968 1745 1987 vero

91 2015 202 2053 aperte
226 2010 386 2041 Dominus
414 2008 466 2040 vel
496 2009 565 2040 eius
595 2009 734 2050 apostoli
763 2015 794 2041 et
823 2021 877 2041 eos
907 2014 1079 2052 sequentes
1111 2009 1212 2040 sancti
1236 2014 1345 2050 patres
1369 2007 1600 2039 sententialiter
1622 2008 1744 2050 aliquid

45 2072 71 2092 ³5
91 2061 322 2102 diffinierunt2‚
350 2061 418 2092 ibi³
448 2061 535 2092 nonb
558 2072 676 2092 novam
706 2060 809 2102 legem
834 2061 999 2092 Romanus
1030 2060 1176 2102 pontifex
1200 2060 1287 2100 dare,
1318 2060 1373 2090 sed
1405 2060 1512 2100 potius
1545 2059 1630 2100 quod
1655 2070 1743 2101 prae-

91 2114 233 2145 dicatum
257 2118 305 2145 est
328 2123 430 2155 usque
453 2112 494 2143 ad
518 2113 658 2143 animam
683 2118 714 2144 et
730 2114 921 2155 sanguinem
945 2113 1135 2144 confirmare
1152 2111 1257 2143 debet.
1304 2112 1337 2142 Si
1361 2112 1444 2142 enim
1462 2110 1549 2152 quod
1566 2110 1745 2142 docuerunt

90 2165 227 2207 apostoli
249 2171 281 2196 et
303 2165 479 2207 prophetae
504 2164 680 2205 destruere,
712 2164 799 2206 quod
822 2164 917 2204 absit,
946 2165 1113 2204 niteretur,
1142 2175 1205 2194 non
1229 2163 1419 2194 sententiam
1444 2162 1529 2201 dare,
1560 2162 1615 2193 sed
1641 2163 1743 2204 magis

91 2228 197 2249 errare
220 2217 475 2250 convinceretur.
522 2215 586 2247 Sed
611 2215 671 2247 hoc
697 2216 809 2258 procul
833 2217 874 2247 sit
896 2216 936 2247 ab
961 2216 1007 2247 eis
1036 2216 1089 2257 qui
1114 2226 1242 2256 semper
1263 2214 1395 2245 Domini
1419 2213 1608 2244 aecclesiam
1634 2219 1744 2245 contra

90 2268 239 2311 luporum
263 2268 397 2299 insidias
421 2269 542 2310 optime
565 2268 797 2300 custodierunt.

43 2384 70 2404 40
201 2382 230 2412 a)
250 2387 314 2408 nata
335 2386 375 2408 est
392 2383 455 2409 132.
513 2383 540 2413 b)
561 2383 604 2408 vel
620 2396 652 2401 —·
668 2383 862 2408 concederetur
881 2383 936 2407 des.
957 2382 982 2406 Β
996 2383 1018 2408 1.
1076 2382 1100 2412 c)
1123 2389 1191 2405 corr.
1212 2389 1244 2405 ex
1264 2381 1352 2404 forent
1371 2379 1445 2405 [52³.
1505 2379 1534 2410 d)
1554 2381 1576 2404 si
1596 2380 1646 2405 fec.
1669 2378 1742 2405 321».

91 2428 118 2461 e)
136 2429 189 2454 Dei
209 2429 274 2454 eccl.
295 2429 321 2453 B
335 2431 358 2455 l.
433 2429 455 2460 f)
475 2429 547 2454 deest
567 2429 592 2454 B
605 2430 629 2454 1.
704 2428 734 2461 g)
754 2429 795 2453 Ex
815 2443 851 2447 —
872 2429 931 2454 Gal.
951 2429 1007 2453 des.
1028 2427 1089 2452 B2,
1165 2426 1193 2457 h)
1214 2427 1346 2458 baptismo
1369 2425 1434 2450 add.
1455 2423 1533 2450 1321).
1616 2426 1637 2458 i)
1658 2435 1742 2459 popu-

89 2475 143 2500 lum
162 2475 225 2499 132.
301 2475 332 2507 k)
353 2476 465 2501 adorare
486 2475 546 2500 131.
622 2475 644 2505 l)
664 2476 782 2507 pciperet
802 2474 878 2499 132³.
957 2478 994 2505 m)
1016 2473 1169 2505 intelligunt
1188 2473 1214 2497 B
1227 2474 1249 2497 1.
1321 2472 1350 2502 n)
1371 2472 1412 2495 Ex
1432 2485 1467 2489 -—-
1487 2475 1591 2504 patrum
1612 2473 1665 2497 des.
1681 2473 1742 2497 Be.

90 2521 118 2554 o)
137 2524 228 2554 potest
247 2521 308 2546 Ba.
391 2521 421 2553 p)
441 2521 519 2546 huius
539 2521 600 2546 Ba.
683 2520 723 2553 ρ’)
746 2529 840 2546 somno
862 2518 939 2545 Bab,
1016 2519 1043 2552 q]
1063 2520 1101 2544 ita.
1121 2519 1146 2542 B
1160 2520 1182 2543 l.
1258 2518 1282 2549 r)
1303 2519 1409 2550 enigma
1430 2518 1503 2542 videt
1522 2518 1658 2543 dominum
1679 2519 1704 2543 B
1719 2520 1740 2543 l.

89 2567 114 2599 s)
134 2568 187 2592 iub.
203 2568 237 2592 D.
254 2567 315 2593 ΒΞ.
372 2567 395 2599 t)
415 2569 604 2600 superstitione
624 2568 686 2593 Ba.
743 2572 773 2595 ut
795 2568 875 2592 destr.
891 2575 907 2591 a
920 2570 989 2599 post.
1011 2566 1036 2590 B
1049 2563 1089 2590 2¹³.
1148 2570 1175 2591 v»
1195 2564 1288 2589 titulus
1309 2565 1380 2589 deest
1401 2564 1426 2588 Β
1439 2564 1463 2589 1.
1521 2564 1556 2595 w)
1578 2565 1655 2589 Ratio
1676 2565 1741 2596 1313

43 2614 70 2633 ⁴⁵
89 2613 161 2638 deest
179 2613 242 2639 ΒΞ.
305 2614 333 2646 x)
353 2618 467 2646 suopere
481 2614 539 2639 Bi.
603 2614 633 2646 y)
655 2618 681 2638 et
700 2614 760 2638 BQ.
825 2613 851 2644 z)
874 2613 952 2637 defin.
974 2612 1033 2637 132.
1092 2614 1117 2639 a)
1138 2612 1182 2635 ubi
1204 2611 1228 2634 B
1242 2612 1264 2634 l.
1322 2610 1348 2641 b)
1372 2619 1426 2635 uon
1443 2613 1504 2642 post
1524 2611 1645 2643 pontifex
1666 2609 1741 2635 1321».

196 2720 225 2755 1)
247 2721 350 2748 Nescio
373 2721 430 2748 ubi.
519 2721 549 2755 2)
574 2721 619 2755 Cf.
644 2720 802 2747 Deusdedit
825 2721 867 2753 11,
892 2723 906 2751 ξ
926 2720 973 2753 13,
996 2728 1084 2754 supra
1111 2728 1141 2752 p.
1166 2718 1227 2745 312
1250 2728 1290 2753 sq.
1379 2718 1409 2753 3)
1433 2718 1483 2744 Ivo
1508 2718 1631 2751 Carnol„
1662 2718 1741 2752 epist.

90 2771 159 2800 237.
182 2771 280 2807 insra5
309 2771 347 2805 cf.
371 2772 483 2806 Schum,
508 2773 576 2799 ‘Die
599 2773 704 2799 Politik
727 2772 814 2806 Papst
838 2771 985 2798 Pasa-halis
1008 2769 1063 2804 II',
1088 2771 1191 2804 Erfurt
1217 2770 1307 2803 1877,
1328 2779 1359 2804 p.
1377 2770 1426 2796 22.
1460 2770 1492 2799 S.

1770 488 1830 511 Ex&
1851 488 1963 518 epistola
1987 488 2020 512 ad

1829 524 1964 548 Galathas.

1770 561 1797 580 ct‘.
1810 561 1860 580 Gal.
1872 564 1889 580 1.

1771 614 1798 634 cf.
1808 615 1819 632 4
1838 614 1893 637 Reg.
1905 615 1929 633 18

1770 764 1808 786 Ex
1819 767 1830 779 ¹¹
1852 763 1973 787 doctrina

1770 803 1920 824 sanctorum
1942 809 1986 832 pa·

1838 840 1913 861 trum.

1768 1030 1985 1054 cs.Num.12,o-8.

1766 1805 1806 1828 Ex
1826 1806 1930 1829 ratione
1939 1808 1967 1830 W.
