2132 3067
53 694 78 714 10

55 951 80 970 15

54 1207 80 1226 2⁰

55 1465 82 1484 ²5

55 1721 83 1741 ³0

56 1979 83 1999 ³⁵

56 2237 84 2255 ⁴⁰

59 2493 87 2512 45

64 2748 90 2768 50

357 380 408 403 755

357 636 407 659 760

358 893 409 916 765

359 1150 410 1173 770

360 1408 411 1431 775

361 1666 412 1689 780

362 1923 412 1947 785

362 2181 413 2204 790

363 2438 414 2462 795

367 2695 419 2718 800

220 2813 248 2842 a)
268 2813 390 2838 Caedunt
410 2823 429 2838 c.

618 126 733 152 LIBER
757 126 806 151 DE
831 124 961 152 ANULO
984 125 1032 151 ET
1054 124 1218 151 BACULO.

517 215 676 254 (Tedunta,
699 216 782 245 sicut
804 215 848 245 ait
871 215 925 256 qui
951 213 1061 244 docuit
1084 214 1162 246 fieri.

434 267 522 299 Haec
548 272 681 297 unctura
705 272 811 297 tamen
837 276 899 295 non
923 271 972 296 est
996 265 1035 295 de
1060 276 1190 295 munere
1214 266 1308 306 regis,

516 319 687 358 Quamvis,
711 317 797 359 quod
823 321 944 358 regnat,
969 327 1010 347 ex
1034 316 1103 347 oleo
1128 317 1242 357 capiat.

434 371 527 402 Hane
551 370 649 411 igitur
673 379 837 406 manuum,
862 368 1013 410 quoniam
1039 369 1183 398 comunis
1208 368 1356 398 habenda

518 421 647 460 Unctio,
670 421 801 451 tractari
826 430 888 450 non
913 430 993 460 opus
1017 425 1065 450 est
1088 419 1215 449 iterum.

434 474 502 504 Mos
527 479 575 504 est
600 472 743 514 pontifici
767 478 865 512 caput
889 471 975 512 ungi,
1000 470 1129 512 quando
1153 475 1307 511 sacratur,

519 525 590 555 Hoc
615 535 687 555 eum
711 523 890 565 presbitero
914 533 976 552 non
1003 521 1101 553 habet
1124 521 1175 552 ille
1200 521 1328 562 gl'aduS.

433 576 503 607 Mos
527 582 584 614 est,
608 581 643 606 ut
665 585 788 605 sacram
814 584 876 604 non
901 585 984 604 unus
1009 573 1143 615 prebeat
1169 574 1222 603 uni

516 627 579 659 Sed
605 632 678 665 tres,
704 632 738 657 ut
760 627 862 656 trinus
887 624 972 655 adsit
995 631 1134 666 agatque
1159 625 1258 655 Deus.

434 680 567 710 Ponitur
589 680 620 709 in
644 677 785 720 scapulis
809 678 912 708 codex
938 676 1190 717 euangeliorum,

516 730 560 762 Ut
583 730 664 760 sciat
689 730 747 760 hoe
769 730 857 760 verbi
882 729 964 759 ferre
988 729 1210 759 ministerium.

435 783 476 813 At
499 781 574 824 quid
601 781 770 822 significet,
795 781 946 823 quoniam
973 785 1070 821 caput
1093 781 1224 821 ungitur
1247 778 1301 818 illi,

518 833 590 864 Non
615 838 663 863 est
687 833 718 863 in
743 833 856 874 paucis
880 831 1017 874 pleniter
1039 833 1230 873 exprimere.

433 885 516 916 Cum
540 884 670 926 Moyses
695 885 803 915 Aaron
827 884 898 915 oleo
923 883 1078 914 divinitus
1103 884 1204 922 unxit,

519 935 608 967 Haec:
630 935 670 966 ad
694 936 820 977 agenda
844 935 949 978 liquor
973 935 1117 966 misticus
1141 933 1191 965 ille
1215 933 1283 964 fuit.

437 988 540 1026 Quem
566 987 732 1029 psalmista
756 987 875 1018 bonum
898 992 1043 1025 testatur,
1068 997 1139 1017 cum
1164 985 1259 1016 simul
1281 996 1352 1016 esse

519 1039 649 1071 Fratres
673 1038 846 1070 iocundum
873 1038 1018 1080 predicat
1042 1044 1137 1080 atque
1161 1039 1289 1068 bonum.

436 1091 515 1122 Eius
539 1091 579 1122 ad
605 1091 761 1132 unguenti
785 1091 931 1129 formam,
956 1089 1043 1132 quod
1067 1089 1160 1120 fluxit
1184 1089 1293 1119 Aaron

521 1143 547 1173 A
572 1143 676 1184 eapite
699 1143 731 1173 in
755 1141 900 1182 barbam,
925 1142 951 1172 si
975 1141 1077 1172 bonus
1100 1142 1161 1171 iste
1186 1140 1290 1182 liquor

435 1193 506 1225 Non
530 1199 623 1232 esset,
648 1194 673 1224 si
697 1204 761 1224 non
785 1194 954 1228 iocundus,
978 1193 1090 1224 concio
1114 1192 1249 1223 fratrum

520 1245 592 1276 Non
615 1251 700 1276 esset
723 1244 820 1276 simili
844 1244 883 1276 de
906 1246 1030 1276 ratione
1056 1243 1184 1275 bonum.

436 1296 600 1328 Christum
624 1307 701 1327 vero
724 1301 821 1338 caput
844 1302 929 1328 reete
953 1296 1158 1327 credentibus
1182 1306 1251 1326 esse

522 1348 587 1388 Qui
611 1354 697 1380 recte
722 1348 832 1387 eredit⁷
857 1359 920 1379 non
944 1347 1041 1379 habet
1063 1347 1242 1389 ambigere.

437 1400 507 1432 Hoc
531 1406 630 1443 caput
653 1406 701 1431 est
725 1406 869 1438 unctum,
894 1400 969 1441 quia
993 1400 1096 1441 gratia
1119 1398 1306 1441 spiritualis,

523 1451 615 1483 Sicut
639 1453 701 1482 iam
725 1452 838 1494 patuit,
862 1462 881 1481 a
905 1457 994 1492 patre
1019 1450 1113 1481 fluxit
1137 1452 1176 1481 ei.

436 1504 543 1546 Atque
567 1504 598 1534 in
622 1503 798 1545 discipulos
823 1503 915 1545 quasi
939 1501 1072 1533 barbam
1098 1502 1193 1533 fluxit
1214 1501 1254 1533 ab
1279 1500 1348 1539 illo3

519 1555 625 1586 Vestis
650 1555 747 1586 habet
770 1555 910 1596 speciem
935 1566 997 1586 non
1023 1554 1105 1585 male
1128 1553 1222 1584 turba
1245 1562 1392 1594 sequens.

436 1606 530 1638 Unde
554 1611 668 1648 putare
693 1612 799 1648 potest
821 1606 947 1648 aliquis,
972 1607 1046 1649 quia
1071 1604 1168 1636 stillat
1190 1605 1221 1635 in
1246 1603 1331 1634 illam

521 1658 584 1689 Per
606 1658 726 1690 barbae
751 1658 891 1690 medium
916 1657 1056 1700 desuper
1080 1658 1138 1687 hoc
1163 1655 1269 1687 oleum

437 1709 481 1741 Ut
504 1710 587 1740 sieut
611 1710 725 1751 capitis
749 1709 788 1740 de
812 1721 944 1740 munere
966 1709 1068 1740 barba
1092 1709 1223 1750 rigatur,

523 1761 578 1792 Sic
603 1762 699 1792 etiam
725 1768 846 1793 vestem
871 1761 971 1792 barba
994 1761 1099 1802 rigata
1121 1761 1211 1801 riget.

439 1813 503 1845 Sed
526 1824 590 1844 non
614 1812 774 1844 Iohannes
796 1814 842 1844 ita
864 1813 973 1851 sensit,
997 1824 1068 1843 cum
1093 1812 1190 1842 docet
1213 1821 1322 1841 omnes

525 1866 550 1895 A
575 1875 700 1895 summo
725 1865 830 1906 capite
854 1864 1010 1906 quicquid
1035 1864 1156 1894 habent
1180 1873 1305 1904 capere,

437 1916 501 1955 Qui
526 1922 618 1958 putat
641 1927 681 1947 ex
705 1927 789 1958 equo
815 1916 1004 1947 benedicere
1029 1915 1078 1945 vel
1102 1914 1249 1946 benedici

524 1967 698 2007 Christum,
724 1967 927 2009 blasphemat
950 1974 981 1998 et
1004 1967 1085 1997 male
1110 1967 1231 2007 scripta
1253 1965 1340 2006 legit.

437 2019 519 2050 Nam
544 2020 570 2050 si
594 2019 771 2058 descendit,
795 2019 1012 2060 quaerendum
1039 2019 1188 2060 primitus
1211 2016 1305 2056 unde,

524 2071 600 2101 Mox
625 2071 680 2102 ubi
703 2071 891 2109 constiterit,
918 2081 980 2112 quo
1004 2070 1091 2110 fluat,
1115 2069 1193 2100 ordo
1218 2069 1308 2110 petit.

439 2122 532 2153 Unde
542 2122 557 2152 ’Β
580 2128 678 2164 patet,
703 2124 728 2153 si
752 2122 983 2164 grammaticae
1007 2123 1059 2152 via
1082 2121 1284 2162 eognicionis

522 2174 594 2204 Non
618 2173 708 2212 fallit,
731 2175 882 2216 quoniam
908 2175 953 2205 sic
976 2175 1034 2205 ait:
1059 2174 1101 2204 ‘in
1124 2173 1250 2214 capite’‚

438 2225 502 2265 Qui
526 2226 553 2256 si
576 2225 711 2257 dixisset
734 2227 852 2268 magis:
876 2227 918 2256 *in
943 2225 1058 2267 caput',
1081 2236 1121 2255 ex
1145 2225 1267 2255 ratione

524 2277 645 2316 Quaeri
669 2277 810 2318 deberet,
834 2277 921 2309 unde
945 2283 1043 2319 eaput
1067 2281 1205 2318 caperet.

440 2328 533 2359 Nune
558 2334 657 2370 caput
679 2336 726 2360 est
751 2329 844 2360 huius
867 2330 938 2360 fons
962 2335 993 2360 et
1016 2329 1069 2359 via
1093 2329 1197 2370 prima
1221 2327 1363 2368 liquoris.

528 2380 611 2411 Hine
634 2380 703 2411 fluit
726 2382 757 2411 in
783 2380 928 2415 barbam.
952 2381 1049 2412 vestis
1074 2385 1104 2410 et
1128 2380 1200 2417 ima,
1225 2374 1383 2420 quod‘est

440 2431 571 2470 Horam,
596 2443 659 2474 quo
684 2438 810 2463 constet
832 2439 953 2463 vestem
978 2431 1170 2474 perfundere
1195 2436 1304 2469 totam,

527 2483 571 2514 Ut
594 2483 691 2514 nichil
715 2485 746 2514 in
770 2489 836 2515 toto
861 2484 923 2514 iam
947 2490 1040 2515 vacet
1064 2483 1123 2513 hoc
1146 2482 1225 2513 oleo.

443 2534 538 2573 Quod
564 2541 653 2577 patet
677 2536 707 2566 in
732 2534 842 2573 barba,
867 2535 943 2576 quia
966 2545 1071 2565 sermo
1096 2535 1199 2575 poscit
1222 2533 1358 2573 Ebreus,

527 2586 581 2625 Ut,
605 2587 734 2629 quando
759 2587 911 2628 geminat,
936 2587 1044 2617 omnia
1067 2586 1239 2616 contineat.

444 2637 488 2668 Ut
512 2637 640 2678 Moises‚
665 2650 738 2669 eum
763 2639 857 2669 dicit:
882 2637 995 2668 ‘homo'
1019 2638 1208 2679 repetitque,
1234 2647 1290 2678 per
1313 2646 1439 2666 omnem

528 2688 623 2728 Quod
648 2690 736 2721 iubet
760 2696 815 2721 aut
838 2690 965 2731 proibet
989 2700 1116 2720 currere
1140 2689 1207 2719 vult
1231 2688 1391 2719 hominen]

447 2739 485 2770 In
510 2741 711 2780 vestimento,
736 2743 811 2784 quia
835 2752 907 2772 eum
933 2741 1138 2783 perfunditur
1162 2740 1248 2780 hora,

1765 893 1819 912 Lev.
1826 896 1837 911 Q
1852 893 1875 911 10
1883 898 1916 915 sq.

1766 995 1915 1014 Ps.132.1.2.

1768 1200 1835 1219 [12¹.

1770 1821 1791 1838 ci
1810 1820 1857 1838 [Oh.
1869 1821 1887 1837 1.
1898 1820 1917 1837 3,
