2132 3067
36 745 61 764 10

36 1003 61 1023 15

35 1262 61 1282 20

35 1519 62 1539 25

35 1778 62 1797 ³0

35 2035 62 2055 ³⁵

35 2293 63 2312 40

1 2633 65 2658 1⁴5

498 179 549 205 DE
572 178 745 205 UNITATE
768 177 978 204 ECCLESIAE
1001 178 1298 207 CONSERVANDA.
1665 178 1723 208 ‘231

77 271 143 301 sive
167 268 304 299 ducibus
329 272 484 309 tanquam
512 268 551 298 ab
576 280 608 298 eo
632 268 740 298 missis
766 267 810 297 ad
836 267 1011 297 vindictcmn
1027 269 1286 309 malefactorum,
1312 270 1356 300 ad
1379 270 1508 301 landem
1537 282 1607 301 vero
1631 271 1725 302 bono-

77 332 159 351 rum.
204 319 308 360 Igitur
331 329 402 349 cum
428 324 565 360 utraque
589 319 741 360 dignitas,
764 317 881 358 regalis
906 317 1027 349 scilieet
1050 325 1146 361 atque
1172 321 1376 362 pontificalis,
1409 322 1454 352 sie
1480 322 1624 352 ordinata
1649 323 1688 352 sit
1712 334 1728 352 a

77 372 158 412 Deo,
190 371 341 412 quatinus
371 370 524 411 spiritalis
551 371 635 401 actio
659 381 678 400 a
701 368 932 411 temporalibus
958 370 1053 402 distet
1078 373 1260 403 incursibus
1285 379 1315 404 et
1340 373 1410 403 Deo
1434 373 1574 404 militans
1600 374 1729 403 minime

77 435 111 455 se
134 423 272 463 negotiis
296 421 438 463 implicet
461 421 691 461 saecularibus,
723 426 753 452 et
783 432 853 452 cum
885 432 947 452 non
972 423 1097 463 possint
1121 434 1231 454 omnes
1256 436 1305 455 res
1330 430 1416 456 tutae
1446 437 1524 458 esse,
1557 425 1615 455 nisi
1648 436 1728 466 quae

77 475 117 505 ad
141 474 281 505 divinam
307 473 541 504 confessionem
567 473 728 514 pertinent
751 478 784 503 et
807 474 896 513 regia
920 479 950 504 et
972 474 1180 505 sacerdotalis
1197 475 1338 506 defendit
1355 477 1541 515 auctorita&
1566 477 1729 507 attendite.

78 526 222 566 obsecro,
247 532 278 557 et
294 525 412 565 videte,
437 525 600 566 quomodo
618 523 812 555 Hildebrant
836 530 868 555 et
891 526 1036 567 episcopi
1061 527 1129 556 eius
1154 527 1236 557 inter
1259 527 1337 558 alias
1362 527 1622 566 innumerabiles,
1648 539 1729 569 quae

78 578 151 609 inde
174 582 381 613 emerserunt,
413 576 540 606 hereses
565 576 773 617 quaesierint,
804 577 988 608 resistentes
1012 578 1092 607 miro
1117 578 1211 608 modo
1236 579 1298 609 Dei
1324 579 1528 617 ordinatismi,
1559 579 1636 609 haec
1667 579 1728 610 duo

79 629 278 672 principalia,
310 627 428 670 quibus
455 628 577 668 regitur
600 627 748 665 mundus,
780 628 945 669 extirpare
977 634 1008 659 et
1039 629 1077 659 ad
1110 629 1243 660 nihilum
1273 631 1405 669 ducereg
1438 632 1603 672 cupientes
1633 632 1728 662 etiam

78 681 156 712 alios
180 691 291 711 omnes
315 680 485 722 episcopos
508 678 589 710 tales
613 690 693 717 esse,
725 680 808 710 sicut
833 686 907 710 sunt
930 680 1002 722 ipsi⁷
1032 682 1086 722 qui
1111 692 1185 711 vere
1210 692 1271 712 non
1297 687 1369 713 sunt
1394 683 1551 724 episcopi,
1580 688 1611 712 et
1640 694 1730 723 reges

80 731 236 764 eiusmodi
260 731 387 770 habere,
420 731 539 772 quibus
563 731 624 772 ipsi
648 731 739 772 regia
762 730 892 762 licentia
916 733 1041 773 possint
1064 733 1233 774 imperare.
1288 734 1373 764 Eece
1403 735 1486 764 enim
1515 734 1731 764 Herimannus

79 795 147 823 reX,
171 793 338 815 successor
354 783 483 814 Rudolfi
508 783 592 824 regis
616 783 772 824 ipsorum,
795 782 869 814 talis
890 789 975 816 certe
991 784 1051 814 fuit
1067 791 1098 815 et
1115 784 1185 815 talis
1203 786 1318 823 extitit⁷
1344 792 1378 816 ut
1401 785 1439 816 (le
1462 797 1499 816 eo
1523 797 1597 816 vcro
1621 796 1731 816 secun-

81 835 156 867 dum
180 835 306 866 literam
330 835 533 876 interpretari
557 835 728 876 possimus,
758 835 844 876 quod
869 836 900 865 in
924 835 1061 866 Daniele
1085 835 1232 877 legimus,
1257 837 1348 877 quia:
1381 835 1487 867 Stabit
1513 839 1544 867 in
1571 838 1637 868 loco
1661 839 1730 868 eius

81 888 251 928 despectus
274 891 301 918 et
324 899 389 918 non
413 887 574 917 tribuetur
596 888 625 917 ei
648 887 753 917 honor
776 888 899 928 re'qius.

189 940 236 970 16.
282 938 363 969 Nam
387 944 421 969 ut
445 938 749 980 praetermittamus,
774 943 852 979 quot
876 938 980 969 modis
1003 939 1044 969 ab
1069 939 1230 980 episcopis
1247 938 1297 969 vel
1317 950 1332 969 a
1352 940 1551 980 principibus
1570 939 1730 970 Saxoniao

80 991 278 1032 contemptui
303 995 350 1020 est
373 990 511 1028 habitus,
537 991 591 1032 qui
616 1000 726 1020 omnes
750 990 781 1020 in
807 991 905 1020 variis
926 990 1145 1021 voluntatibus
1161 990 1312 1021 volebant
1329 1001 1456 1032 semper
1473 1003 1615 1032 regnare,
1641 992 1732 1021 iuxta

81 1041 166 1084 quod
190 1053 248 1083 per
271 1042 461 1083 prophetam
487 1042 567 1073 dicit
590 1041 760 1080 Dominus,
790 1041 948 1072 eiusmodi
977 1042 1140 1084 principes
1171 1041 1266 1072 simul
1295 1053 1388 1083 reges
1413 1054 1494 1074 esse.
1541 1043 1613 1084 Ipsi
1637 1044 1731 1079 enim,

80 1093 194 1135 inquit,
217 1099 441 1135 regnaverunt
457 1098 485 1124 et
500 1105 565 1124 non
583 1104 622 1124 ew
638 1105 694 1131 me,
720 1094 901 1134 'principes
918 1095 1105 1133 emiserunt,
1124 1098 1151 1123 et
1168 1105 1234 1124 ozon
1251 1096 1408 1136 0057sson
1432 1100 1466 1125 ut
1484 1095 1572 1131 haec,
1590 1095 1731 1136 inquam,
1753 1107 1760 1115 ’

80 1150 331 1188 praetereamus,
355 1156 428 1176 ecce
452 1156 509 1175 nos
532 1145 705 1186 aliquando
723 1145 858 1175 eundem
878 1145 1113 1175 Herimannum
1130 1145 1270 1176 vidimus
1295 1146 1325 1176 in
1350 1147 1463 1176 castris
1482 1146 1647 1176 Saxonum
1668 1157 1730 1176 non

79 1197 166 1238 regis
189 1197 256 1228 sive
280 1197 434 1238 principis
458 1196 529 1227 loco
553 1196 700 1233 militare⁷
726 1208 820 1238 quem
847 1207 886 1227 ne
910 1197 950 1227 ad
975 1196 1134 1238 colloquia
1158 1198 1287 1239 quidem
1306 1198 1488 1238 principum
1509 1199 1733 1239 perspeximus

79 1250 207 1289 venire;
231 1253 262 1279 et
285 1259 357 1279 cum
382 1247 569 1290 suppliciter
592 1259 664 1278 eum
682 1247 979 1290 interpellarenmsa
1003 1259 1062 1290 pro
1080 1249 1276 1280 imminentis
1293 1248 1427 1290 periculi
1445 1250 1645 1288 necessitate,
1670 1261 1733 1291 quo

79 1302 142 1332 iam
166 1301 296 1343 iamque
318 1300 502 1331 minabatur
525 1299 618 1330 nobis
640 1301 777 1331 vastitas
801 1304 897 1341 atque
920 1301 1068 1331 contritio
1091 1300 1246 1331 ecclcsiae
1268 1306 1405 1339 nostrae,
1431 1301 1596 1342 respondit
1619 1312 1652 1332 se
1669 1312 1731 1331 non

80 1363 175 1395 posse
197 1352 248 1383 vel
271 1352 333 1382 sibi
356 1351 407 1382 vel
430 1351 524 1382 nobis
548 1352 710 1393 prodesse.
765 1352 863 1382 Primi
893 1363 969 1383 vcro
1001 1352 1040 1383 de
1071 1352 1272 1394 principibus
1303 1359 1393 1383 erant
1418 1353 1448 1383 in
1473 1352 1593 1383 eisdem
1619 1354 1732 1384 castris

82 1404 254 1446 Egberdus
277 1403 422 1434 marchio
447 1409 477 1434 et
500 1402 554 1434 filii
579 1403 642 1434 duo
668 1402 797 1434 Ottonis
823 1403 979 1434 Bavariae
1009 1404 1171 1445 quondam
1203 1404 1303 1444 ducis,
1334 1403 1446 1446 quales
1470 1404 1548 1434 dicit
1572 1405 1731 1435 Dominus

1752 849 1808 866 lmu,
1822 849 1855 869 11,
1866 849 1899 866 20.

1752 1056 1810 1074 owe
1820 1055 1839 1074 8.
1852 1058 1870 1073 ιι.

81 1467 139 1498 per
155 1455 308 1486 Hesaiam
326 1454 518 1497 prophetam
542 1455 727 1496 praevalere
750 1460 882 1497 propter
906 1461 1042 1497 peccata
1066 1455 1275 1497 populorum:
1299 1456 1403 1494 Dabo,
1428 1457 1588 1497 inquiens,
1610 1468 1732 1497 pueros
1765 1471 1810 1488 si.
1838 1484 1841 1486 .

79 1508 251 1549 principes
276 1518 394 1540 eorum,
434 1506 603 1537 Caeterum
629 1507 718 1538 curia
742 1508 809 1538 sive
832 1507 986 1548 palatium
1012 1514 1080 1538 erat
1103 1507 1189 1549 apud
1216 1508 1411 1548 Hartvigum
1437 1507 1557 1538 dictum
1580 1507 1731 1548 Magada-

83 1559 251 1600 burgensis
280 1558 433 1589 ecclesiae
463 1559 661 1600 episcopum,
691 1559 760 1590 sive
788 1559 873 1600 apud
900 1559 1101 1590 Bureardum
1128 1559 1427 1590 Halberstatensem
1458 1561 1659 1601 episcopum,
1689 1564 1732 1597 ut,

82 1610 158 1641 dum
182 1610 327 1652 episcopi
351 1610 547 1641 transferunt
571 1611 712 1641 studium
736 1615 833 1652 atque
856 1611 1060 1653 disciplinam
1091 1610 1248 1642 ecclesiae
1276 1611 1316 1641 ad
1347 1612 1480 1649 curiam,
1510 1622 1591 1652 quae
1615 1610 1733 1641 dicitur

82 1673 101 1692 a
124 1667 268 1702 cruore¹‚
292 1662 518 1703 praedicantes
542 1662 661 1693 bonum
686 1667 717 1693 et
738 1663 857 1693 iustum
880 1674 950 1694 esse
974 1662 1096 1704 praelia
1121 1667 1152 1693 et
1176 1662 1352 1693 seditiones
1376 1664 1442 1693 fieri
1470 1674 1527 1704 pro
1551 1674 1609 1693 sua
1634 1667 1732 1704 parte,

82 1723 145 1744 non
162 1718 333 1744 vereantur
357 1713 428 1744 laici
453 1718 484 1744 et
507 1714 571 1754 ipsi
595 1714 737 1745 crudelia
752 1725 859 1755 agere.
897 1714 991 1754 Nam,
1016 1715 1125 1745 iuncto
1144 1715 1309 1745 Saxonum
1327 1720 1357 1746 ct
1374 1715 1613 1756 Thuringorum
1636 1721 1732 1756 atque

83 1764 262 1796 Suevorum
292 1765 431 1806 agmine,
460 1771 639 1806 pugnatum
668 1772 716 1797 est
745 1771 821 1797 tunc
845 1767 876 1796 in
902 1766 1047 1798 orientali
1072 1766 1210 1797 Francia
1233 1771 1345 1797 contra
1368 1768 1595 1808 imperatorem
1621 1766 1732 1796 Henri-

81 1816 176 1847 chum
201 1817 314 1858 quinta
335 1817 398 1847 iam
423 1817 530 1856 vice23
556 1817 595 1848 de
619 1828 683 1859 qua
701 1817 824 1848 scilicet
839 1829 949 1859 pugna
965 1819 996 1848 in
1014 1818 1223 1860 sequentibus
1241 1818 1347 1849 dicere
1365 1819 1580 1858 decrevimus,
1604 1817 1732 1859 quando

83 1867 121 1899 de
139 1868 299 1899 Alberone
316 1867 618 1909 Wirziburgensisb
642 1869 796 1900 ecclesiae
822 1870 977 1911 episcopo
1002 1880 1085 1911 quae
1109 1870 1148 1900 ad
1175 1871 1279 1911 ipsum
1306 1880 1435 1911 quoque
1460 1869 1619 1910 pertinent
1643 1879 1732 1898 enar-

80 1920 232 1959 rabimus,
256 1921 347 1951 cuius
370 1920 544 1962 praecipue
568 1931 666 1952 eausa
689 1927 766 1952 tunc
790 1921 909 1952 effusus
933 1927 982 1953 est
1005 1923 1138 1963 sanguis
1160 1921 1334 1952 multorum
1352 1921 1383 1951 in
1401 1922 1537 1951 circuitu
1555 1920 1638 1951 illius
1655 1921 1731 1950 civi-

81 1972 165 2011 tatis,
188 1973 242 2014 qui
266 1971 388 2002 scilicet
411 1972 544 2013 sanguis
569 1973 748 2004 occisorum
774 1973 890 2004 clamat
907 1973 1146 2014 quodammodo
1164 1973 1204 2004 ad
1222 1973 1400 2004 Dominum
1418 1983 1474 2014 pro
1492 1972 1636 2003 vindicta
1652 1972 1731 2002 tanti

82 2023 221 2055 sceleris.
275 2023 449 2065 Superiore
479 2024 573 2054 etiam
598 2030 742 2066 tempore
766 2029 980 2066 temptaverat
1003 2025 1087 2056 idem
1113 2025 1276 2056 Adalbcro
1301 2035 1486 2066 expugnare
1510 2024 1730 2066 episcopatum

81 2086 183 2116 suum,
207 2086 303 2117 quem
327 2075 387 2106 sub
411 2085 487 2116 rege
511 2086 569 2105 suo
586 2075 726 2106 Rudolfo
750 2077 894 2118 recipere
912 2077 1066 2118 cupiebat
1083 2082 1194 2107 contra
1210 2087 1318 2117 regem
1337 2075 1549 2115 Henrichum,
1574 2075 1732 2116 ideoque³

82 2127 257 2158 secundum
288 2127 351 2157 iam
383 2126 540 2168 praelium
572 2131 666 2157 atrox
697 2128 792 2157 nimis
823 2134 853 2158 et
882 2127 1011 2159 crudele
1035 2133 1264 2170 pugnaverunt
1288 2129 1435 2158 Saxones
1459 2133 1571 2158 contra
1594 2126 1729 2158 eundem

82 2189 188 2220 regem
212 2178 411 2210 Henrichum
438 2180 468 2209 in
492 2178 637 2210 orientali
662 2179 831 2218 Francian
855 2190 938 2210 anno
962 2179 1084 2210 scilicet
1107 2179 1332 2210 MLXXVIII.
1358 2179 1397 2210 ab
1422 2179 1642 2209 incarnatione
1666 2179 1730 2209 Do-

83 2230 169 2270 mini,
191 2230 264 2262 VII.
280 2231 400 2261 mensis
417 2231 567 2271 Augusti,
591 2230 646 2261 ubi
664 2230 821 2261 Rudolfus
844 2243 901 2262 rex
925 2231 1056 2272 fugatus
1079 2237 1127 2262 est
1150 2237 1181 2262 et
1197 2231 1382 2271 sigefridus
1399 2231 1608 2272 Moguntinae
1631 2230 1731 2261 eecle-

83 2282 149 2313 siae
179 2282 443 2324 archiepiscopus
476 2283 506 2312 in
537 2283 615 2323 fuga
646 2288 758 2324 captus
787 2288 818 2313 et
844 2283 899 2313 vix
930 2282 968 2313 de
998 2282 1173 2324 suspendio
1202 2282 1355 2314 liberatus
1378 2288 1473 2324 atque
1498 2282 1650 2312 dimissus
1673 2287 1729 2312 est.

86 2332 265 2364 Wezelinus
289 2345 417 2376 quoque
434 2334 771 2375 Parthenopolitanae,
796 2334 854 2364 hoc
871 2339 918 2364 est
935 2334 1260 2375 Magadaburgensis,
1285 2333 1440 2365 ecclesiae
1465 2334 1729 2376 archicsnscopus

83 2384 115 2414 in
138 2384 215 2426 fuga
238 2385 364 2416 occisus
389 2390 446 2426 est,
470 2391 501 2417 et
514 2385 725 2416 werinherus
742 2385 1022 2426 Mei-seburgensis
1045 2386 1198 2417 ecclesiae
1223 2387 1395 2428 episcopus
1421 2392 1554 2417 mortem
1579 2386 1634 2416 vix
1659 2396 1729 2416 cva-

193 2490 219 2520 ὃ)
241 2490 470 2522 interpellarentur
494 2494 518 2521 l;
543 2491 672 2515 Frelzerzes
694 2491 850 2515 emendavit.
928 2492 953 2519 b>
978 2492 1146 2522 Wirtziburg.
1172 2494 1193 2516 l.

192 2582 219 2617 1)
245 2583 288 2616 Os.
312 2592 400 2617 supra
421 2594 450 2617 p.
469 2584 539 2610 201.
632 2584 660 2617 2)
684 2584 767 2617 Apud
790 2584 948 2617 Pleielzfeld
971 2593 999 2609 α.
1020 2584 1116 2618 10861·
1139 2584 1176 2616 cf.
1201 2584 1248 2610 lib.
1266 2584 1290 2616 I,
1315 2594 1338 2610 c.
1357 2585 1384 2617 3,
1404 2594 1434 2618 p.
1456 2585 1522 2616 188,
1549 2585 1595 2609 ubi
1618 2584 1729 2615 dicii‘ur,

85 2632 237 2660 Henricum
260 2643 307 2660 sea:
326 2635 445 2668 proeliis
469 2644 529 2661 cum
552 2635 675 2661 hostibus
698 2636 868 2669 conjiioeissoe
892 2635 929 2668 cf.
954 2635 1001 2662 lib.
1026 2636 1066 2666 II,
1091 2644 1114 2663 c.
1141 2635 1189 2662 28.
1257 2635 1287 2667 3)
1310 2635 1391 2662 Haec
1413 2645 1467 2661 uon
1491 2639 1528 2661 est
1551 2645 1619 2662 vera
1643 2645 1729 2661 caum

81 2684 193 2717 proelii,
216 2686 265 2711 sed
286 2685 347 2719 illa,
372 2695 455 2719 quam
471 2689 495 2712 et
512 2687 683 2713 Bertlzoldus
699 2690 723 2713 et
739 2687 838 2713 Bruvo
861 2687 992 2719 afferunt.
1036 2687 1166 2721 Namque
1185 2686 1377 2719 (Berllzoldus,
1394 2687 1448 2715 ΞΝ.
1470 2687 1498 2719 V,
1513 2697 1542 2720 p.
1558 2687 1632 2720 31⁴2)
1649 2688 1730 2712 duces

84 2736 224 2768 praedicti
238 2736 308 2769 (scil.
326 2738 493 2764 Bertlzoldus
509 2740 534 2764 et
551 2738 654 2771 Welso)
670 2747 730 2764 cum
743 2739 925 2764 Alemarmz'ca
941 2738 1045 2764 militia
1060 2738 1121 2772 reyz'
1135 2737 1260 2770 Rudolfo
1277 2738 1310 2764 de
1322 2738 1451 2765 Sanmm'a
1468 2738 1621 2773 eqreelievzti
1635 2747 1727 2763 occur-

86 2794 148 2813 rere
170 2788 371 2815 deliberabant.
411 2789 468 2815 Sed
490 2789 541 2815 hoc
565 2790 674 2816 omnino
690 2798 740 2816 rex
756 2790 898 2816 Henricus
913 2799 973 2816 cum
990 2790 1110 2815 maximo
1130 2789 1252 2815 exercitu
1275 2790 1469 2822 interveniens,
1492 2799 1526 2815 ne
1543 2789 1610 2822 fieri
1628 2792 1729 2822 posset,

86 2837 262 2872 impediebat.
297 2841 423 2867 Eandem
448 2849 562 2867 causam
585 2841 667 2874 affert
689 2841 786 2867 Bruno
807 2841 875 2873 (SS.
893 2841 922 2874 V,
940 2850 970 2875 p.
985 2841 1054 2866 367.
1070 2841 1153 2874 368).
1221 2841 1250 2874 4)
1274 2841 1356 2874 Apud
1372 2841 1580 2867 Mellrichstadt
1597 2849 1624 2866 α.
1642 2840 1730 2866 1078,

1756 1729 1809 1746 meu

1752 1982 1902 2006 sfiGeuAAO.

1754 2035 1816 2055 1078.
