2132 3067
619 156 735 182 LIBER
758 156 809 182 DE
831 155 987 183 HONORE
1010 155 1227 183 ECCLESIAE.
1689 151 1750 181 595

553 244 656 275 wa
690 245 747 276 De
777 244 1008 276 Martiano»
1037 246 1301 286 imperatore.

207 306 407 337 Martianusb
437 306 531 337 etiam
563 304 760 335 catholicusc
790 306 965 346 imperator
996 311 1143 347 tempore
1172 307 1272 336 sancti
1302 305 1417 336 Leonis
1447 316 1550 347 papae
1580 304 1750 335 concilium

103 357 282 390 universale
298 358 508 397 congregavit
520 363 541 396 ¹,
565 362 596 387 et
612 357 732 387 sanetis
749 358 910 398 episcopis
936 368 969 387 se
987 356 1149 388 humiliter
1166 356 1316 388 subdens.
1341 358 1371 388 in
1397 357 1509 388 eodem
1527 355 1661 387 concilio
1679 366 1750 386 cum

103 421 220 452 magna
243 409 415 440 devotione
438 409 508 449 ipse
531 414 563 439 et
585 408 654 439 eius
678 409 840 439 coniunxe
865 419 955 438 suam
980 408 1076 439 fidem
1101 416 1330 449 exposuerunt.

72 508 84 528 5
341 492 462 523 LXII!
494 491 739 534 Exemplum
768 492 1031 523 obedientiae
1063 491 1206 522 Karoli
1240 493 1513 534 imperatoris.

207 552 349 585 Karolus
383 553 478 584 etiam
513 553 713 583 Francorum
749 564 816 591 res,
855 558 888 582 ut
926 558 1036 584 notum
1071 558 1150 592 est2,
1189 564 1260 583 cum
1296 553 1410 593 grandi
1446 552 1624 583 humilitate
1660 551 1752 582 beato

102 606 246 639 Adriano
285 616 390 647 papae
420 605 541 635 Romae
574 604 715 634 occurrit
755 609 787 634 et
820 603 1015 635 deosculatis
1049 603 1197 635 omnibus
1231 604 1387 645 gradibus
1427 605 1549 635 sanctih
1583 604 1678 642 Petri,
1713 601 1753 633 ad

103 669 209 701 genua
237 657 339 688 sancti
368 666 472 698 papae
503 654 715 697 provolvitur.
772 654 835 693 Qui
864 656 957 686 etiam
989 656 1136 686 civitates
1167 661 1198 686 et
1229 662 1342 695 castra,
1373 667 1454 697 quae
1485 668 1502 686 a
1534 653 1755 695 Longobardis

104 710 340 748 detinebantur,
367 706 498 738 brachio
520 707 595 738 forti
618 706 658 737 ab
683 706 729 736 eis
753 706 902 747 eripiens,
935 706 1038 737 eidem
1056 707 1119 738 Dei
1137 707 1282 748 apostolo
1306 708 1336 737 in
1354 713 1542 749 perpetuum
1561 705 1755 748 possidenda

60 774 85 794 ιο
103 762 251 794 restituit.
297 760 402 799 Quem
426 764 556 790 sanctus
578 768 665 800 papa
688 758 871 799 patritiumi
900 757 1078 788 Romanum
1104 759 1250 795 instituit,
1279 764 1310 789 et
1334 760 1379 789 sic
1403 759 1544 799 demum,
1570 765 1603 788 ut
1627 757 1755 796 dicitur,

104 812 349 846 succedentibus
373 811 537 853 prosperis
560 811 737 851 imperator
759 810 855 840 etiam
880 809 1098 840 Romanorum
1123 809 1257 841 levatur.

106 897 244 930 LXIIIJ*
278 895 355 927 Ubi
380 894 557 926 Karolus
587 895 834 936 imperator,
865 893 971 924 unde
1000 893 1049 925 ab
1073 893 1313 936 apostolico
1337 895 1583 924 ammonitus
1608 893 1755 931 fuerat,

702 944 919 976 emendare
943 945 1162 986 promittit.

209 1008 272 1041 Cui
295 1014 331 1040 ut
352 1007 480 1047 assolet,
504 1006 580 1038 dum
604 1005 809 1049 postmodum
834 1006 969 1036 nimium
994 1006 1140 1048 episcopi
1157 1005 1397 1044 blandiuntur1,
1423 1011 1454 1036 et
1477 1006 1545 1036 eius
1571 1007 1756 1035 comitatum

60 1073 86 1092 ιε»
104 1071 202 1104 supra
225 1059 356 1091 modum
379 1059 509 1099 adeunt,
533 1058 748 1101 reprehensus
772 1056 900 1097 exinde,
924 1058 994 1099 ipse
1019 1056 1126 1088 taliter
1149 1069 1182 1088 se
1206 1058 1390 1098 corrigensn
1414 1058 1496 1087 aitss:
1521 1057 1672 1088 Secunda.
1690 1058 1757 1087 vice

99 1118 239 1157 propter
273 1112 465 1154 ampliorem
499 1110 764 1142 abundantiam⁰
800 1109 981 1152 apostolica
1016 1111 1212 1140 auctoritate
1253 1114 1280 1140 et
1318 1109 1491 1140 multorum
1530 1111 1757 1149 episcoporum

107 1165 338 1197 ammonitione
368 1163 533 1203 instructi,
563 1167 751 1194 sanctorum
781 1173 905 1204 quoque
936 1172 1102 1192 canonum
1134 1161 1258 1202 requlis
1288 1161 1402 1199 edocti,
1434 1159 1583 1191 consultu
1612 1160 1758 1191 videlieet

106 1217 250 1250 omnium
279 1215 439 1247 nobilium
470 1219 656 1246 nostrorum
690 1218 811 1245 nosmet
840 1214 930 1254 ipsos
961 1213 1160 1254 corrigentes
1190 1214 1396 1254 posterisque
1430 1214 1548 1243 nostris
1582 1212 1755 1253 ememplum

106 1269 232 1308 dantes,
255 1267 412 1306 volumus,
435 1271 470 1298 ut
486 1265 598 1298 nullus
614 1265 766 1297 sacerdos
790 1266 825 1296 in
843 1265 960 1296 hostem
974 1269 1108 1306 perflat,
1133 1265 1201 1295 nisi
1224 1265 1288 1296 duo
1310 1265 1356 1295 vel
1379 1268 1442 1295 tres
1465 1265 1608 1306 episcopi
1632 1268 1755 1294 tantam

60 1331 87 1350 κο
105 1320 256 1352 electione
286 1323 463 1351 ceterorum
493 1322 627 1360 propter
654 1317 917 1358 benedictionem,
939 1316 1220 1358 praedicationem
1243 1315 1425 1357 populique
1449 1316 1758 1354 reconciliationem,

106 1377 134 1404 et
164 1383 236 1403 cum
264 1369 331 1403 illis
361 1371 451 1402 electi
479 1369 672 1409 sacerdotes,
704 1370 761 1412 qui
783 1369 882 1400 benev
911 1369 1037 1406 [sciant
1048 1372 1079 1406 q]
1104 1368 1243 1409 populis
1268 1368 1484 1409 penitentiam
1518 1368 1609 1407 dare,
1640 1368 1758 1398 missas

107 1423 277 1464 celebrare,
308 1422 347 1453 de
376 1422 521 1463 infirmis
549 1433 664 1453 curam
694 1421 810 1452 habere
839 1421 1027 1462 sacratique
1065 1419 1128 1451 olei
1157 1431 1227 1450 cum
1259 1421 1364 1451 sacris
1388 1419 1544 1460 precibus
1576 1419 1758 1450 unctionem

106 1475 302 1518 impendere,
325 1478 353 1505 et
376 1473 434 1505 hoc
456 1474 598 1504 maxime
619 1472 825 1514 praevidere,
849 1484 888 1503 ne
912 1473 982 1503 sine
1007 1472 1127 1503 viatico
1150 1472 1224 1513 quis
1249 1471 1287 1501 de
1310 1471 1416 1502 seculo
1439 1471 1578 1502 recedat.

680 1556 837 1588 LXIIII.k
870 1557 927 1588 De
959 1556 1099 1587 eadem
1132 1566 1181 1587 re.

60 1630 87 1650 25
212 1619 296 1651 Ecce
326 1618 464 1661 qualiter
493 1617 699 1649 venerandae
727 1617 902 1649 memoriae
926 1617 1067 1648 Karolus
1097 1615 1138 1647 ab
1163 1616 1342 1658 apostolica
1372 1615 1447 1647 sede
1476 1621 1507 1646 et
1538 1615 1608 1646 aliis
1639 1616 1758 1645 sanctis

106 1672 270 1716 episcopis
292 1669 516 1713 reprehensuS,
548 1670 624 1712 quia
646 1670 809 1712 episcopis
839 1670 974 1700 nimium
998 1669 1236 1707 dominabatur,
1268 1678 1330 1699 non
1361 1666 1499 1710 superbe
1527 1667 1608 1705 tulit,
1641 1666 1696 1697 sed
1725 1677 1758 1697 se

105 1723 370 1756 emendaturums
394 1722 570 1764 proferens,
594 1722 690 1753 etiam
715 1722 938 1752 auctoritatem
963 1719 1105 1762 protulit.

105 1808 225 1842 LXV.k
259 1806 496 1839 Admonitio
524 1807 837 1849 imperatorum,
871 1811 912 1837 ut
941 1810 1163 1847 sequantur
1198 1803 1546 1846 praecedentium
1582 1803 1756 1844 impera-

754 1863 880 1888 torum
911 1856 1108 1898 exempla.

59 1935 86 1954 so
211 1921 325 1962 Itaque
349 1924 381 1951 et
404 1919 504 1950 nostri
527 1919 682 1960 temporis
705 1919 928 1960 imperatores,
953 1929 1045 1959 reges
1069 1923 1101 1948 et
1124 1917 1288 1959 principes
1312 1927 1383 1948 eum
1408 1920 1593 1957 sequantur,
1619 1918 1649 1944 et
1674 1912 1757 1944 unde

106 1972 147 2005 ab
169 1971 350 2015 apostolica
373 1970 448 2002 sede
472 1975 504 2002 et
526 1971 598 2001 aliis
621 1971 739 2002 sanctis
755 1969 1046 2012 reprehenduntur,
1068 1980 1133 2000 non
1158 1968 1373 2010 superbiendo
1397 1967 1556 2004 resistant,
1581 1965 1636 1996 sed
1654 1965 1756 2005 magis

106 2036 175 2057 sese
199 2023 398 2055 humiliando
421 2022 603 2063 emendent,
628 2026 663 2053 ut
685 2021 806 2053 Christi
830 2022 965 2064 gratiam
990 2021 1134 2052 invenire
1159 2024 1351 2051 mereantur.

699 2106 835 2139 LXVI.k
870 2106 926 2138 De
957 2105 1093 2137 eadem
1123 2115 1171 2135 re.

213 2169 396 2211 Sequantur
419 2168 604 2210 exemplum
629 2167 843 2208 Constantini,
873 2168 925 2198 cui
947 2167 1050 2207 Deus,
1081 2167 1157 2207 quia
1185 2176 1219 2196 se
1243 2169 1370 2195 sanctae
1400 2161 1573 2193 aecclesiae
1604 2160 1758 2199 subdidit,

61 2234 88 2254 ³5
107 2232 234 2253 omnem
274 2220 408 2253 orbemu
442 2220 623 2251 Romanum
659 2231 700 2250 ex
735 2220 860 2261 integro
893 2217 1012 2249 habere
1048 2217 1217 2248 concessit.
1273 2216 1443 2246 Imitentur
1476 2212 1693 2244 Theodosium
1727 2218 1758 2243 et

107 2273 321 2304 Iustinianum
350 2271 495 2314 aliosque
521 2270 632 2303 fideles
661 2272 882 2313 imperatores,
913 2270 969 2313 qui
1001 2269 1170 2301 serviendo
1202 2272 1329 2298 sanctae
1360 2265 1536 2296 aecclesiae
1565 2275 1626 2295 non
1655 2264 1757 2294 solum

106 2331 268 2357 terrenum
291 2334 439 2366 regnum,
463 2323 521 2355 sed
545 2323 640 2354 etiam
665 2323 802 2355 caeleste
826 2326 1082 2365 promeruerunt.

218 2439 246 2471 a)
266 2440 340 2464 LXV
362 2438 388 2463 B
401 2440 424 2464 l.
500 2438 529 2470 b)
549 2439 632 2463 Marc.
653 2437 715 2462 BQ.
783 2436 810 2468 c)
830 2438 904 2462 kath.
925 2437 1000 2461 32³.
1069 2435 1095 2466 d)
1118 2435 1149 2461 E,
1170 2434 1187 2458 1.
1208 2436 1293 2465 apost.
1314 2432 1368 2457 des.
1388 2431 1450 2457 ΒΞ.
1517 2432 1541 2463 e)
1563 2431 1660 2455 coniux
1680 2427 1756 2454 Beb.

109 2486 133 2517 f)
151 2485 239 2511 LXVI
258 2485 284 2510 B
297 2486 320 2510 1.
414 2485 444 2517 g)
464 2484 505 2509 Ex
525 2498 558 2502 —
580 2492 666 2517 papae
686 2484 741 2509 dee.
761 2484 824 2509 ΒΞ.
926 2483 956 2513 h)
977 2483 1006 2506 P.
1028 2490 1047 2506 s.
1068 2481 1129 2505 Bl.
1232 2481 1254 2505 i)
1275 2478 1414 2511 patricium
1434 2477 1511 2501 32³.
1616 2476 1644 2507 k)
1666 2476 1756 2500 titulus

62 2537 90 2558 4⁰
109 2532 181 2558 decet
200 2531 226 2556 B
239 2533 262 2557 1.
338 2531 359 2558 l)
380 2539 448 2556 corr.
469 2540 501 2555 ex
521 2531 613 2563 pland.
633 2531 709 2555 32³.
786 2530 823 2557 m)
844 2530 884 2554 Ex
906 2543 938 2547 —
961 2532 1001 2553 est
1021 2528 1074 2552 des.
1097 2527 1157 2551 B‘J.
1226 2531 1256 2557 n)
1278 2525 1422 2556 corrigiens
1442 2523 1500 2548 Bi.
1568 2522 1596 2554 o)
1618 2523 1678 2547 hab.
1698 2522 1756 2546 Bl.

110 2578 141 2611 p)
162 2578 260 2603 debent
279 2577 343 2602 ΒΞ.
421 2577 450 2610 q)
470 2577 542 2602 deest
561 2577 637 2602 codd.
714 2576 738 2607 r)
759 2577 838 2600 Ratio
858 2575 978 2603 B1.2³;
1000 2574 1113 2598 Ratione
1135 2580 1179 2597 tex
1199 2571 1329 2596 abscisum
1338 2570 1360 2602 22)
1383 2570 1406 2595 B
1419 2567 1459 2594 2¹³.
1542 2569 1566 2601 s)
1588 2569 1757 2593 emendatum

112 2623 172 2649 B2.
248 2625 268 2656 t)
291 2624 370 2649 Ratio
388 2623 412 2648 B
425 2625 454 2654 1;
475 2624 546 2649 deest
566 2623 591 2648 B
603 2624 628 2648 2.
705 2624 733 2654 u)
754 2623 845 2647 urbem
866 2621 890 2645 R
905 2623 925 2645 l.

218 2723 246 2757 1)
271 2721 316 2755 Of.
338 2722 425 2748 Liber
446 2721 566 2755 Pontis„
590 2722 633 2748 ed.
657 2721 806 2748 Duchesne
829 2720 852 2751 I,
875 2728 905 2753 p.
923 2718 993 2744 238.
1076 2717 1105 2750 2)
1128 2716 1201 2745 Ibid.
1223 2725 1253 2750 p.
1271 2715 1329 2742 497
1348 2725 1388 2750 sq.
1470 2715 1499 2749 3]
1525 2713 1569 2747 Cf,
1596 2711 1692 2739 Caroli
1714 2711 1757 2737 Μ.

113 2773 206 2808 Capit.
229 2773 270 2805 (a.
289 2773 359 2800 769.
382 2774 426 2800 vel
445 2774 535 2807 paulo
555 2772 633 2807 post)
656 2782 679 2799 c.
700 2773 726 2805 l,
760 2771 851 2806 Capit.
876 2779 934 2805 req.
960 2770 1008 2796 Fr.
1032 2769 1057 2802 I,
1077 2777 1108 2803 p.
1126 2767 1175 2794 44.
1199 2768 1251 2801 S.;
1285 2767 1448 2794 Burchczrdi
1471 2767 1559 2792 Decr.
1583 2765 1607 2798 I,
1632 2774 1654 2790 c.
1680 2763 1757 2789 219.-

63 2832 90 2851 45
110 2823 180 2859 Cap.
204 2823 333 2851 eiusdem
355 2825 430 2859 (scil.
457 2825 555 2852 Caroli
576 2824 646 2858 M.).

1475 2872 1524 2895 τῇ*

1772 308 1833 335 Exd
1855 310 1920 334 libro
1943 318 2004 341 :ipo-

1819 347 1955 371 stolorum.

1774 556 1836 579 Ex&
1856 556 1910 579 vita
1930 556 2015 578 sancti

1784 592 1891 616 Adriani
1913 599 2007 623 papae.

1778 1011 1844 1034 Exffl
1866 1011 2008 1034 constituto

1798 1047 1888 1071 domni
1909 1047 2000 1070 Karoli

1778 1085 1857 1115 regis,
1883 1084 1952 1116 quod
1973 1092 2031 1115 pro-

1825 1121 1914 1145 batum
1937 1125 1983 1144 est.

1780 1619 1819 1642 Ex
1840 1619 1941 1642 ratione
1950 1621 1967 1642 Γ.

1777 2163 1817 2187 Ex
1837 2164 1940 2187 ratione
1950 2164 1966 2188 ¹.
