2132 3067
230 288 310 306 llaec-h.
323 288 356 309 17,

277 318 311 336 20.

236 352 264 370 vs.
276 353 293 370 1.
304 352 355 370 cor.

242 381 262 403 6,
273 382 292 399 υ,
306 382 339 400 10.

203 1038 285 1058 mrim.
293 1038 350 1062 2,19v

383 161 438 190 191⁴)
804 164 855 190 DE
878 160 1050 190 UNITATE
1071 163 1279 190 ECCLESIAE
1305 163 1600 191 CONSERVANDA.

378 253 536 283 Dominus
561 253 786 292 iuramentum,
811 251 897 294 quod
923 253 1044 283 fecerat
1068 251 1245 283 Sedeehias
1269 251 1539 294 regirssabylonis
1569 258 1600 284 et
1623 253 1747 283 irritum
1771 251 1902 293 fecerat,
1931 263 2024 284 suum

376 305 487 343 magis,
520 313 615 344 quam
646 302 775 334 alterius
807 304 922 334 fuisse:
957 304 1127 344 Morietur,
1158 305 1272 346 inquit,
1302 305 1339 335 in
1367 305 1667 345 praevaricatione,
1698 312 1764 345 qua
1795 304 1942 346 despexit
1959 315 2024 335 -me-

377 355 499 385 Pei-iuri
525 355 644 396 quippe
668 366 805 396 reqnum
832 355 894 386 Dei
917 367 982 387 non
1004 356 1227 397 possidebunt,
1251 356 1333 386 sicut
1354 355 1433 386 dicit
1455 355 1631 396 apostolus,
1656 355 1754 385 immo
1770 365 1827 396 per
1842 354 2025 396 apostolum

377 406 545 444 Dominus,
577 407 629 447 qui
663 405 758 448 plane
787 407 881 438 beato
914 407 1006 439 Petro
1038 413 1069 438 et
1097 408 1129 438 in
1159 408 1229 448 ipso
1261 413 1392 438 sanctae
1421 406 1576 437 ecelesiae
1599 405 1688 437 dedit
1710 407 1761 436 ius
1784 405 1905 446 ligandi
1929 412 2026 449 atque

374 457 529 490 solvendi.
559 457 615 488 sed
638 457 767 488 vincula
791 466 1007 499 peccatorum,
1039 470 1102 490 non
1133 466 1167 490 ut
1191 458 1327 490 solveret
1351 464 1553 489 sacramenta
1576 457 1756 488 divinarum
1783 458 2026 499 seripturarum.
2046 470 2059 490 5

375 510 469 549 Quod
495 511 564 550 ipse
588 510 683 540 etiam
709 510 916 541 confirmasse
939 510 1060 551 legitur
1082 517 1211 541 sanctus
1235 510 1349 541 Petrus
1378 511 1409 540 in
1433 509 1515 540 libro
1539 508 1579 539 de
1603 509 1806 540 ordinatione
1829 510 1932 540 sancti
1956 508 2027 541 Cle.-

374 563 500 599 mentis,
530 561 583 592 ubi
617 561 823 592 commendat
854 561 932 592 haec
964 561 1136 603 diligenter
1159 561 1362 593 observanda
1393 560 1543 592 omnibus
1573 561 1770 592 christianis:
1803 560 2026 591 Verumtamen

373 613 468 653 illud,
492 613 640 654 inquiens
653 619 672 653 ¹,
695 618 740 644 est
756 614 841 655 quod
861 625 946 655 prae
963 615 1099 645 caeteris
1113 614 1190 652 [ab]
1206 614 1355 644 omnibus
1380 613 1468 644 vobis
1485 614 1582 654 cupio
1598 614 1634 644 in
1651 624 1818 643 commune
1832 613 1969 650 servari,
1993 617 2029 643 ut

373 665 583 696 concordiam
613 666 758 703 teneatis,
786 676 850 706 per
872 666 959 706 quod
981 665 1084 696 solum
1104 667 1239 706 potestis
1259 669 1387 707 portum
1414 665 1532 705 quietis
1555 666 1682 695 intrare
1704 668 1733 694 et
1755 664 2028 705 civz'tatem.v·e9is

373 717 501 756 summi,
525 728 608 757 quae
630 727 701 757 pam
725 718 927 747 nominatur.
969 717 1154 748 Clementem
1167 722 1178 738 ²
1202 722 1308 747 autem
1328 716 1414 746 lzunc
1431 717 1620 757 episcopum
1637 715 1724 746 vobis
1740 715 1856 746 ordino
1872 720 1900 746 et
1915 715 2028 746 datam
2048 727 2075 746 ιο

372 769 454 799 mihi
479 780 498 798 a
524 768 664 799 Domino
686 773 874 808 potestatem
899 769 1033 810 liqandi
1057 774 1083 800 et
1107 768 1253 800 solvendi
1275 769 1382 806 trado,
1407 773 1442 798 ut
1465 767 1504 798 de
1528 766 1677 798 omnibus
1694 777 1906 808 quaecunque
1922 767 2028 798 decre-

373 821 452 851 verit
475 820 511 850 in
536 821 644 859 terris,
667 820 724 850 hoc
742 820 901 850 decretum
927 821 968 850 sit
993 825 1020 851 et
1044 821 1078 851 in
1096 820 1206 852 caelis.
1241 820 1373 861 Liyubit
1394 821 1477 850 enim
1495 819 1580 860 quod
1598 824 1721 861 oportet
1742 818 1857 860 hym-i,
1881 822 1909 848 et
1931 817 2028 849 solvet

372 871 459 913 quod
481 871 612 912 eamedit
636 870 748 910 solviss,
772 876 931 913 tanquam
955 873 1013 913 qui
1037 873 1081 903 ad
1101 873 1264 914 liquidum
1281 872 1433 902 ecclesiae
1449 870 1598 912 regulam
1615 872 1748 902 noverit.
1784 869 1883 910 Ecce,
1900 868 2027 911 qualem

372 928 502 953 sanetus
535 923 648 953 Petrus
672 933 690 952 a.
715 922 855 953 Domino
880 930 1071 964 potestatem
1096 923 1222 965 aceepit
1245 922 1366 964 ligandi
1389 929 1486 965 atque
1510 921 1668 961 solvendi,
1696 921 1794 952 talem
1818 926 1850 952 et
1872 921 1942 962 ipse
1965 925 2028 952 tra-

373 974 455 1005 didit
477 974 546 1004 eius
571 975 758 1012 successori,
789 973 912 1006 scilicet
935 975 965 1005 in
991 975 1049 1014 liis,
1073 986 1156 1017 quae
1180 981 1307 1017 oportet
1330 974 1424 1015 ligari
1449 980 1479 1004 et
1503 984 1585 1015 quae
1612 973 1747 1015 expedit
1777 972 1869 1012 solvi,
1898 983 1962 1003 non
1993 977 2029 1004 ut
2048 985 2074 1005 ιε

373 1025 476 1057 solvat
498 1025 615 1067 aliquis
639 1026 832 1067 scripturam
852 1026 995 1066 Domini,
1020 1037 1102 1068 quae
1127 1037 1189 1057 non
1207 1032 1313 1068 potest
1330 1025 1393 1056 ulla
1410 1026 1528 1057 virtute
1552 1024 1700 1065 convelli,
1725 1025 1877 1067 quoniam
1891 1024 2028 1064 firmum

269 1085 350 1111 ‘pem
363 1077 624 1118 fundamentum
650 1077 712 1107 Dei
735 1083 810 1117 stat,
833 1078 914 1108 sicut
937 1078 1103 1120 apostolus
1128 1078 1289 1109 ‘affirmat
1342 1077 1383 1109 Et
1407 1083 1579 1119 propterea
1603 1077 1672 1119 ipse
1696 1082 1826 1108 sanctus
1850 1076 1966 1107 Petrus
1987 1075 2027 1107 de

224 1438 306 1458 mech.
319 1439 351 1458 17.

242 1468 274 1487 15.
286 1470 320 1486 11⁸.

372 1128 491 1160 talibus
508 1129 668 1159 instruens
686 1128 813 1160 beatum
833 1128 1031 1161 Clementem
1057 1136 1088 1161 et
1110 1141 1166 1171 per
1189 1140 1262 1160 eum
1287 1140 1398 1160 omnes
1422 1139 1625 1160 successores
1646 1139 1734 1167 suos,
1757 1128 1873 1170 repetit
1888 1132 1920 1159 et
1933 1127 2028 1159 dicit:

379 1181 438 1221 Tu,
462 1181 620 1222 inquiens,
645 1185 680 1211 ut
703 1181 788 1220 dimi,
811 1193 893 1223 quae
917 1186 1042 1221 oportet
1062 1182 1195 1222 liqabis,
1220 1187 1247 1212 et
1270 1192 1354 1223 quae
1376 1181 1508 1221 expedit
1530 1180 1641 1211 solves.
1680 1179 1733 1210 Ex
1755 1178 1804 1210 his
1828 1184 1912 1211 certe
1929 1179 2028 1210 omni·

372 1232 432 1263 bus
456 1231 659 1262 manifestum
685 1238 734 1262 est
757 1231 977 1273 supradictum
1002 1243 1120 1274 papam
1144 1231 1404 1264 Hildebrandum
1428 1232 1547 1262 iniuste
1570 1232 1690 1273 pariter
1712 1236 1744 1263 et
1766 1231 1899 1273 indigne
1926 1231 2028 1273 impo·
2045 1243 2075 1262 πο

372 1285 474 1315 suisse
505 1283 586 1314 hanc
615 1289 723 1314 notam
749 1283 799 1314 vel
823 1283 1000 1315 Zachariae
1024 1283 1074 1315 vel
1098 1284 1274 1326 Stephano,
1305 1283 1465 1325 religiosis
1493 1284 1605 1324 utique
1629 1282 1839 1324 pontificibus
1863 1282 2028 1314 Romanae

372 1334 536 1374 ecclesiae,
563 1340 596 1366 ut
619 1334 755 1365 alieuius
779 1335 893 1366 horum
917 1335 1067 1377 exemplo
1091 1335 1141 1367 vel
1173 1335 1268 1367 ullius
1292 1346 1404 1366 sacrae
1429 1336 1607 1377 scripturae
1630 1335 1815 1365 testimonio
1842 1339 1951 1376 posset
1973 1334 2028 1366 ab·

372 1387 495 1418 solvere
518 1397 537 1417 a
560 1387 750 1425 iuramento,
774 1397 838 1428 quo
862 1386 958 1418 fldem
976 1387 1162 1419 iuraverant
1178 1388 1246 1429 regi
1264 1398 1332 1427 suo,
1356 1387 1408 1418 vel
1425 1387 1589 1429 principes
1605 1385 1655 1417 vel
1672 1385 1788 1418 milites
1804 1386 1850 1417 rei
1867 1385 2026 1428 publicae.

375 1437 440 1474 Qui
463 1439 547 1469 enim
573 1438 667 1469 solvit
687 1444 828 1480 paetum,
852 1440 1008 1480 nunquid
1031 1439 1184 1481 effugiet?
1238 1439 1313 1470 Vivo
1337 1450 1406 1481 eqo,
1436 1439 1516 1470 dicit
1543 1439 1715 1478 Dominus,
1745 1439 1904 1480 quoniam
1931 1439 2025 1470 iura-

372 1495 522 1529 mentum,
544 1491 629 1532 quod
652 1492 786 1532 sprevit,
810 1495 838 1521 et
857 1495 1004 1531 pactum,
1029 1491 1116 1532 quod
1136 1492 1393 1532 praevaricatus
1417 1496 1470 1528 est,
1490 1502 1617 1531 ponam
1641 1491 1676 1521 in
1700 1495 1800 1531 caput
1822 1490 1902 1521 eius.
2047 1502 2076 1522 25

477 1543 506 1573 ἵ).
542 1542 697 1583 Sequitur
722 1543 753 1572 in
778 1541 964 1583 supradicta
982 1541 1196 1574 Hildebrandi
1213 1553 1317 1584 papae
1334 1543 1495 1584 scriptura
1512 1541 1670 1573 eiusmodi
1687 1542 1917 1581 testimonium,
1939 1540 2027 1584 quod

371 1593 490 1635 legitur
519 1594 551 1624 in
575 1593 657 1624 libro
686 1593 726 1624 de
749 1593 951 1625 ordinatione
983 1595 1084 1625 sancti
1109 1594 1284 1625 Clementis
1315 1595 1444 1625 beatum
1470 1594 1600 1624 Petrum
1630 1593 1774 1624 dixisse*
1795 1592 1836 1624 ad
1860 1593 2028 1635 populum,

371 1652 415 1686 ut,
439 1646 465 1676 si
483 1645 630 1687 pontifex
648 1645 812 1676 Romanus
828 1645 925 1676 alicui
943 1645 1084 1677 offensus
1108 1646 1203 1677 fuerit
1227 1657 1286 1688 pro
1303 1645 1429 1677 delictis
1445 1647 1521 1684 suis,
1545 1647 1660 1677 caeteri
1678 1656 1741 1676 non
1758 1645 1898 1676 debeant
1913 1645 1941 1676 ei
1958 1655 2028 1676 esse

371 1698 465 1728 amici
497 1696 547 1728 vel
576 1708 648 1728 eum
679 1697 808 1739 alloqui,
838 1697 958 1739 alioqui
989 1709 1087 1728 unum
1116 1709 1186 1730 esse
1217 1709 1258 1729 ex
1290 1697 1361 1737 illis,
1392 1698 1448 1740 qui
1479 1699 1695 1728 exterminare
1718 1697 1832 1728 volunt
1859 1696 2027 1729 ecclesiam

371 1749 503 1787 Christi,
527 1749 674 1791 quisquis
697 1750 820 1780 amicus
844 1750 941 1780 fuerit
963 1750 991 1781 ei
1016 1751 1070 1792 qui
1095 1756 1143 1781 est
1167 1749 1362 1781 huiusmodi.
1401 1749 1495 1781 Certe
1519 1760 1581 1780 non
1603 1749 1687 1780 dixit
1703 1749 1763 1780 hoc
1781 1747 1895 1780 beatus
1912 1748 2028 1780 Petrus
2047 1761 2075 1781 ³⁰

371 1800 410 1832 de
435 1800 579 1842 quolibet
602 1812 678 1841 rege
702 1800 752 1832 vel
777 1801 982 1842 imperatore,
1015 1801 1070 1832 sed
1102 1813 1160 1844 per
1189 1801 1266 1833 haec
1295 1802 1372 1833 facit
1404 1801 1582 1843 quemlibet
1610 1801 1650 1832 de
1680 1801 1775 1832 turba
1797 1800 1909 1842 populi
1932 1801 2028 1832 eitius

370 1853 476 1884 redire
499 1852 539 1883 ad
565 1853 816 1883 satisfactionem
843 1853 1071 1894 poenitentiae,
1096 1853 1224 1896 quando
1247 1853 1364 1885 viderit
1389 1865 1422 1884 se
1445 1853 1634 1884 destitutum
1659 1864 1729 1884 esse
1753 1853 1931 1884 amicorum
1955 1863 2027 1884 suo—

371 1916 440 1935 rum
465 1905 628 1943 societate,
659 1903 820 1946 colloquio
845 1911 876 1936 et
898 1916 1018 1936 amore.
1064 1905 1157 1944 Nam,
1190 1911 1226 1936 ut
1255 1905 1431 1947 quemlibet
1459 1904 1669 1936 christianum
1693 1916 1800 1946 regem
1826 1904 2027 1946 praetermit—

269 1974 272 1985 ι
301 1971 304 1977 ’
346 1984 349 1987 .
369 1962 484 1995 tamus,
509 1967 585 1988 ecce
609 1955 687 1997 quid
711 1967 770 1998 pro
794 1957 987 1998 impiissimo
1011 1958 1107 1987 etiam
1125 1956 1251 1988 Nerone
1268 1957 1382 1988 scribit
1397 1957 1466 1998 ipse
1483 1962 1612 1988 sanctus
1630 1957 1761 1988 Petrus:
1790 1957 1896 1988 Deum
1911 1957 2024 1996 timete,

234 2321 351 2343 1.'l‘1w.‘.',

261 2350 321 2367 lrvt,

273 2484 307 2507 Π).
320 2486 351 2504 11.

218 2534 272 2552 Rom
292 2534 351 2556 1ἶι,1.

204 2587 284 2605 riu-ir.
294 2587 352 2609 zm.

369 2020 473 2050 reyem
499 2008 723 2048 honorificate,
746 2008 867 2040 seilicet
887 2014 922 2039 ut
938 2010 970 2039 in
988 2008 1048 2039 hoc
1065 2010 1161 2040 timor
1179 2009 1239 2039 Dei
1256 2008 1497 2050 comprobetur,
1521 2009 1546 2039 si
1564 2007 1699 2050 quilibet
1715 2019 1772 2039 rex
1788 2007 2025 2039 honorificetur.
2043 2018 2071 2039 ss

279 2071 289 2079 ··
305 2064 349 2110 '²72'-
373 2060 553 2101 carissimi,
576 2061 691 2102 inquit,
715 2061 850 2091 subiecti
865 2065 959 2091 estote
975 2063 1063 2092 omni
1078 2061 1244 2092 humanae
1259 2065 1431 2091 creaturae
1451 2065 1588 2102 propter
1604 2060 1720 2101 Deum,
1743 2061 1808 2091 sive
1824 2061 1906 2102 reyi,
1929 2060 2026 2102 quasi

331 2107 334 2111 ’
367 2112 592 2154 praecellenti,
621 2114 689 2143 sive
711 2112 863 2152 ducibus,
894 2117 1053 2154 tauquam
1082 2113 1121 2143 ab
1144 2124 1179 2143 eo
1202 2113 1311 2143 missis
1335 2113 1378 2143 ad
1401 2112 1581 2143 vindictam
1606 2111 1864 2153 malefactorum,
1893 2110 2025 2143 laudem

370 2175 444 2194 vero
468 2164 635 2202 bonorum,
666 2165 744 2206 quia
767 2165 816 2195 sic
838 2163 991 2195 voluntas
1014 2164 1079 2195 Dei
1101 2168 1156 2203 est,
1186 2168 1220 2194 ¹ut
1243 2163 1478 2204 benefacientes
1502 2163 1714 2194 obmutescere
1731 2163 1877 2203 faciatis
1898 2163 2026 2205 impru-

372 2215 515 2245 dentium
548 2215 711 2246 hominum
740 2216 978 2256 iynorantiam,
1006 2216 1105 2257 quasi
1130 2215 1236 2255 liberi,
1267 2220 1294 2245 et
1321 2227 1385 2247 non
1415 2216 1514 2258 quasi
1536 2214 1681 2246 velamen
1705 2215 1857 2247 habentes
1879 2214 2026 2246 malitiae

371 2266 559 2307 libertatem,
589 2267 645 2297 scd
672 2268 758 2298 sicut
786 2268 872 2298 servi
895 2268 968 2298 Dei.
1018 2267 1136 2299 Omnes
1159 2267 1327 2307 honorate,
1347 2267 1595 2308 fraternitatem
1621 2267 1758 2309 diligite,
1782 2266 1888 2298 Deum
1911 2267 2025 2307 timete,
2043 2277 2072 2297 ⁴0

370 2329 475 2358 renem
500 2318 721 2357 honorificate.
759 2318 801 2349 Et
825 2318 939 2350 beatus
957 2318 1084 2361 quidem
1102 2317 1268 2360 apostolus
1286 2317 1422 2351 Paulus:
1452 2319 1598 2359 Obsecro,
1621 2318 1736 2360 inquit,
1755 2319 1868 2359 primo
1883 2319 2026 2350 omnium

365 2369 443 2408 fieri
466 2369 711 2409 obs-rorationes,
735 2371 908 2410 orationes,
931 2371 1180 2412 postulationes,
1204 2372 1393 2412 gratiarum.
1418 2372 1562 2401 actiones
1583 2381 1646 2411 pro
1667 2370 1814 2402 omnibus
1829 2370 2025 2409 hominibus,

370 2432 433 2460 1)Γο
458 2421 587 2460 ‘rombus
611 2427 638 2451 et
662 2422 809 2452 caninibus
833 2423 890 2463 qui.
914 2423 947 2453 in
965 2421 1160 2453 sublimitate
1177 2428 1261 2459 sunt,
1288 2427 1320 2452 ut
1337 2424 1477 2464 quietam
1496 2427 1522 2452 et
1538 2422 1752 2464 tranquillam
1770 2423 1868 2453 vitam
1886 2432 2027 2463 aqamus

374 2472 409 2501 in.
435 2473 520 2501 [unni
540 2473 662 2511 pirtutoe
686 2478 712 2502 et
738 2474 916 2512 ‘castitate;
941 2474 999 2504 hoc
1029 2475 1111 2504 enim
1137 2474 1255 2504 bonum
1280 2479 1307 2505 et
1332 2479 1498 2515 acceptum
1522 2479 1567 2504 est
1591 2485 1701 2505 coram
1729 2473 1893 2505 salvatore
1915 2478 2026 2504 nostro

374 2522 454 2559 Deo,
490 2524 546 2563 qni
581 2535 688 2553 omnes
719 2525 862 2555 homines
896 2526 961 2556 cult
990 2525 1095 2556 salvos
1119 2526 1199 2565 fieri
1230 2531 1257 2556 et
1288 2526 1333 2556 ad
1365 2526 1566 2567 agnitionem
1600 2526 1746 2556 veritatis
1777 2526 1896 2557 venire.
1948 2524 2023 2556 Non
2042 2535 2071 2563 41}

373 2575 457 2604 enim
479 2578 625 2614 potestas
648 2576 716 2604 nisi
739 2588 757 2603 a
782 2576 869 2614 Deo;
901 2588 985 2617 quae
1010 2582 1115 2607 antem
1139 2582 1226 2615 sunt,
1250 2578 1407 2608 ordinata
1431 2583 1508 2608 sunt
1531 2589 1550 2607 a
1577 2577 1656 2617 Deo,
1680 2577 1725 2607 ad
1748 2576 1929 2608 vindictam
1951 2577 2023 2619 qui-

372 2626 442 2656 dem
465 2625 637 2665 malorum,
660 2625 788 2656 laudem
815 2639 886 2657 rei-0
910 2628 1075 2659 bonorum.
1115 2628 1156 2659 Et
1173 2635 1298 2659 caetera
1322 2640 1404 2671 quae
1428 2627 1513 2659 dicta
1537 2634 1609 2660 sunt
1633 2639 1742 2670 supra.
1781 2627 1846 2659 Sed
1861 2627 1923 2659 alia
1938 2638 2025 2660 nunc

484 2726 510 2759 1)
534 2727 623 2760 Epist.
643 2727 788 2752 Clementis
812 2728 850 2753 ad
867 2728 996 2753 lucabum
1021 2738 1044 2756 c.
1067 2730 1110 2760 13,
1136 2730 1178 2755 ed.
1198 2730 1350 2755 Hinschius
1370 2739 1400 2763 p.
1420 2730 1468 2756 34.
1537 2729 1566 2763 ⁴2)
1591 2730 1620 2755 C.
1636 2730 1663 2762 2,
1684 2738 1714 2764 p.
1730 2730 1779 2755 31.
1846 2728 1876 2764 3)
1899 2729 2022 2756 Graece:

374 2774 462 2804 &rost
484 2773 543 2815 γάρ
569 2771 586 2803 ’ὁ
611 2774 660 2804 δεῖ
684 2776 824 2812 δεθῆναι,
848 2777 898 2805 καὶ
923 2775 1006 2806 λύσει
1033 2774 1050 2806 ὃ
1075 2779 1122 2807 δεῖ
1146 2778 1288 2808 λιθῖηάι.
1398 2782 1426 2808 41
1451 2781 1539 2815 Epist.
1567 2781 1715 2807 Clementis
1738 2781 1777 2807 ad
1800 2780 1942 2814 Iacobum,
1966 2780 1986 2807 l.
2002 2779 2021 2806 l.

371 2839 401 2863 p.
426 2830 474 2855 36.
2041 2836 2069 2858 ⁶0
