2132 3067
421 128 629 156 SIGEBERTI
654 128 831 156 MONACHI
854 128 1143 156 GEMBLACENSIS
1166 129 1373 159 APOLOGIA.
1663 128 1725 159 439

73 218 194 262 placuit
223 217 372 259 capitula,
404 223 483 248 suaa
506 218 698 249 auctoritate
726 217 935 249 defendentes
958 218 1135 258 vesaniam,
1165 218 1244 249 nihil
1268 225 1316 250 est
1339 219 1425 261 quod
1450 225 1560 252 contra
1583 222 1724 263 proposi-

71 270 158 302 tum¹³
182 269 424 300 christianitatis
448 280 513 300 non
537 269 680 301 audeant
703 268 858 300 ecclesiae
882 270 1036 310 mysteria
1060 275 1276 311 contemnere,
1300 270 1452 313 parvulos
1475 283 1550 303 suos
1575 272 1725 304 lavacroe

70 321 200 353 salutari
223 321 387 361 fraudare3
413 321 475 363 ipsi
499 320 623 363 absque
640 320 751 352 humili
769 325 977 362 peccatorum
995 322 1195 353 confessione
1219 328 1250 352 et
1274 322 1418 354 sollemni
1436 323 1591 355 ecclesiae
1607 325 1726 356 viatico

71 374 208 415 migrare
231 371 417 414 religiosum
443 372 609 414 deputant,
637 372 699 403 sibi
723 372 764 403 ad
789 378 995 414 peccatorum
1021 372 1275 414 redemptionem
1301 374 1449 406 sufficere
1472 375 1676 417 arbitrantes,
1700 377 1725 407 si

39 439 52 459 5
71 425 275 456 commissum
300 424 360 455 sibi
385 425 417 454 in
442 429 587 466 pastores
611 435 686 455 suos
708 424 873 455 saeviendi
899 424 1039 455 officium
1064 429 1194 456 strenue
1218 425 1430 467 adimpleant.

173 476 203 507 3.
248 475 283 506 Si
306 481 413 507 autem
430 477 568 518 quaeris,
593 474 686 506 talisd
710 475 834 506 fructus
858 487 876 507 a
892 481 976 518 quae
1001 475 1111 507 radice
1128 475 1373 517 pullulaveritf:
1397 477 1448 509 lex
1472 477 1512 509 ad
1537 478 1637 510 laicos
1654 490 1725 520 pro-

71 528 245 570 mulgata¹‚
275 538 339 570 qua
369 528 526 569 imperitis
556 538 748 568 persuasum
778 532 826 558 est
854 529 1099 568 coniugatorum
1131 528 1336 559 sacerdotum
1363 530 1477 560 missas
1511 536 1541 561 et
1564 541 1725 572 quaecun-

71 591 133 623 que
157 591 214 622 per
236 590 291 610 eos
314 578 488 620 implentur
511 579 666 620 mysteria
688 578 842 620 fugienda
874 590 953 617 esse,
985 580 1016 609 in
1048 579 1247 621 reipublicae
1280 585 1408 611 nostrae
1441 588 1586 612 ornatum
1618 582 1727 614 istud&

71 629 220 672 adiecit.]
250 631 402 672 Denique
437 631 565 661 statutis
600 630 702 671 horis,
738 641 810 662 cuin
846 630 1016 662 sollemnih
1047 632 1246 663 invitationis
1278 633 1370 673 signo
1402 632 1459 664 adi
1494 633 1726 676 redemptionis
1778 633 1825 669 <’ζ“

28 700 54 719 10
71 687 306 716 sacramentum
337 682 419 713 filios
450 693 526 713 suos
558 687 660 713 mater
689 683 804 713 invitat
835 681 978 721 ecclesia,
1010 682 1105 714 dictis
1132 684 1220 725 prius
1251 684 1282 714 in
1307 689 1415 715 sancta
1440 691 1621 716 sanctorum
1647 696 1726 727 quas

70 735 197 768 recitari
219 734 389 775 indignum
415 738 464 765 est
487 733 689 765 contumeliis
707 733 749 765 ad
765 733 921 765 ecclesiae
940 735 1145 765 ministrumk
1161 736 1309 766 conversi
1335 736 1380 766 sic
1405 736 1570 778 inquiunt:
1595 737 1726 768 ‘Tecum

71 788 112 819 sit
126 787 298 826 Dominus,
323 785 485 828 quomodo
508 797 567 816 nos
590 785 687 817 talem
708 785 825 817 lectum
840 786 860 826 ¹,
885 785 980 817 talem
998 791 1176 817 somnumm
1195 787 1293 818 missa
1318 792 1372 818 tua
1389 788 1622 819 nmtal)inms‘?⁷
1664 789 1727 820 Etn

71 840 97 870 si
120 839 192 882 quis
217 843 274 877 est,
298 839 353 880 qui
377 837 509 869 domum
534 838 688 869 orationis
716 844 777 869 eo⁰
801 842 946 879 tempore
975 837 1063 868 adire
1087 848 1265 879 congruum
1290 840 1465 878 existimat,
1496 840 1584 881 prius
1615 841 1727 871 irrisus

70 896 102 923 et
123 891 318 932 increpatus,
343 889 498 921 tandem?
523 896 594 921 estq
617 891 829 921 auctoritater
848 888 1028 931 apostolica
1051 890 1257 931 ammonitus,
1282 890 1313 920 in
1329 889 1446 921 lectum
1464 892 1573 922 stratis
1589 893 1726 922 versatis

25 958 52 978 ιι,
71 954 104 974 se
130 942 308 984 recipiens,
340 953 380 973 ne
409 942 442 972 in
466 941 657 983 religionem
685 946 808 984 peccet.
856 941 1041 972 Somnumm
1073 952 1136 983 quo
1169 942 1231 972 iam
1263 941 1376 983 plenus
1400 947 1463 982 est,
1496 943 1724 985 qualicumque

70 999 175 1037 potest
197 993 367 1025 mollicieiS
393 993 529 1024 artificio
553 993 715 1024 reinvitat.
760 993 803 1024 Et
826 1004 884 1024 nos
908 993 1039 1035 quidem
1063 997 1137 1024 ante
1162 992 1241 1024 haee
1267 994 1435 1025 doctorum
1468 999 1614 1036 tempora
1638 1000 1727 1036 puta-

71 1047 184 1079 bamus
215 1046 330 1077 missas
361 1044 432 1076 illas
461 1051 493 1077 et
523 1045 642 1077 similia
673 1056 754 1087 quae
785 1056 843 1087 per
867 1051 1068 1076 sacramenta
1092 1045 1123 1075 in
1148 1044 1285 1077 ecclesia
1308 1052 1464 1086 ger-nutui
1485 1057 1590 1088 neque
1616 1057 1725 1078 eorum

71 1110 127 1140 per
149 1109 230 1141 quos
253 1097 549 1129 amministranturt
568 1097 632 1128 dici
657 1097 785 1138 debere,
810 1107 916 1139 neque
934 1103 996 1128 ex⁰
1014 1107 1124 1128 eorum
1142 1098 1411 1138 perveisitatibus
1435 1098 1555 1140 aliquid
1575 1099 1726 1140 contagii,

70 1149 154 1182 unde
176 1150 291 1181 melito
320 1148 408 1191 apud
437 1148 582 1180 fidelium
606 1154 740 1189 mentes,
771 1150 864 1192 quasi
893 1149 1019 1180 minusu
1042 1149 1083 1179 ad
1108 1148 1242 1180 salutem
1268 1149 1472 1190 sufficientia,
1496 1149 1650 1181 vilescere
1675 1150 1727 1181 de-

24 1216 51 1236 20
70 1202 177 1242 beant,
200 1200 389 1233 contrahere
413 1211 519 1243 posse.
567 1200 664 1240 Quod
687 1202 714 1232 si
740 1202 783 1232 ita
807 1207 865 1242 est,
890 1202 988 1232 immo
1006 1201 1081 1242 quia
1099 1201 1144 1232 ita
1160 1206 1219 1241 est,
1243 1200 1352 1232 videat
1376 1202 1430 1244 qui
1455 1206 1562 1243 potest
1584 1213 1727 1233 necessa-

69 1254 149 1285 riam
172 1253 224 1285 vel
247 1252 471 1285 rationabilem
496 1251 614 1283 huiusv
637 1253 734 1285 edicti
758 1264 902 1284 causam:
932 1264 1021 1284 meae
1045 1260 1151 1284 autem
1177 1263 1250 1284 cum
1274 1252 1409 1284 multum
1435 1264 1505 1284 eam
1530 1264 1726 1296 quaererem,

70 1304 176 1337 nullus
198 1305 231 1336 in
254 1305 314 1336 hac
337 1310 429 1347 parte
453 1305 641 1336 satisfacere
665 1305 782 1346 potuit,
806 1304 856 1336 vel
880 1305 1112 1347 expectationi,
1136 1304 1186 1335 vel
1211 1304 1365 1336 tarditati.

152 1358 182 1389 4.
220 1357 265 1389 Ut
286 1361 426 1388 autemw
450 1367 517 1396 eas,
543 1356 662 1398 quibus
685 1356 727 1388 ad
750 1357 832 1388 hanc
856 1368 923 1388 rein
947 1356 1193 1398 approbandam
1219 1357 1335 1398 spiritu
1352 1356 1415 1388 Dei
1441 1362 1633 1398 suggerente
1657 1368 1727 1399 par-

69 1409 150 1441 vitas
180 1413 290 1441 nostra
319 1408 485 1447 exuberat
515 1409 656 1440 rationes
687 1409 814 1440 interim
848 1409 1101 1450 supplimamus,
1133 1408 1260 1439 stultior
1288 1419 1328 1439 an
1358 1408 1530 1451 superbior
1561 1409 1602 1439 sit
1624 1409 1728 1440 viator

26 1475 52 1495 25
70 1461 190 1500 neseio,
213 1461 267 1503 qui
292 1465 424 1503 propter
444 1460 626 1504 adiacentis
643 1459 767 1491 vasculi
790 1460 945 1492 vilitatem
970 1460 1218 1491 saluberlimum
1243 1466 1274 1491 et
1297 1461 1507 1502 pulissimum
1531 1460 1650 1491 fontem
1668 1459 1727 1491 sub

72 1512 184 1544 ardore
206 1517 239 1544 et
261 1512 315 1544 siti
338 1511 520 1554 despiciens
544 1504 706 1554 praetei‘fflit
752 1513 840 1544 Iuste
866 1513 974 1543 omni*
998 1517 1143 1554 tempore
1167 1511 1321 1553 langueat
1345 1513 1401 1555 qui
1426 1512 1566 1544 oblatam
1591 1512 1727 1543 certissi-

72 1575 142 1596 mae
165 1565 312 1596 sanitatis
329 1564 492 1606 potionem
510 1569 647 1605 recusat,
671 1575 730 1606 pro
754 1575 791 1595 eo
816 1564 925 1606 quod>
948 1564 1083 1595 forsitan
1103 1563 1270 1595 scabiosus
1295 1568 1343 1595 est
1366 1565 1420 1606 qui
1444 1563 1552 1595 illamz
1577 1564 1727 1606 porrigit:
1746 1551 1803 1589 A

73 1615 148 1648 seda
171 1616 298 1648 dicente
321 1616 416 1648 beato
439 1616 657 1657 Augustino2,
680 1621 714 1648 ut
738 1617 769 1647 in
794 1615 914 1647 talibus
937 1617 1098 1647 rationem
1120 1615 1300 1657 praecedat
1324 1617 1516 1656 auctoritas,
1541 1615 1591 1647 vel
1616 1626 1727 1658 supe}

72 1666 171 1699 fluum
192 1667 355 1701 videbitur
377 1668 428 1700 vel
451 1668 656 1700 temerarium
686 1668 768 1699 nosb
794 1667 917 1710 aliquid
948 1678 967 1698 a
990 1667 1083 1698 nobis
1116 1667 1208 1709 quasi
1239 1678 1280 1698 ex
1311 1668 1426 1699 nobise
1456 1667 1545 1710 loqui
1576 1669 1607 1698 in
1639 1672 1727 1699 tanta

26 1720 165 1762 aucupia.
197 1719 490 1762 irrefragabiliumd
524 1720 792 1752 testimoniorum.
838 1719 960 1751 Contra
994 1719 1074 1751 haee
1107 1729 1184 1750 sane
1218 1719 1399 1751 detestandi
1433 1720 1549 1750 erroris
1580 1725 1726 1761 tempora

73 1771 219 1804 Christus
247 1771 398 1803 dominus
426 1771 602 1803 aecclesiee
626 1783 704 1804 suae
727 1771 936 1814 precavebat,
971 1771 1068 1813 quiaf
1099 1781 1196 1813 super
1228 1771 1413 1802 cathedram
1438 1771 1545 1812 Moysi
1577 1770 1725 1802 sedentes
1759 1778 1769 1786 ‘

73 1823 194 1855 scribas
216 1829 249 1855 et
270 1823 457 1866 pharisaeos
480 1824 513 1854 111
538 1824 688 1855 omnibus
712 1834 924 1866 quaecunque
954 1822 1113 1854 dixissent
1140 1822 1320 1854 audiendos
1352 1822 1500 1853 docebat.
1540 1822 1661 1853 Verum
1686 1833 1724 1854 ne
1745 1818 1869 1869 mgffiw

73 1886 113 1907 ex
142 1875 191 1907 his
221 1886 286 1907 non
317 1880 382 1908 tam
410 1876 480 1907 vitii
509 1887 606 1918 quam
637 1875 805 1917 dignitatis
837 1881 901 1906 ex&
928 1875 999 1917 lege
1027 1874 1212 1906 nominibus
1236 1873 1358 1905 scribas
1384 1873 1454 1905 illos
1484 1879 1515 1905 et
1538 1873 1725 1916 pharisaeos

73 1928 185 1960 merito
200 1927 288 1959 viteh
311 1928 394 1959 iuste
417 1927 644 1970 suscipiendos
668 1927 767 1958 fuisse
789 1927 924 1969 aliquisi
952 1927 1136 1967 contendat,
1162 1926 1272 1968 quales
1296 1926 1413 1957 fuerint
1436 1926 1474 1957 ek
1492 1926 1628 1967 vestigio
1652 1925 1726 1957 snb-

43 1989 56 2010 5
74 1979 221 2021 sequenti
243 1980 386 2011 veritatis
402 1972 521 2022 icontra
545 1991 602 2011 eos
626 1979 847 2022 disputatione
870 1979 1027 2010 advertat.

184 2075 210 2108 a)
233 2079 281 2101 sua
301 2076 326 2101 2.
416 2076 443 2108 b)
467 2076 555 2102 christ.
576 2084 652 2108 prop.
675 2076 699 2100 ’2.
790 2076 816 2105 c)
836 2075 962 2100 lavachro
986 2076 1008 2099 1.
1100 2075 1127 2105 (1)
1151 2074 1237 2106 qualis
1259 2074 1283 2098 2.
1372 2078 1396 2103 e)
1421 2074 1492 2106 quali
1513 2075 1536 2098 2.
1624 2074 1644 2103 s)
1664 2082 1722 2106 pro-

75 2121 219 2154 pulsaverit
239 2122 263 2146 2.
338 2123 368 2155 g)
388 2123 454 2147 illud
474 2121 512 2147 M.
589 2122 616 2152 h)
639 2121 780 2154 sollempni
802 2122 826 2146 ⁵2.
914 2122 935 2148 i)
957 2129 989 2145 ac
1010 2121 1034 2144 2.
1115 2120 1147 2150 k)
1168 2129 1238 2152 rnyn.
1261 2120 1286 2144 2.
1372 2120 1390 2151 l)
1414 2120 1510 2144 lectum
1532 2120 1613 2144 missa
1634 2123 1679 2144 tua
1699 2123 1725 2144 et

76 2167 155 2192 talem
168 2176 289 2193 somnum
302 2169 463 2193 mutabimus
481 2168 505 2194 2.
583 2169 619 2199 m)
642 2176 737 2192 sonum
754 2168 776 2192 1.
854 2168 883 2195 n')
905 2168 940 2191 Et
952 2181 987 2184 —
1003 2167 1137 2190 existimat
1157 2175 1205 2191 om.
1222 2165 1259 2190 Μ.
1337 2166 1362 2195 ο)
1385 2166 1455 2190 deest
1478 2166 1501 2190 ·2.
1579 2166 1606 2198 p)
1630 2166 1723 2190 eadem

76 2222 142 2239 corr.
162 2222 194 2239 ex
213 2215 326 2239 eandem
348 2215 373 2239 2.
449 2215 476 2246 q)
498 2222 548 2238 om.
570 2214 596 2239 2.
672 2216 695 2244 r)
715 2222 759 2246 ap.
779 2217 849 2238 auct.
870 2214 895 2238 2.
973 2214 995 2243 s)
1018 2213 1133 2237 maliciei
1156 2212 1180 2236 2.
1257 2212 1279 2239 t)
1301 2212 1371 2236 mala
1391 2212 1455 2237 add.
1472 2214 1495 2236 1.
1571 2212 1600 2243 u)
1621 2212 1655 2236 ad
1675 2212 1724 2237 sal.

30 2266 58 2285 4⁰
76 2261 138 2286 min.
157 2261 182 2285 2.
258 2263 286 2292 v)
307 2269 328 2287 c.
349 2261 375 2285 11.
398 2261 439 2285 ed.
461 2261 486 2285 ⁵2.
562 2260 598 2292 w)
619 2268 665 2285 eas
685 2264 739 2285 aut.
763 2261 786 2287 2,
862 2262 890 2289 x)
912 2260 982 2284 enirn
1001 2261 1023 2283 l.
1099 2264 1126 2291 y)
1149 2259 1211 2283 fors.
1233 2268 1256 2291 q.
1278 2259 1303 2283 ’2.
1379 2260 1403 2289 z)
1425 2266 1484 2283 eum
1502 2260 1524 2283 1.
1601 2263 1626 2289 a)
1649 2266 1677 2283 se
1699 2259 1722 2282 2.

76 2305 104 2336 b)
123 2306 157 2332 al.
177 2315 227 2332 nos
247 2307 273 2333 2.
349 2306 375 2338 c)
395 2306 472 2331 uobis
496 2307 519 2331 l.
596 2307 622 2337 d)
645 2307 695 2331 inr.
718 2307 742 2331 2.
819 2307 843 2335 e)
868 2306 933 2332 aecl.
955 2314 975 2330 s.
997 2305 1052 2330 (les.
1070 2307 1093 2329 1.
1178 2305 1198 2336 s)
1219 2305 1325 2337 quando
1347 2305 1371 2330 2.
1447 2304 1474 2336 g)
1499 2313 1530 2329 ex
1549 2305 1608 2336 lege
1629 2305 1683 2329 des.
1702 2306 1724 2327 1.

76 2351 103 2383 b)
121 2353 208 2378 iustae
226 2354 297 2378 vitae
318 2353 342 2378 2.
419 2353 438 2384 i)
461 2352 557 2385 aliquis
577 2353 636 2376 illos
658 2353 683 2376 2.
760 2352 790 2382 k)
812 2360 869 2377 esse
891 2352 915 2375 2.

77 2434 137 2470 igni
159 2439 302 2470 cremant3
327 2440 356 2464 et
378 2441 410 2463 ut
432 2437 461 2463 in
485 2445 542 2462 uno
568 2439 667 2462 cetera
689 2436 864 2471 perpendas,
890 2436 957 2462 laici
981 2444 1086 2470 corpus
1102 2435 1219 2461 Domini
1240 2444 1256 2460 a
1273 2434 1445 2469 presbiteris
1469 2434 1632 2469 coniugatis
1657 2443 1722 2460 con-

78 2490 218 2514 secratum
241 2496 311 2523 sepe
327 2488 452 2523 pedibus
469 2489 724 2522 conculcaverunt,
750 2492 778 2515 ct
802 2487 972 2522 sanguinem
989 2487 1105 2514 Domini
1122 2486 1286 2513 voluntarie
1311 2486 1482 2519 effuderunt,
1508 2489 1537 2512 et
1559 2486 1650 2512 inulta
1666 2485 1724 2512 alia

34 2542 63 2563 ⁴5
79 2540 178 2564 contra
200 2539 244 2566 ius
267 2542 297 2566 et
318 2539 361 2566 fas
384 2544 469 2575 gesta
492 2544 558 2566 sunt
581 2540 610 2566 in
629 2540 790 2573 aecclesia3
814 2543 843 2565 ct
865 2538 919 2565 hac
944 2539 1097 2565 occasione
1122 2538 1204 2564 multi
1227 2538 1473 2573 pseudomagistri
1498 2541 1671 2572 exurgentes
1695 2537 1722 2562 in

79 2589 228 2624 aeeclesia,
252 2590 383 2625 profanis
406 2591 586 2618 novitatibus
608 2591 725 2626 plebem
751 2591 786 2617 ab
813 2590 1031 2617 aecclesiastica
1056 2590 1211 2624 disciplina
1236 2593 1379 2617 avertunt.
1471 2589 1498 2624 1)
1516 2589 1560 2622 Cf.
1577 2589 1645 2615 ibid.
1668 2589 1686 2618 l,
1704 2589 1721 2614 I.

77 2649 105 2674 p.
122 2640 196 2668 362:
222 2642 311 2669 1074.
335 2642 494 2677 Gregorius
518 2652 596 2677 papa
619 2642 769 2669 celebrata
791 2643 903 2677 synodo
929 2641 1112 2676 symoniacos
1136 2640 1393 2667 anathematizavit
1416 2645 1445 2667 et
1468 2643 1604 2667 uxoratos
1628 2648 1721 2665 sacer-

79 2690 161 2718 dotes
183 2701 201 2718 a
223 2692 319 2720 divino
350 2693 446 2720 officio
476 2694 599 2720 removit
623 2698 652 2721 et
673 2694 756 2720 laicis
785 2694 901 2720 missam
931 2702 1030 2720 eorum
1060 2693 1160 2719 audire
1190 2692 1348 2725 interdixit,
1378 2701 1454 2719 novo
1485 2691 1615 2726 exemplo
1641 2694 1669 2716 et
1692 2694 1722 2715 ut

79 2741 174 2769 multis
195 2743 287 2770 visum
310 2748 354 2772 est
376 2745 593 2772 inconsiderato
617 2745 790 2780 preiudicio,
815 2748 917 2772 eontra
940 2748 1104 2771 sanctorum
1127 2747 1242 2779 patrum
1267 2744 1440 2770 sententiam
1465 2747 1514 2771 dc.
1624 2741 1653 2777 2)
1678 2743 1722 2767 De

33 2799 61 2818 ⁵0
79 2794 198 2821 moribus
220 2796 285 2822 eccl.
310 2797 411 2825 cathol.
428 2798 453 2833 J,
476 2799 491 2829 ἓ
514 2797 542 2831 3,
569 2797 640 2832 Opp.
665 2798 708 2824 ed.
733 2797 838 2824 Rened.
862 2797 1000 2832 (Veneriis
1026 2796 1128 2831 1729),
1152 2797 1176 2829 I,
1202 2797 1252 2823 col.
1272 2796 1348 2828 688:
1373 2795 1409 2828 cf.
1436 2795 1533 2821 Libell.
1558 2795 1582 2827 I,
1605 2803 1633 2828 p.
1652 2793 1720 2818 545.
