2132 3067
21 1487 47 1506 ²5

22 2001 48 2022 ⁸5

22 2257 50 2278 ⁴⁰

628 148 816 175 LIBELLUS
841 149 891 175 DE
915 147 1157 175 SYMONIACIS.
1652 142 1709 172 561

70 238 224 271 catholico
241 237 414 277 benedicit,
439 239 586 279 quamvis
604 239 673 268 eius
691 237 893 269 benedictio³
911 237 1095 268 maledictio
1119 237 1169 271 sit,
1194 237 1297 266 omnis
1315 242 1421 267 tamen
1447 236 1514 266 eius
1533 234 1714 265 maledictio

69 292 99 322 in
131 289 388 322 benedictionem
421 290 628 320 convertitur.
675 288 776 319 Adest
805 289 887 319 enim
914 288 1052 329 Spiritus
1083 294 1223 324 sauctus,
1255 289 1309 329 qui
1338 299 1400 318 non
1430 287 1470 318 ad
1495 286 1655 328 loquentis
1684 292 1713 317 et

68 342 282 374 consecrantis
321 341 452 372 heretici
492 341 645 378 fictiones,
685 340 740 370 scd
776 340 814 370 ad
851 340 1054 380 suscipientis
1089 346 1227 370 mentem
1267 346 1297 370 et
1335 339 1537 370 devotionem
1572 338 1713 380 respicit.

68 394 188 434 Quodsi
219 399 310 424 extra
333 391 503 424 aeclesiam
536 390 598 422 tale
622 390 743 432 aliquid
771 391 946 431 contingat,
976 401 1037 421 non
1067 390 1161 421 debet
1186 391 1263 422 haec
1294 392 1373 421 ratio
1397 391 1425 421 ei
1450 390 1630 429 subvenire,
1661 390 1713 430 qui

67 451 155 477 extra
177 444 347 476 aeclesiam
372 455 390 474 a
414 443 600 484 symoniaco
624 441 800 479 ordinatur,
831 442 976 483 quamvis
1008 453 1069 472 non
1095 443 1315 483 symoniacum
1341 453 1409 473 esse
1433 447 1532 483 putet⁷
1563 442 1712 482 quoniam

67 508 168 539 neque
199 507 218 526 a
242 501 343 526 matre
372 494 509 526 aeclesia
533 493 694 527 offerturb,
719 504 824 535 neque
849 494 917 523 eius
943 492 1070 523 devotio
1096 493 1179 524 bona
1203 499 1250 524 est
1262 500 1283 525 ὓ.
1312 494 1365 534 qui
1391 501 1481 524 extra
1505 492 1670 524 aeclesiam
1697 504 1713 522 a

68 559 257 590 quocunque
275 546 452 578 ordinatur.
498 545 704 576 Manifestum
723 551 771 576 est
795 544 914 585 igiturd
939 543 978 574 de
996 544 1054 584 his,
1079 544 1133 586 qui
1159 545 1263 574 intrae
1286 544 1455 576 aeclesiam
1474 556 1491 574 a
1509 545 1715 585 symoniacis,

68 611 146 642 quos
176 606 282 630 tamen
307 597 482 629 catholicos
511 607 581 628 esse
605 602 729 637 putant,
761 607 824 626 non
849 596 1035 637 symoniace
1064 596 1262 636 ordinantur,
1292 595 1397 637 quods
1421 607 1529 626 eorum
1557 596 1714 626 ordinatio

65 657 132 683 rata
155 661 223 682 esse
247 649 353 681 debet.
399 649 544 680 Taceant
568 648 667 689 igitur
690 648 743 689 qui
768 659 785 678 a
810 646 1010 688 temporibus
1035 647 1120 678 beati
1144 646 1261 677 Leonis
1286 658 1388 688 papae
1412 648 1473 677 iam
1497 647 1712 678 sacerdotium

66 704 95 734 in
119 702 257 734 aeclesia
289 701 444 732 defecisse
468 701 623 742 garriunt,
655 709 691 730 eo
716 699 802 740 quod
835 710 944 730 omnes
975 703 1030 729 aut
1053 699 1231 739 symoniaci
1261 705 1367 729 essent
1396 706 1451 729 aut
1479 710 1497 728 a
1521 700 1714 739 symoniacis

65 754 212 786 ordinati.
259 752 413 784 Similiter
428 757 535 782 autem
561 756 592 782 et
608 751 647 782 de
663 749 733 781 aliis
751 750 900 782 hereticis
917 749 1164 791 intellegendum
1177 756 1190 777 ἔ
1212 756 1270 790 est,
1294 751 1379 791 quia,
1404 751 1428 780 si
1448 750 1529 780 intra
1546 750 1712 781 aeclesiam

66 805 199 838 ordinati
225 811 308 845 sunt,
341 810 373 835 et
397 803 565 835 catholicih
590 814 659 834 esse
683 808 846 844 putantur,
879 812 974 843 quam
1000 801 1054 832 diu
1082 801 1126 832 ibi
1151 808 1233 840 sunt,
1259 807 1470 842 sacramenta,
1501 812 1582 843 quae
1606 808 1714 842 agunt,

66 862 134 889 rata
156 868 225 888 esse
242 856 370 888 debent.

172 910 219 940 15.
264 908 358 939 Nunc
388 912 495 937 autem
539 905 600 936 illis
632 905 891 948 respondendum
931 910 989 943 est,
1028 905 1115 945 quii,
1147 905 1298 945 quoniam
1331 905 1417 945 ipsos
1449 915 1556 934 sacros
1589 904 1715 935 ordines

65 971 126 992 non
155 965 312 997 emerunt,
343 970 376 990 se
406 959 609 1000 symoniacos
638 968 702 988 non
734 969 803 988 esse
833 955 1040 994 contendunt,
1071 956 1220 997 quamvis
1244 955 1398 986 aeclesias
1432 956 1481 986 vel
1505 956 1713 986 aeclesiarum

65 1018 172 1055 partes
196 1012 358 1042 emissent.
406 1010 469 1042 Sed
501 1009 619 1040 velimk
643 1009 870 1051 respondeant,
900 1008 924 1038 si
955 1019 1010 1049 per
1034 1007 1119 1038 illam
1145 1008 1341 1048 emptionem
1374 1012 1404 1037 et
1428 1006 1643 1038 venditionem
1676 1008 1715 1037 ad

65 1075 172 1096 sacros
196 1063 325 1094 ordines
350 1068 576 1104 pervenerunt,
600 1060 650 1092 vel
674 1062 700 1091 si
723 1061 755 1091 in
780 1060 842 1091 illis
865 1058 1020 1099 aeclesiis,
1045 1070 1125 1100 quas
1149 1064 1304 1096 emerunt,
1330 1069 1386 1099 per
1410 1058 1495 1088 illam
1520 1060 1714 1100 emptionem

65 1126 154 1146 sacra
177 1114 320 1146 misteria
344 1112 550 1144 caelebrandi
576 1117 766 1154 potestatem
793 1117 1014 1154 susceperunt.
1062 1110 1095 1141 Si
1120 1111 1204 1141 enim
1229 1111 1291 1140 ita¹
1319 1115 1376 1147 est,
1408 1111 1464 1140 vix
1489 1121 1521 1140 se
1546 1110 1716 1141 defendere

66 1172 213 1209 poterunt
243 1177 277 1197 se
306 1165 511 1207 symoniacos
540 1175 603 1195 non
633 1176 712 1195 esse.
767 1164 980 1205 Symoniacus
1007 1163 1091 1193 enim
1116 1167 1164 1192 est
1195 1162 1249 1203 qui
1281 1172 1338 1203 per
1368 1162 1508 1203 pretium
1540 1162 1579 1192 ad
1610 1173 1716 1192 sacros

66 1219 191 1250 ordines
213 1218 322 1248 venire
347 1216 551 1247 contenditm.
598 1216 812 1258 Symoniacus
842 1221 890 1246 est
913 1222 944 1247 et
975 1214 1027 1245 ille
1059 1214 1113 1255 qui
1144 1224 1214 1244 eam
1245 1218 1435 1254 potestatem
1467 1224 1571 1244 emere
1594 1214 1716 1253 nititur,

65 1282 122 1312 per
144 1281 240 1312 quam
265 1270 390 1300 sanctin
415 1267 557 1310 Spiritus
582 1267 668 1298 dona
692 1272 908 1309 prestantur0.
955 1266 1018 1297 Hic
1042 1271 1149 1297 autem
1175 1265 1357 1307 episcopus,
1391 1265 1466 1306 quip
1489 1271 1562 1296 ante
1586 1266 1714 1296 canoni-

66 1333 133 1352 cam
165 1321 353 1353 electionem
385 1319 435 1351 vel
466 1320 742 1351 consecrationem
774 1330 837 1350 non
869 1329 925 1360 pro
955 1318 1054 1349 sacris
1079 1317 1258 1357 ordinibus,
1287 1321 1321 1347 ut
1346 1317 1414 1358 ipse
1439 1317 1542 1357 fingit,
1573 1316 1629 1347 sed
1661 1328 1716 1358 pro

65 1374 156 1405 terris
181 1379 212 1404 et
235 1373 348 1413 vineis,
374 1382 429 1413 pro
455 1371 593 1403 castellis
617 1377 648 1402 et
672 1371 755 1402 villis
779 1371 916 1412 pretium
943 1369 1032 1401 dedit
1053 1368 1104 1400 vel
1129 1369 1288 1410 promisit,
1316 1369 1341 1398 si
1366 1368 1426 1398 hoc
1451 1367 1507 1398 tali
1532 1369 1627 1399 modo
1652 1369 1716 1409 epi-

65 1436 180 1467 scopus
205 1425 273 1456 fieri
291 1424 494 1466 disponebat,
518 1434 575 1465 per
598 1423 739 1465 pretium
766 1423 876 1464 utique
899 1422 940 1453 ad
965 1432 1073 1452 sacros
1097 1420 1225 1452 ordines
1250 1421 1358 1451 venire
1383 1419 1567 1451 tendebatq.
1605 1419 1715 1462 Neque

66 1478 147 1509 enim
172 1476 244 1508 ideo
269 1475 329 1506 hoc
351 1475 499 1514 faciebat,
523 1481 557 1506 ut
581 1486 618 1506 ea
642 1474 844 1506 solummodo
870 1475 962 1515 quasi
986 1473 1086 1504 laicus
1110 1472 1298 1514 possideret,
1327 1472 1383 1502 sed
1407 1472 1514 1513 potius
1539 1476 1573 1502 ut
1596 1473 1717 1512 episco

66 1528 166 1571 palem
191 1528 381 1569 dignitatem
409 1526 582 1568 aliquando
611 1537 669 1568 per
694 1532 753 1557 ear
784 1527 926 1557 haberet.
972 1524 1073 1556 Multo
1105 1524 1189 1554 enim
1220 1524 1391 1555 instantius
1417 1523 1473 1554 hos
1501 1523 1590 1561 tales,
1620 1534 1715 1565 quam

65 1591 117 1612 eos
141 1581 195 1622 qui
219 1580 373 1610 canonice
397 1578 561 1620 eliguntur
585 1584 657 1620 post
680 1578 764 1609 hanc
789 1578 884 1609 talem
915 1577 1118 1608 invasionem
1143 1577 1263 1607 instare
1286 1575 1442 1614 videmus,
1474 1581 1508 1606 ut
1532 1576 1716 1617 quantotius

65 1632 104 1663 ad
127 1642 236 1663 sacros
260 1630 388 1662 ordines
412 1631 581 1672 pervenire
603 1629 741 1661 valeant.
787 1631 861 1669 Qua
891 1631 922 1660 iu
947 1641 979 1660 re
1003 1634 1117 1659 suamS
1148 1628 1358 1659 intentionem
1387 1627 1590 1669 apertissime
1619 1628 1717 1657 maui-

65 1684 190 1722 festant,
224 1688 254 1714 et
285 1682 362 1725 quid
393 1681 446 1713 illa
474 1683 594 1724 emptio
625 1681 866 1723 significaverit,
899 1680 1082 1712 ostendunt.
1134 1680 1337 1721 Quocunque
1370 1679 1470 1720 igitur
1499 1684 1645 1720 tempore
1676 1678 1715 1708 ad

65 1735 336 1767 consecrationem
361 1735 501 1773 veniant,
532 1733 635 1765 aderit
664 1734 709 1765 ibi
738 1733 851 1765 beatus
876 1733 999 1770 Petrus,
1032 1733 1086 1774 qui
1117 1733 1163 1762 eis
1188 1742 1276 1763 more
1304 1731 1397 1762 solito
1422 1731 1524 1761 dicat:
1555 1730 1715 1760 Peccunia
1738 1742 1861 1763 Amisso.

65 1790 139 1818 tua⁸
165 1793 266 1818 tecum
289 1788 331 1818 sit
354 1788 389 1818 in
411 1786 609 1828 perditione,
632 1787 712 1828 quia
736 1786 933 1816 existimasti
956 1785 1076 1816 donum
1104 1784 1167 1814 Dei
1185 1785 1353 1825 peccunia
1376 1783 1551 1824 possideri.
1592 1781 1716 1820 Quodsi

65 1839 104 1870 ad
127 1839 400 1870 consecrationem
426 1849 488 1869 non
513 1838 673 1876 venerint⁷
701 1837 756 1868 sed
782 1837 871 1878 prius
895 1836 1101 1878 penituerint,
1133 1841 1163 1866 et
1187 1835 1240 1866 illa
1266 1840 1329 1866 tam
1355 1845 1454 1876 prava
1479 1834 1716 1864 existimatione

67 1892 235 1930 caruerint,
267 1889 407 1921 dubitari
433 1889 563 1932 quidem
591 1894 708 1931 potest,
737 1888 841 1920 solvi¹¹
864 1894 970 1919 autem
995 1887 1089 1919 facile
1114 1899 1177 1918 non
1201 1892 1317 1929 potest,
1349 1897 1389 1916 an
1413 1886 1443 1916 in
1475 1884 1545 1916 aliis
1569 1884 1714 1915 aeclesiis

66 1943 238 1984 praeponiv
276 1941 450 1984 aliquando
489 1940 637 1972 debeant.
695 1940 902 1971 Considerari
936 1946 1043 1971 tamen
1079 1940 1229 1971 convenit
1267 1938 1298 1969 id
1335 1938 1419 1979 quod
1456 1937 1568 1967 beatus
1604 1936 1716 1966 Petrus

65 1994 174 2026 dixitw
197 1994 238 2024 ad
264 1994 457 2034 Symonem:
485 1993 714 2032 Penitentiam‚
739 1993 874 2034 inquit¹‚
907 2004 966 2034 aye
991 1993 1030 2023 ab
1055 1993 1116 2023 hac
1140 1992 1285 2033 nequitia
1310 1995 1365 2020 ἰιια
1391 1995 1419 2020 et
1444 2000 1524 2030 roya
1550 1988 1663 2025 Deum,
1687 1990 1716 2018 si
1737 2001 1841 2024 mass.

64 2045 145 2082 forte
175 2047 362 2077 remittatur
391 2045 450 2076 tibi
482 2045 560 2076 haec
589 2045 743 2085 coyitatio
778 2044 887 2075 cordis
916 2045 975 2075 tui.
1022 2044 1057 2074 Si
1092 2044 1175 2074 enim
1212 2042 1412 2084 penituisset,
1447 2040 1583 2070 fortasse
1617 2039 1715 2080 gratis

67 2103 174 2139 postea
187 2097 355 2128 habuisset
371 2096 478 2139 quody
495 2097 583 2138 prius
598 2096 722 2137 pretioz
740 2095 858 2127 habere
875 2106 936 2126 non
956 2095 1070 2136 potuit,
1095 2094 1244 2137 quamvis
1261 2094 1291 2124 in
1311 2093 1358 2123 liis
1373 2092 1478 2122 verbis
1496 2090 1633 2132 apostoli
1650 2090 1716 2121 sola

69 2149 187 2191 peccati
202 2149 348 2180 remissio
362 2147 570 2189 significetur.
596 2147 691 2186 Quod
703 2153 715 2168 ³
731 2152 837 2178 autem
855 2147 894 2178 de
912 2153 978 2178 toto
992 2147 1181 2188 episcopatu
1194 2145 1346 2178 diximus,
1365 2143 1394 2174 id
1413 2143 1452 2174 de
1469 2141 1602 2183 singulis
1619 2141 1717 2172 aecle-

67 2201 119 2232 siis
136 2200 187 2232 vel
211 2200 342 2232 earumb
360 2200 506 2242 partibus
529 2199 747 2241 intelligimus.
794 2198 905 2230 Simile
923 2209 1061 2240 namque
1079 2203 1246 2240 peccatum
1271 2201 1319 2226 est
1343 2201 1373 2226 et
1390 2206 1461 2225 cum
1480 2194 1578 2225 divite
1595 2199 1625 2225 et
1643 2204 1714 2224 cum

70 2263 207 2294 paupere
231 2252 390 2283 fornicari.
436 2251 522 2291 Quia
546 2251 629 2282 enim
655 2261 749 2281 unam
775 2250 945 2282 aeclesiam
971 2250 1020 2281 vel
1044 2251 1112 2281 eius
1130 2256 1252 2291 partem
1277 2248 1362 2285 emit,
1388 2251 1530 2288 quantoe
1554 2245 1715 2284 libentius,

69 2304 94 2335 si
116 2310 234 2346 posset,
258 2308 360 2334 totum
386 2308 506 2334 emeret
525 2302 772 2344 episcopatum?
817 2303 880 2341 Qui
905 2302 990 2332 enim
1007 2301 1147 2343 aliquam
1165 2299 1334 2330 aeclesiam
1360 2298 1468 2337 emitd,
1492 2296 1578 2327 illam
1605 2297 1715 2338 utique

71 2361 260 2397 potestatem
284 2356 370 2395 emit,
401 2355 439 2386 de
464 2365 527 2397 qua
552 2355 674 2396 Symon
699 2365 814 2395 magus
837 2352 992 2395 apostolis
1017 2353 1159 2384 dicebat:
1191 2352 1277 2381 Date
1303 2362 1354 2380 vos
1376 2349 1499 2380 michid
1523 2349 1607 2379 hanc
1630 2353 1716 2389 pote·
1736 2359 1841 2383 ib.a‚19.

69 2412 211 2448 stateme,
242 2413 276 2438 ut
306 2408 490 2448 cuicunque
519 2417 638 2437 manus
667 2407 862 2447 imposuero,
894 2407 1040 2446 accipiat
1064 2404 1228 2445 Spiritum
1259 2406 1416 2432 sanctum.
1463 2399 1519 2431 Ille
1548 2400 1631 2430 enim
1663 2400 1715 2441 qui

179 2495 208 2525 a)
228 2495 325 2519 maled.
346 2494 441 2518 bened.
463 2493 544 2525 siynis
565 2501 657 2525 oppos.
679 2501 746 2517 corr.
768 2493 862 2517 bened.
884 2493 981 2516 maled.
1006 2494 1028 2515 1.
1115 2491 1143 2514 b»
1164 2490 1240 2514 offert
1259 2489 1283 2513 52.
1369 2493 1396 2513 c)
1417 2488 1488 2512 deest
1508 2488 1532 2512 2.
1619 2487 1648 2511 di
1669 2488 1716 2510 ita-

24 2541 51 2561 ⁴⁶
71 2547 120 2573 que
141 2541 164 2564 1.
241 2542 268 2571 e)
287 2541 357 2565 infra
377 2539 452 2564 codd.
530 2539 552 2566 fi
573 2548 595 2572 qs
621 2540 665 2566 (τ-
687 2540 761 2571 quia)
783 2540 807 2563 2.
884 2539 915 2570 gl
936 2538 1049 2569 intellig.
1072 2538 1095 2561 ⁵2.
1172 2536 1199 2565 h)
1221 2534 1360 2560 catholicis
1381 2535 1404 2558 2.
1489 2534 1507 2565 i)
1530 2534 1654 2566 quoniam
1676 2533 1719 2564 qui

71 2594 150 2610 manu
169 2591 263 2611 recent.
277 2585 394 2611 muneris
415 2587 440 2610 2.
458 2587 469 2609 l
492 2593 621 2617 superscr,
636 2593 704 2609 corr.
723 2586 744 2609 l,
803 2585 833 2611 k)
855 2585 945 2614 velint,
966 2592 1046 2607 manu
1067 2587 1162 2607 recent.
1182 2581 1210 2606 in
1231 2589 1314 2612 marg.
1329 2589 1396 2604 corr.
1411 2580 1488 2604 velim
1507 2581 1528 2605 1.
1586 2580 1604 2610 l)
1627 2580 1678 2603 ista
1693 2580 1716 2603 2.

72 2631 110 2663 m)
129 2632 294 2657 contendunt
315 2633 339 2657 2.
396 2632 425 2656 ni
447 2632 508 2664 spir.
530 2632 615 2656 sancti
637 2632 660 2655 ⁶2.
720 2636 748 2657 ο)
768 2626 847 2662 pruni
867 2639 886 2654 c.
946 2635 974 2661 p)
996 2630 1071 2661 quasi
1091 2637 1151 2654 cau.
1175 2629 1198 2652 l.
1256 2627 1281 2659 q)
1306 2626 1485 2651 contendebat
1508 2628 1530 2650 l.
1595 2630 1617 2651 ri
1639 2630 1671 2649 ea
1693 2625 1716 2648 2.

71 2678 93 2708 s)
115 2679 278 2710 apertissime
298 2686 372 2702 suam
393 2679 487 2702 intent.
508 2677 534 2701 2.
610 2678 633 2707 t)
653 2680 671 2701 t.
693 2685 712 2701 s.
736 2680 751 2700 i.
773 2684 790 2709 p
810 2676 917 2707 praebet
940 2677 969 2706 23
990 2679 1076 2699 tecum
1096 2684 1144 2699 om.
1220 2674 1250 2703 u)
1270 2681 1291 2697 s.
1313 2681 1336 2697 a.
1358 2681 1383 2696 n.
1405 2681 1428 2704 p.
1451 2672 1502 2696 sac.
1524 2672 1548 2696 2.
1634 2676 1661 2695 vt
1682 2670 1715 2694 al.

71 2731 142 2756 prep.
164 2724 222 2748 deb.
244 2725 268 2748 2.
353 2726 388 2749 wi
410 2724 452 2750 die
474 2724 498 2747 2.
593 2728 621 2747 xl
643 2723 735 2754 inquid
758 2724 780 2747 l.
868 2722 897 2753 ς’)
919 2730 996 2754 quam
1019 2722 1042 2746 2.
1132 2726 1157 2744 zi
1178 2728 1225 2752 per
1244 2720 1357 2752 pretium
1380 2720 1404 2742 2.
1493 2723 1520 2743 a>
1541 2718 1610 2741 Nota
1627 2717 1716 2748 prima

26 2770 53 2790 50
72 2777 151 2794 manu
171 2769 198 2794 in
218 2778 300 2802 marg.
327 2771 348 2794 l.
443 2770 472 2796 b,
495 2769 612 2801 partibus
634 2777 721 2792 earum
744 2769 767 2792 2.
860 2775 886 2791 cu
908 2771 1007 2800 quanto
1032 2780 1060 2784 -
1084 2770 1179 2798 potest.
1202 2767 1266 2790 emit
1285 2766 1312 2789 in
1334 2765 1460 2796 inferiore
1480 2772 1563 2796 mary.
1584 2763 1669 2794 suppl.
1692 2762 1715 2786 ⁶2.

73 2815 100 2845 d)
120 2815 189 2840 deese
209 2817 234 2840 2.
311 2816 337 2846 e)
358 2824 400 2848 po.
422 2823 448 2840 u.
471 2823 494 2839 c.
515 2823 550 2839 m.
571 2819 607 2847 ip.
629 2823 651 2839 a.
673 2819 719 2839 etc.
738 2813 844 2845 praebet
867 2814 891 2836 2.

144 2867 241 2891 Libeui
262 2866 294 2891 de
314 2867 368 2890 nte.
399 2866 434 2890 11.
1452 2860 1479 2883 7¹
