2132 3067
541 165 592 191 DE
615 163 786 190 UNITATE
809 163 1018 191 ECCLESIAE
1041 164 1338 192 CONSERVANDA.
1703 163 1763 194 247

116 254 239 297 absque
270 253 418 296 synodali
448 254 662 284 conventione
693 258 893 294 receperunt,
924 253 980 284 sed
1010 254 1104 284 etiam
1136 253 1235 296 aliqui
1265 265 1375 285 eorum
1405 260 1515 286 eontra
1538 256 1764 297 imperatorem

116 305 212 336 simul
235 311 266 336 et
290 310 401 336 eontra
424 305 533 336 sedem
557 303 767 346 apostolicam
792 314 864 334 cum
889 315 926 335 eo
951 305 1228 346 conspiraverunt,
1253 311 1287 336 ut
1308 307 1371 336 iam
1389 317 1430 337 ex
1447 306 1652 338 multitudine
1676 318 1765 349 prae-

116 357 320 388 varicationis
342 356 479 396 illorum,
511 357 566 398 qui
591 355 749 387 eiusmodi
775 360 857 396 sunt,
888 356 1114 397 episcoporum
1146 357 1319 388 iustificata
1349 358 1588 400 quodammodo
1619 359 1767 390 videatur

116 408 230 439 levitas
247 408 455 449 Graecorum,
481 409 574 449 apud
590 419 680 450 quos,
704 408 787 438 sieut
803 406 953 438 Gelasius
977 417 1062 448 papa
1085 407 1364 450 scribit¹,facilis
1387 415 1414 440 et
1437 411 1650 451 inculpabilis
1671 416 1764 451 puta-

85 474 98 494 ⁵
116 465 171 491 tur
193 471 259 491 esse
275 461 457 502 permistio,
481 461 567 502 quod
590 460 683 501 apud
706 471 757 490 eos
781 458 875 489 nulla
898 460 939 489 sit
962 460 1031 489 veri
1043 458 1195 500 falsique
1212 460 1374 500 discretio,
1398 466 1426 491 et
1449 473 1519 492 cum
1545 461 1643 493 velint
1666 464 1765 493 onzni-

116 512 174 543 bus
196 512 344 552 reprobis
366 522 431 542 esse
455 523 647 551 communes,
670 511 706 542 in
732 510 825 541 nulla
848 515 1065 541 monstrentur
1083 511 1247 550 probitate
1266 513 1436 543 consistere
1446 518 1468 543 ³.
1509 513 1592 544 Hinc
1609 513 1764 544 heretico-

115 573 186 594 rum
217 563 311 593 simul
343 562 639 604 catholicorumque
670 561 873 593 confessione
904 562 1058 603 permista
1091 567 1208 592 cuncta
1238 573 1331 594 verae
1362 569 1394 594 et
1424 565 1566 596 sincerae
1601 565 1765 606 religionis

116 613 296 654 turbantur,
320 613 542 656 catholicaque
567 620 599 644 et
621 613 800 655 apostolica
824 614 949 654 puritas
973 613 1189 644 confunditur.
1236 613 1422 645 Gelasiusz:
1446 616 1513 646 Aut
1536 616 1697 655 catholici,
1721 618 1765 647 in-

116 666 194 708 quit,
226 671 283 696 aut
313 666 445 697 heretici
473 670 578 705 erant,
609 666 648 696 de
677 665 795 706 quibus
824 664 885 695 illa
910 666 1041 706 passim
1065 664 1244 696 latrocinia
1269 666 1461 697 detestanda
1485 669 1680 699 saeviebant.
1726 669 1766 700 Si

69 731 96 750 ιο
116 718 258 757 heretici,
283 718 397 758 prodi,
427 718 548 748 discuti
571 721 598 748 et
621 717 761 758 leqitime
785 717 934 747 convinci
959 716 1062 746 modis
1087 717 1237 747 omnibus
1261 717 1450 758 debuerant,
1480 719 1527 749 vel
1548 721 1620 750 suis
1643 720 1765 760 confes-

115 768 263 800 sionibus
286 769 333 799 vel
357 769 497 799 aliorum
523 769 654 799 vocibus
678 767 856 808 confutari.
909 767 973 798 Sed
999 768 1156 798 mirentur
1178 767 1242 808 alii,
1267 769 1352 810 quod
1378 770 1417 800 de
1440 769 1494 800 illo
1519 781 1646 813 quoque
1671 771 1765 802 Hart-

115 820 189 861 vigo
224 831 298 851 vere
329 820 508 851 secundum
539 820 664 850 literam
696 820 799 861 possit
828 818 965 860 intelligi
998 819 1074 850 haec
1109 831 1166 861 per
1196 819 1349 850 Hesaiam
1382 821 1571 862 prophetam
1608 823 1766 854 sententia

115 871 265 903 Domini:
287 871 460 913 Numquid
484 873 540 902 iste
564 877 608 902 est
632 872 694 911 vir,
717 872 775 913 qui
798 871 1006 902 conturbavit
1022 876 1152 911 terram,
1177 872 1233 912 qui
1255 874 1415 903 concussit
1440 885 1554 915 reqna,
1577 876 1635 916 qui
1655 876 1767 915 posuit
1788 874 1906 923 Ῑὶτῑζςυῑθ

117 923 220 955 orbem
245 923 404 954 desertum
428 928 456 954 et
479 923 574 954 urbes
598 924 668 954 eius
692 922 875 953 destrunt-it?
930 923 978 953 Tu
1001 923 1097 962 enim,
1125 923 1239 964 inquit,
1269 928 1389 954 terram
1412 929 1500 955 tuam
1527 926 1767 966 disperdidisti,
1834 920 1837 923 ¹
1879 921 1882 924 Α

69 988 97 1007 15
116 979 151 1006 tu
175 974 342 1017 ‘populum
366 980 454 1006 tuum
481 975 638 1006 occidisti.
689 974 791 1014 Haec,
816 975 958 1016 inquam,
982 975 1140 1004 mirentur
1162 973 1215 1005 alii
1240 976 1271 1004 in
1297 974 1367 1010 hoc,
1392 974 1431 1006 de
1456 987 1519 1017 quo
1543 987 1628 1007 nunc
1650 978 1766 1018 agitur,
1788 987 1814 1012 ‘p
1832 988 1868 1008 95.

115 1027 195 1065 viro,
226 1037 283 1057 nos
308 1031 415 1057 autem
439 1028 593 1057 miramur
617 1027 649 1056 in
673 1025 737 1066 illo,
767 1026 852 1067 quod
882 1030 947 1056 tam
970 1025 1085 1056 stultus
1109 1031 1220 1067 pastor
1243 1028 1347 1067 potuit
1370 1032 1416 1058 tot
1439 1027 1623 1059 sacerdotes
1647 1034 1678 1060 et
1701 1035 1767 1060 tan-

116 1085 183 1110 tum
207 1077 360 1120 populum
385 1084 459 1120 post
482 1088 515 1108 se
538 1078 571 1108 in
595 1077 770 1119 perniciem
795 1076 932 1115 trahere,
955 1082 1066 1118 utpote
1092 1078 1146 1119 qui
1170 1077 1288 1108 nullius
1305 1078 1370 1109 fere
1387 1085 1434 1110 est
1449 1079 1644 1111 literatoriae
1664 1080 1767 1111 erudi-

116 1130 212 1161 tionis
235 1129 285 1161 vel
308 1130 474 1168 scientiae,
506 1129 565 1160 nisi
591 1128 679 1170 quod
702 1130 763 1160 iam
790 1129 979 1170 mysterium
1004 1129 1096 1159 istius
1120 1129 1208 1160 stulti
1233 1131 1382 1171 pastoriS,
1413 1130 1472 1162 hoc
1501 1136 1548 1162 est
1575 1131 1767 1170 antichristi,

117 1186 268 1223 operatur
296 1182 328 1212 in
358 1180 423 1219 illo,
455 1181 494 1212 de
525 1191 588 1222 quo
619 1180 659 1211 ad
684 1180 875 1211 Zachariam
906 1180 1094 1222 prophetam
1120 1181 1239 1212 dicitur
1261 1193 1280 1212 a
1304 1182 1462 1213 Domino:
1495 1183 1623 1221 Adhuc,
1653 1183 1767 1224 inquit,

69 1245 97 1265 ιο
117 1245 204 1265 sume
227 1233 286 1264 tibi
308 1244 390 1263 vasa
410 1233 558 1274 pastoris
581 1232 681 1271 stulti,
706 1233 786 1274 quia
809 1244 877 1263 ecce
900 1244 957 1274 eyo
980 1233 1142 1263 suscitabo
1162 1238 1328 1274 pastorem
1349 1234 1384 1264 in
1409 1239 1509 1274 terra,
1534 1236 1589 1276 qui
1612 1234 1767 1266 derelicta

117 1297 182 1317 non
214 1285 367 1322 visitabit,
397 1285 577 1325 dispersum
610 1295 676 1314 non
708 1285 851 1324 requiret
881 1290 909 1314 et
939 1285 1111 1315 contritum
1145 1296 1210 1316 non
1240 1286 1373 1316 sanabit
1397 1291 1424 1315 et
1447 1285 1483 1316 id
1506 1286 1592 1327 qnod
1615 1291 1677 1317 stat
1701 1297 1764 1317 non

116 1337 256 1368 enutriet
278 1340 306 1367 et
328 1347 445 1366 carnes
466 1336 647 1376 pinguium
672 1335 820 1375 comedet,
843 1334 902 1366 hoc
927 1342 974 1366 est
999 1336 1133 1366 virtutes
1157 1341 1337 1367 sanctorum
1356 1342 1387 1367 et
1403 1337 1433 1367 in
1451 1348 1528 1368 suae
1545 1348 1662 1379 corpus
1679 1337 1767 1368 mali-

116 1389 179 1419 tiae
203 1387 336 1418 traiciet.
382 1387 466 1418 Ecce
490 1388 574 1418 enim
599 1387 737 1427 contigit
759 1387 790 1417 in
814 1386 928 1418 diebus
951 1386 1013 1417 illis
1037 1388 1262 1429 imperatorem
1286 1387 1444 1420 celebrare
1460 1389 1547 1430 apud
1566 1389 1766 1430 Mogontiam

117 1440 315 1470 nativitatem
348 1438 491 1476 Domini,
523 1437 578 1469 ubi
609 1439 744 1469 aderant
774 1449 844 1469 cum
876 1449 914 1468 eo
945 1437 1066 1480 aliquot
1095 1440 1240 1481 episcopi
1271 1446 1302 1470 et
1332 1440 1462 1481 quidam
1494 1440 1534 1471 de
1565 1441 1767 1482 principibus

68 1503 96 1522 2⁵
116 1491 218 1532 regni.
263 1490 384 1521 Aderat
414 1491 509 1521 etiam
541 1490 586 1520 ibi
618 1489 669 1521 ille
694 1490 903 1531 Ha1·tvigus‘³‚
934 1491 986 1521 cui
1015 1496 1091 1521 tunc
1122 1502 1183 1521 non
1214 1491 1316 1522 solum
1349 1493 1599 1523 communicavit
1629 1493 1767 1534 quisque

116 1553 268 1585 praesens
291 1542 473 1584 episcopus,
498 1541 602 1572 clerus
626 1548 656 1572 et
679 1541 829 1582 populus,
853 1541 909 1572 sed
933 1543 1028 1573 etiam
1054 1542 1258 1573 Ruothardus
1268 1543 1292 1583 ¹³,
1321 1544 1375 1585 qui
1398 1549 1471 1574 ante
1495 1543 1617 1586 aliquot
1641 1555 1768 1575 menses

116 1599 191 1636 post
214 1594 336 1625 obitum
363 1592 516 1624 Wezelini
548 1593 715 1624 ordinatus
745 1599 793 1624 est
816 1593 1026 1634 Moguntinae
1056 1594 1211 1625 ecclesiae
1242 1595 1516 1636 archiepiscopus,
1548 1596 1647 1626 cessit
1676 1597 1704 1627 ei
1736 1597 1765 1626 in

117 1645 230 1677 ordine
248 1650 281 1676 et
296 1645 403 1676 officio
419 1656 476 1675 suo
494 1652 524 1676 et
541 1646 704 1676 consensit
720 1645 853 1686 indigno
870 1645 976 1685 modo,
1002 1651 1036 1676 ut
1059 1645 1099 1676 ad
1124 1647 1215 1677 initia
1238 1646 1473 1677 nocturnalium
1496 1646 1672 1678 lectionum
1697 1647 1768 1678 soli-

117 1703 166 1729 tas
196 1697 438 1728 benedictiones
467 1696 586 1728 faceret
616 1697 648 1727 in
679 1701 744 1727 tam
776 1695 894 1728 celebri
926 1702 1087 1728 conventu
1116 1703 1147 1729 et
1176 1699 1207 1729 in
1238 1704 1301 1729 tam
1332 1698 1449 1729 celebri
1475 1704 1567 1730 nocte
1590 1700 1767 1730 nativitatis

70 1759 98 1779 so
118 1749 260 1780 Domini.
307 1748 361 1779 Sic
382 1759 469 1787 vero,
492 1749 538 1779 sic
562 1759 647 1780 nunc
672 1749 909 1791 promulgatrix
934 1755 982 1780 est
998 1754 1054 1780 aut
1070 1750 1237 1780 executrix
1254 1755 1437 1780 sanctorum
1456 1761 1616 1781 canonum
1634 1751 1768 1792 Mogun-

117 1801 184 1832 tina
207 1811 336 1842 quoque
359 1799 506 1838 ecclesia,
536 1811 599 1831 non
623 1801 793 1832 attendens
817 1802 884 1831 sive
909 1801 1160 1842 parvipendens,
1190 1801 1267 1843 quid
1292 1808 1416 1842 gestum
1443 1803 1483 1832 sit
1506 1803 1537 1832 in
1562 1813 1609 1841 ea,
1637 1809 1667 1833 et
1691 1803 1767 1844 quid

116 1851 254 1894 gesserit
276 1852 357 1893 ipsa,
381 1852 542 1894 quomodo
566 1852 618 1883 ille
641 1852 819 1894 Hartvigus
843 1852 1002 1883 iudicatus
1027 1858 1060 1883 et
1083 1853 1253 1884 damnatus
1277 1854 1317 1884 sit
1339 1854 1370 1883 in
1395 1865 1442 1884 ea.
1493 1854 1556 1884 Pro
1586 1853 1767 1885 huiusmodi

118 1903 230 1935 scribit
246 1902 418 1934 Gelasius⁴
440 1914 526 1945 papa
550 1910 660 1935 contra
683 1905 824 1935 fautores
842 1904 966 1934 Acatii:
991 1904 1081 1935 Haec
1105 1910 1160 1945 est,
1184 1906 1342 1947 inquiens,
1365 1906 1424 1936 illa
1448 1907 1597 1943 mistura,
1623 1906 1700 1936 haec
1725 1911 1768 1937 est

117 1955 178 1987 illa
202 1956 365 1996 confusio,
388 1966 455 1997 qua
474 1967 536 1996 per
558 1961 657 1987 totum
682 1956 741 1986 hoc
764 1967 898 1997 reynum
925 1957 1010 1986 rinter
1034 1957 1226 1987 catholicam
1253 1957 1488 1998 hereticamque
1511 1959 1765 1988 commmzionem

71 2016 100 2036 ³5
119 2007 211 2039 nulla
233 2012 279 2038 est
301 2007 464 2046 discretio,
488 2007 623 2049 ideoque
647 2009 731 2039 sicut
755 2009 913 2049 quisquis,
943 2007 996 2045 ait,
1027 2008 1066 2038 ab
1091 2008 1151 2038 bac
1175 2008 1356 2039 colluvione
1379 2013 1568 2039 cunctorum
1593 2014 1769 2049 separatus

119 2063 164 2089 est
186 2059 335 2090 sincerae
358 2060 597 2090 communionis
620 2064 648 2090 et
672 2060 743 2091 ideo
768 2059 948 2090 catholicus
972 2059 1210 2099 comprobatur,
1233 2061 1281 2090 ita
1303 2060 1452 2101 quisquis
1478 2059 1568 2090 itlius
1585 2060 1768 2091 detestandi

1788 1175 1903 1197 Zac11.11‚

1805 1205 1836 1223 15.
1851 1205 1884 1223 16¹».

231 2164 257 2195 a)
280 2167 403 2188 constare
425 2163 480 2188 Gel.
557 2165 582 2194 b)
605 2164 779 2188 Ruochardus
803 2166 824 2189 l.

233 2262 258 2296 1)
283 2262 373 2296 Epist.
399 2261 447 2293 27,
477 2267 491 2291 ς’
518 2263 564 2297 12,
599 2262 676 2287 lez‘el
695 2271 726 2296 p.
745 2262 815 2288 435.
936 2262 965 2297 2)
988 2263 1061 2289 Ibid.
1086 2266 1099 2292 ς’
1124 2262 1150 2293 9,
1184 2262 1261 2288 leiel
1281 2271 1312 2296 p.
1334 2262 1404 2288 431.
1525 2263 1554 2296 3)
1578 2263 1662 2289 Hanc
1683 2266 1767 2289 totam

121 2321 179 2339 rem
206 2313 376 2339 Walramnm
406 2313 470 2339 odio
500 2313 636 2347 Ham-iqi
667 2314 818 2339 adductum
844 2313 961 2347 finxisse
991 2314 1186 2340 contenderim.
1240 2315 1315 2341 Nam
1346 2323 1432 2348 neque
1462 2315 1531 2340 anni
1564 2314 1653 2341 1088.
1682 2323 1768 2348 neque

75 2368 103 2387 ⁴0
125 2364 213 2390 1089.
238 2364 283 2390 die
304 2365 397 2391 natali
421 2364 525 2391 Christi
545 2365 617 2391 lianc
644 2374 699 2390 rem
729 2365 866 2391 accidisse
888 2365 980 2398 facile
1008 2365 1196 2392 demonstrari
1219 2369 1319 2399 potest.
1378 2366 1547 2392 HU‘tlramum
1578 2366 1647 2391 anni
1679 2366 1767 2393 1088.

122 2415 295 2442 nativitatem
318 2416 436 2442 Domini
458 2416 486 2442 in
509 2421 596 2442 mente
616 2417 747 2443 habuisse
769 2417 855 2443 elucet
879 2426 892 2442 e
914 2417 1022 2443 rerbis:
1045 2416 1241 2447 Ruothnrdus,
1266 2417 1314 2451 qui
1339 2420 1406 2443 ante
1430 2417 1542 2452 aliquot
1564 2425 1678 2443 menses
1701 2422 1768 2452 post

125 2465 234 2492 obitum
250 2467 394 2493 Wezeliui
419 2467 568 2494 ordinatus
593 2471 646 2493 est.
684 2469 760 2494 Nam
785 2469 930 2495 ordinatus⁴
955 2472 992 2494 est
1017 2469 1044 2494 ἵ).
1062 2469 1128 2495 Kal.
1149 2468 1243 2496 Octob.
1261 2469 1330 2494 anni
1350 2469 1446 2499 108&
1471 2472 1494 2494 et
1518 2478 1532 2494 e
1555 2470 1645 2495 verbis
1669 2469 1770 2502 capitis

123 2517 307 2553 insequentis:
329 2518 399 2545 Post
422 2518 488 2546 illos
512 2523 607 2545 autem
631 2519 703 2553 dies,
729 2519 834 2554 quibus
857 2519 929 2546 haec
953 2528 1026 2554 quae
1045 2519 1166 2545 diximus
1182 2520 1260 2545 facta
1277 2523 1343 2546 sunt
1359 2520 1537 2553 Moguntiae,
1563 2520 1770 2546 concelebrata

125 2571 169 2594 est
195 2572 244 2595 etc.
296 2569 394 2596 stledio
422 2571 492 2596 enim
522 2580 595 2597 anno
626 2571 715 2598 1089.
738 2572 932 2604 imperatorem
956 2572 1112 2598 Praxedem
1138 2571 1167 2597 in
1198 2571 1403 2597 matrimonium
1434 2572 1546 2598 duaez‘sse
1575 2572 1648 2597 inter
1679 2580 1769 2597 omnes

77 2623 105 2643 ⁴5
125 2623 230 2646 constat
253 2620 391 2655 (Stumpf,
415 2622 485 2656 Req.
510 2622 610 2656 289&
640 2623 747 2651 Elckeh.
773 2623 838 2649 Chr.
863 2633 889 2648 a.
918 2623 1016 2656 1089,-
1046 2623 1118 2651 Ann.
1142 2623 1258 2657 Auqust.
1283 2632 1310 2650 a.
1338 2624 1440 2657 1089).
1494 2624 1563 2649 Inde
1587 2623 1716 2656 efficitur,
1741 2626 1769 2648 ut

125 2679 196 2705 quae
223 2671 382 2698 Walramus
410 2673 577 2708 Moquntiae
605 2674 698 2700 natali
726 2674 844 2700 Domini
866 2675 953 2707 sacta
983 2683 1040 2700 esse
1070 2674 1208 2700 contendit
1237 2684 1264 2701 a.
1291 2675 1380 2701 1088.
1404 2684 1459 2701 non
1483 2674 1568 2708 sacta
1599 2683 1656 2700 esse
1684 2674 1770 2699 statui

126 2730 180 2748 non
202 2723 301 2756 possit.
353 2724 388 2750 At
414 2725 465 2750 hoc
487 2734 562 2751 anno
584 2725 777 2759 imperatorem
801 2726 879 2760 apud
902 2725 1030 2753 Gliclzam
1048 2725 1141 2758 fuisse
1169 2726 1327 2752 H'alramus
1350 2727 1410 2760 ipse
1431 2727 1470 2760 (c.
1488 2726 1542 2759 35)
1565 2725 1642 2757 dicit,
1673 2728 1696 2750 et
1719 2725 1772 2750 alii

126 2773 241 2800 tradunt
263 2773 415 2806 (Bernoldz'
439 2776 519 2809 Cim,-
542 2777 613 2805 Ann.
635 2777 783 2809 Hildesh.;
806 2777 877 2805 Arm.
895 2777 1038 2812 August).
1083 2777 1158 2803 Anni
1181 2781 1272 2804 autem
1298 2778 1388 2804 1089.
1412 2777 1483 2804 diem
1506 2777 1629 2803 natalem
1653 2776 1771 2801 Domini

126 2823 319 2858 imperatorem
344 2826 519 2861 Ratisponae
541 2827 695 2854 celebrasse
717 2828 788 2856 Anu.
812 2829 891 2855 Saxo
912 2832 1023 2855 narrat.
1146 2828 1176 2863 4)
1200 2828 1291 2863 Epist.
1316 2828 1365 2861 37,
1389 2833 1404 2859 ς’
1429 2829 1476 2861 11,
1504 2828 1580 2854 leiel
1603 2827 1627 2859 I,
1651 2836 1679 2861 p.
1698 2826 1768 2853 454.
