2132 3067
281 553 327 575 (²³)

281 963 328 987 (24)

180 1431 206 1450 ct‘.
219 1430 272 1450 Lev.
279 1431 298 1452 «1,
310 1431 330 1450 3.

351 142 410 172 122
749 143 902 169 LIBELLI
925 143 1122 170 BERNALDI
1145 142 1383 170 PRESBYTERI
1406 142 1591 170 MONACHI.

350 235 420 264 sine
449 233 545 263 (lubio
571 244 771 274 permanere.
819 230 954 271 Quodsi,
983 232 1069 273 quod
1093 232 1185 269 absit,
1211 231 1251 261 ab
1276 232 1334 262 bac
1358 243 1405 262 me
1429 232 1554 262 unitate
1579 231 1693 274 aliqua
1715 233 1924 263 eoecusatione
1950 234 1994 264 vel

350 289 540 325 ctryunieuto
565 285 718 322 divisero,
743 283 892 323 periurii
920 288 1046 313 reatum
1073 284 1249 314 incurrens
1278 287 1430 314 aeternae
1456 295 1565 324 penae
1588 283 1750 324 obliqutus
1773 285 1938 323 inveniar,
1968 289 1996 314 et

349 348 419 366 cum
444 340 575 366 anctore
599 336 761 365 scisnuztis
784 334 919 364 habeam
946 335 1117 374 infutnro
1141 336 1244 365 seculo
1265 335 1455 374 portionem.
1502 334 1589 365 Huic
1612 335 1831 375 confessionis
1850 336 1993 375 promis-

348 388 511 427 sionisque
535 398 621 417 meae
644 386 791 416 cartulae
811 387 956 426 propria
978 397 1080 416 manu
1101 386 1295 426 subscripsi.
1341 386 1457 416 Actum
1481 387 1517 416 in
1542 385 1595 417 illo
1618 386 1696 424 loco,
1720 386 1771 417 die
1795 386 1850 417 illo
1873 391 1901 417 et
1924 398 1995 423 con-

349 439 415 469 sule
441 437 505 468 illo.
545 437 770 478 Subscriptio:
795 437 865 478 Eyo
891 436 981 467 iilius
1006 438 1150 468 civitatis
1172 437 1225 468 ille
1246 438 1422 478 episcopus
1446 437 1521 468 haic
1542 438 1760 478 promissioni
1778 438 1995 478 professioni.-
2015 450 2027 469 5

349 502 407 531 qne
441 501 526 519 meae
558 490 692 530 prestito
727 489 765 519 (le
800 488 1034 519 conservandis
1069 500 1172 529 supra
1207 489 1341 529 scriptis
1376 489 1523 519 omnibus
1563 494 1767 520 sacramento
1806 490 1995 531 subscripsi.

350 540 522 571 Sciendum
548 546 654 571 autem
685 541 776 570 iuxta
804 539 1050 570 adtestationem
1076 544 1260 570 sanctorum
1292 544 1417 580 patrum
1444 541 1639 581 Augustinil
1664 546 1695 571 et
1718 539 1864 581 Pelagii²
1893 551 1996 582 papae

349 591 420 622 illos
445 591 665 622 indubitanter
687 591 888 622 scismaticos
913 602 992 630 esse,
1018 593 1202 633 quicunque
1226 591 1320 622 divisi
1345 598 1420 621 sunt
1441 591 1482 622 ab
1506 590 1682 632 apostolica
1698 592 1784 623 sede.
1831 592 1895 623 Sed
1919 593 1996 635 quid

350 643 389 674 ab
415 643 562 673 hereticis
586 643 744 683 differant,
775 650 905 674 sanctus
931 643 1111 674 Ieronimus
1141 643 1172 674 in
1201 648 1338 673 tractatu
1367 654 1465 684 super
1496 643 1662 684 epistolam
1693 643 1733 674 ad
1757 644 1890 674 Titum-‘¹
1919 645 1996 675 satis

349 694 499 726 declarat.
545 695 635 726 Inter
666 695 811 734 heresim,
842 695 955 736 inquit,
986 700 1013 725 et
1036 696 1152 725 scisma
1179 694 1236 725 lioc
1261 696 1410 725 interesse
1435 694 1648 735 arbitramur,
1672 695 1757 736 qnod
1780 695 1900 726 heresis
1920 707 1995 737 per·
2017 707 2043 726 ιο

350 758 475 777 versum
499 747 616 788 doymo
642 747 774 785 habea&
797 748 915 777 scisma
936 752 1074 788 propter
1096 747 1311 788 episcopalem
1333 747 1566 778 dissensionem
1586 746 1625 776 ab
1643 747 1799 777 aecclesia
1815 752 1995 788 separetur.

350 797 444 837 Quod
474 797 603 839 quidem
637 799 667 827 in
700 799 858 839 principio
889 797 997 840 aliqua
1027 810 1066 829 ex
1098 803 1187 839 parte
1215 796 1348 838 intelligi
1380 804 1493 838 potest.
1547 797 1697 829 Ceterum
1727 797 1849 828 nullum
1881 799 1997 829 scisma

351 861 412 880 non
444 850 504 880 sibi
534 849 673 891 aliquam
705 850 862 889 confingit
892 849 1040 888 heresim,
1072 857 1107 880 ut
1137 855 1221 881 recte
1250 849 1289 880 ab
1321 848 1458 880 ecclesia
1489 850 1658 880 recessisse
1690 849 1846 881 videatur.
1903 849 1997 881 Unde

350 901 463 933 beatus
488 902 689 942 Augustinus
713 901 752 932 ad
778 901 977 933 Emeritam⁴
1001 901 1145 932 scribens
1170 901 1209 932 de
1226 901 1407 932 Donatistis
1430 901 1577 939 asserit&
1601 900 1688 942 quod
1711 901 1829 932 scisma
1852 903 1882 932 in
1907 901 1996 933 liere-

349 954 409 984 sim
435 953 516 983 male
542 953 778 994 perseverando
802 954 1028 984 converterint.
1074 953 1168 992 Quod
1193 961 1299 984 autem
1324 959 1468 983 sanetum
1489 953 1646 983 Nieenum
1665 952 1847 992 concilium,
1872 959 1906 984 ut
1929 965 1998 995 pre·
2019 963 2044 983 15

349 1005 520 1039 diximus5,
553 1003 686 1035 elericos
710 1005 962 1036 Nox-atianorum
989 1016 1046 1046 per
1071 1016 1182 1035 manus
1207 1005 1445 1046 impositionem
1471 1003 1673 1045 recipiendos
1703 1006 1851 1045 asseruit,
1880 1016 1999 1047 nequa-

350 1067 444 1098 quam
469 1056 604 1086 aliorum
631 1062 814 1088 sanctorum
842 1062 966 1097 patrum
991 1057 1158 1087 sententiis
1182 1056 1278 1087 debet
1301 1057 1495 1087 contrarium
1519 1056 1670 1097 reputari,
1694 1056 1748 1097 qui
1770 1056 1879 1098 lapsos
1896 1068 1998 1088 sacer-

350 1108 440 1138 dotes
471 1109 537 1139 sive
566 1108 718 1140 diacones
748 1119 805 1149 per
828 1119 940 1138 manus
970 1108 1207 1149 impositionem
1238 1107 1415 1138 remedium
1442 1108 1607 1149 penitendi
1630 1108 1712 1139 inter
1735 1108 1834 1139 laicos
1857 1109 1999 1149 recipere

349 1159 591 1200 prohibuerunt.
649 1159 745 1190 Aliud
781 1164 829 1190 est
859 1160 942 1190 enim
975 1159 1151 1201 quemlibet
1180 1170 1220 1190 ex
1252 1160 1352 1189 heresi
1384 1159 1433 1190 vel
1464 1161 1614 1190 scismate
1645 1170 1836 1190 conversum
1868 1168 1999 1191 sanctae

349 1210 503 1242 ecclesiae
529 1223 585 1252 per
609 1222 721 1241 manus
746 1211 983 1252 impositionem
1002 1211 1233 1251 redintegrari3
1257 1210 1344 1241 aliud
1369 1210 1546 1252 quemlibet
1569 1212 1600 1241 in
1625 1211 1804 1242 sacerdotio
1826 1211 1875 1243 vel
1895 1212 2000 1243 diaco·
2020 1224 2046 1242 2⁰

349 1269 424 1293 natu
448 1263 656 1293 criminaliter
679 1262 804 1304 lapsum
829 1273 892 1292 non
916 1262 1034 1293 debere
1059 1263 1211 1304 consequi
1235 1263 1412 1293 remedium
1437 1263 1599 1303 penitendi
1621 1274 1678 1304 per
1696 1274 1807 1293 manus
1824 1264 2000 1305 impositio-

348 1325 420 1345 nem
447 1319 481 1345 ut
503 1313 631 1345 laicum.
679 1314 738 1344 1⁴2t⁶
770 1313 851 1345 hanc
881 1315 991 1356 utique
1023 1313 1263 1345 observantiam
1290 1313 1328 1344 de
1353 1313 1450 1356 lapsis
1474 1314 1694 1345 sacerdotibus
1718 1315 1787 1345 sive
1810 1315 2000 1346 diaconibus

351 1366 463 1397 beatus
488 1365 573 1396 Leo*
599 1367 721 1407 primus
754 1367 786 1396 in
816 1365 952 1396 decretis
985 1366 1050 1396 suis
1082 1377 1152 1407 cap.
1178 1365 1286 1396 XXV.
1311 1377 1351 1396 ex
1383 1365 1562 1407 apostolica
1587 1366 1758 1397 traditione
1782 1366 2001 1398 indubitanter

351 1417 554 1448 descendisse
579 1423 722 1458 testatur,
747 1418 838 1448 iuxta
863 1417 939 1448 illud
965 1417 1050 1459 quod
1076 1418 1231 1459 scriptum
1257 1422 1320 1448 est:
1345 1417 1508 1449 Sacerdos
1531 1419 1560 1449 si
1578 1420 1775 1459 peccaverit,
1799 1420 1871 1461 quis
1895 1419 2000 1450 orabit

350 1482 411 1511 pro
435 1470 490 1500 eo?
529 1469 592 1500 Sed
618 1475 649 1500 ct
671 1470 702 1499 in
727 1468 906 1500 canonibus
930 1469 1148 1510 apostolorum
1174 1480 1243 1510 cap.
1262 1469 1386 1500 XXV.⁸
1409 1471 1581 1511 reperitur:
1606 1471 1802 1512 Episcopus,
1822 1471 2001 1512 presbyter,
2020 1481 2047 1500 2⁵

351 1521 522 1561 diaconus,
546 1523 580 1552 in
606 1521 792 1561 homicidio,
813 1522 975 1562 periurio,
1000 1522 1066 1552 sive
1080 1521 1310 1562 fornicatione
1326 1521 1557 1562 deprehensus,
1581 1522 1780 1562 deponatur,
1804 1534 1869 1553 non
1894 1527 1999 1553 autem

352 1574 664 1608 eaecommmzicetnr;
694 1585 756 1603 non
781 1574 866 1603 enim
885 1573 974 1604 Deus
997 1573 1046 1603 bis
1068 1573 1198 1604 iudicat
1221 1574 1256 1603 in
1280 1572 1450 1613 idipsum.
1489 1572 1613 1614 Nempe
1636 1574 1727 1604 iuxta
1749 1573 1997 1605 ecclesiasticam

353 1624 617 1655 consuetudinem
643 1624 775 1655 clericus
799 1635 856 1665 pro
881 1636 917 1655 eo
941 1624 1072 1655 crimine
1097 1623 1216 1666 deponi
1241 1624 1379 1664 iubetur,
1404 1636 1462 1666 pro
1487 1635 1550 1667 quo
1566 1624 1679 1663 laicus,
1703 1626 1729 1656 si
1746 1625 1922 1665 admiserit,
1947 1637 1998 1656 ex-

352 1677 653 1715 communicabitur,
684 1683 717 1707 ut
744 1677 775 1706 in
805 1677 933 1706 statutis
961 1682 1143 1707 sanctorum
1175 1681 1301 1717 patrum
1331 1676 1592 1718 frequentissime
1615 1677 1807 1708 decernitur.
1852 1677 1946 1708 Unde
1969 1683 2000 1708 et

352 1727 423 1759 laici
454 1728 575 1769 absque
605 1727 820 1758 ecclesiastica
850 1728 1076 1759 communione
1108 1727 1210 1759 solent
1234 1728 1385 1769 penitere,
1417 1728 1501 1758 sicut
1524 1733 1555 1759 et
1578 1727 1686 1759 elerici
1709 1728 1832 1770 absque
1855 1729 2000 1759 ammini-
2019 1739 2047 1758 so

352 1781 507 1810 stratione
531 1780 638 1810 officii.
684 1779 756 1810 Non
784 1791 859 1820 ergo
892 1779 1017 1819 mirum,
1049 1780 1074 1809 si
1104 1779 1209 1810 elerici
1234 1790 1290 1820 per
1313 1790 1425 1809 manus
1450 1780 1687 1821 impositionem
1712 1780 1887 1811 remedium
1914 1781 2001 1823 peni-

352 1832 440 1863 tendi
465 1843 522 1873 pro
546 1830 736 1862 criminibus
760 1831 908 1861 admissis
938 1842 1000 1861 non
1032 1837 1065 1862 ut
1093 1830 1165 1862 laici
1197 1837 1428 1869 eonsecuntur3
1463 1833 1517 1873 qui
1549 1843 1764 1874 nequaquam,
1795 1838 1830 1863 ut
1859 1831 1914 1871 illi,
1943 1843 2000 1874 pro

353 1884 541 1914 criminibus
572 1883 845 1914 exconnnunicari
878 1882 1037 1916 iubentur.
1085 1883 1119 1914 Si
1150 1888 1255 1914 autem
1288 1884 1474 1925 ipsiusque
1514 1883 1542 1913 ul
1573 1883 1787 1914 anathematis
1810 1885 1999 1915 sententiam

352 1935 573 1967 inobedientes
601 1936 776 1972 extiterint,
807 1945 1010 1976 consequens
1039 1940 1101 1973 est,
1135 1939 1168 1965 ut
1200 1946 1256 1976 per
1287 1946 1399 1965 manus
1432 1935 1668 1976 impositionem
1699 1939 1830 1966 sanctae
1860 1935 1999 1967 redinte-

351 1994 482 2029 grentur
506 1986 672 2024 ecclesiae,
696 1997 767 2017 cum
793 1986 955 2025 redierint,
980 1987 1060 2017 sicut
1083 1991 1113 2017 et
1138 1991 1283 2016 sanctum
1301 1986 1457 2017 Nieenum
1483 1986 1653 2017 concilium
1679 1986 1717 2017 de
1740 1986 1930 2018 Novatianis
1953 1987 1999 2018 in·
2019 1996 2046 2016 ³⁵

351 2041 463 2071 stituit.
510 2039 680 2080 Nunquam
713 2043 830 2075 tamen,
862 2043 896 2068 ut
925 2037 1007 2077 laici,
1038 2037 1216 2069 remedium
1243 2038 1406 2079 penitendi
1438 2049 1495 2080 per
1525 2049 1638 2069 manus
1663 2039 1902 2080 impositionem
1927 2050 1999 2070 con-

350 2097 535 2133 sequentur,
558 2090 683 2121 etiamsi
708 2090 834 2131 penitus
858 2090 981 2131 absque
1005 2089 1118 2120 ordine
1140 2094 1293 2130 suscepto
1310 2090 1518 2131 recipiantur.
1566 2090 1650 2120 Hinc
1667 2089 1780 2121 beatus
1798 2091 1999 2132 Augustinus

352 2144 383 2174 in
415 2143 495 2173 libro
527 2142 549 2173 1.
582 2147 691 2172 contra
723 2141 911 2172 Donatistas
946 2141 985 2172 de
1022 2141 1205 2182 baptismo⁹
1240 2141 1279 2171 de
1316 2141 1462 2182 quolibet
1497 2141 1636 2173 heretico
1674 2147 1704 2172 et
1739 2142 1841 2173 heresi
1878 2142 1999 2184 absque

352 2195 639 2225 annninistratione
663 2193 761 2223 officii
785 2199 914 2234 recepto
946 2199 1089 2231 testatur,
1121 2193 1206 2235 quod
1239 2204 1296 2223 nec
1329 2193 1388 2234 ipsi
1422 2204 1535 2224 manus
1564 2194 1646 2224 inter
1675 2193 1774 2224 laicos
1804 2193 1999 2236 imponenda

353 2247 402 2286 sit,
427 2258 463 2276 eo
488 2245 573 2286 quod
597 2251 627 2275 et
651 2246 681 2275 in
706 2244 852 2286 deposito
877 2250 1113 2275 sacramentum
1139 2244 1349 2276 ordinationis
1374 2245 1595 2286 permanserit.
2018 2253 2045 2272 4⁰

464 2332 489 2353 n)
511 2328 602 2351 (licens
624 2327 686 2350 ueld.
710 2326 734 2357 7,
754 2327 800 2350 sed
820 2326 870 2351 del.

464 2402 488 2434 l)
513 2401 574 2426 Ilm:
596 2401 622 2426 in
649 2401 778 2435 uper-ibus
794 2401 944 2435 .·lnqustini
967 2410 1018 2426 non
1043 2401 1190 2435 reperitur,
1214 2401 1251 2433 cf.
1276 2404 1366 2426 autem
1387 2401 1430 2427 Dc
1453 2400 1582 2427 doctrina
1605 2400 1700 2426 christ.
1718 2404 1736 2426 I.
1754 2400 1795 2433 II,
1819 2402 1834 2432 ἓ
1854 2401 1899 2432 12,
1927 2399 1997 2434 Opp.

354 2455 395 2480 cd.
423 2454 525 2479 lteuml.
549 2456 568 2478 t.
587 2452 643 2485 Ill,
665 2461 695 2486 p.
715 2453 736 2484 l,
760 2453 812 2479 col.
831 2454 880 2479 ⁶23.
968 2453 998 2485 2)
1023 2453 1095 2486 Epp.
1119 2452 1158 2477 ad
1187 2451 1325 2478 Viator-em
1351 2456 1373 2478 e!
1399 2452 1591 2486 I'ancratium,
1616 2451 1715 2478 Mansi
1735 2454 1755 2478 t.
1773 2452 1828 2484 IX,
1852 2451 1904 2479 col.
1923 2451 1998 2486 732,-

352 2505 437 2538 Jnjst‘12
461 2514 502 2529 nr.
521 2504 590 2534 994,
616 2504 661 2527 nbi
682 2504 884 2536 ωτ.»1ιιῃυ.«ιι“ηο
907 2504 1064 2537 alleyatnr:
1089 2502 1143 2534 Qui
1168 2503 1319 2528 adversum
1344 2503 1546 2529 auctoritatem
1570 2503 1683 2529 illarum
1701 2502 1898 2536 ecelesiarum,
1923 2510 1998 2537 quae

354 2555 530 2590 apostolicas
548 2555 631 2581 sedes
649 2559 675 2580 et
693 2554 831 2588 epistolas
849 2555 983 2588 accipere
1006 2557 1181 2587 meruerunt,
1206 2557 1315 2581 temere
1336 2555 1438 2587 credit,
1463 2555 1698 2581 immanissimum
1723 2554 1865 2580 scismatis
1889 2554 1996 2581 crimen
2017 2557 2043 2576 ⁴⁵

354 2616 369 2632 a
394 2616 423 2632 se
448 2606 618 2641 propulsare
642 2614 699 2631 non
722 2606 838 2640 poterit.
864 2610 887 2631 et
911 2607 949 2632 ad
973 2606 1149 2632 Valerianum
1173 2607 1192 2632 I.
1210 2607 1228 2633 l.
1253 2607 1305 2632 col.
1325 2607 1402 2640 733,·
1424 2607 1510 2640 Jasse'
1533 2616 1575 2633 nr.
1597 2607 1685 2633 1038.
1808 2606 1838 2639 3)
1861 2606 1905 2632 Ad
1928 2615 1950 2632 c.
1968 2605 1996 2638 3,

354 2669 378 2687 e.
407 2660 452 2685 10.
482 2660 526 2690 11,
551 2659 592 2684 ed.
617 2658 774 2684 l'allursius
797 2662 815 2685 t.
839 2658 902 2690 1'11,
926 2658 977 2683 col.
997 2657 1066 2683 7³8.
1170 2657 1200 2692 4)
1225 2658 1278 2691 ΕΡ.
1298 2658 1345 2690 8ῗ,
1370 2660 1384 2689 §
1408 2658 1436 2690 4,
1463 2658 1533 2692 Opp.
1557 2659 1600 2684 ecl.
1624 2658 1730 2684 Bened.
1754 2661 1773 2684 t.
1792 2657 1833 2690 II,
1857 2657 1908 2683 col.
1925 2656 1996 2683 209.

355 2712 384 2743 5)
408 2711 503 2745 Supra
524 2719 553 2744 p.
576 2711 642 2736 ΠΗ.
664 2711 731 2735 115³.
846 2709 873 2736 G!
899 2709 931 2733 lit
955 2709 1028 2734 lianc
1052 2724 1090 2728 —
1117 2709 1239 2734 instituit
1264 2710 1328 2743 (lin.
1347 2708 1400 2742 35)
1423 2719 1456 2735 ex
1480 2709 1634 2735 Ilincmaro
1659 2719 1681 2737 c.
1700 2709 1738 2735 24
1763 2709 1913 2738 (Turi-ian.
1936 2708 1954 2735 l.
1972 2708 1996 2741 l,

354 2772 376 2788 c.
395 2762 442 2793 ¹21,
466 2771 494 2795 p.
514 2761 574 2787 79).
664 2761 692 2791 T)
716 2762 808 2794 Supra
829 2770 859 2794 p.
882 2760 947 2787 118.
1037 2760 1066 2794 ὅ)
1090 2761 1209 2786 Mesatis
1234 2761 1332 2793 verbis,
1357 2760 1508 2786 Ilinschius
1529 2770 1559 2795 p.
1577 2761 1627 2787 28.
1715 2761 1744 2793 9)
1767 2763 1782 2792 5
1805 2761 1833 2793 2,
1859 2759 1930 2794 opp.
1954 2760 1995 2786 ed.

354 2814 458 2839 Bened.
481 2818 500 2841 Ι,
520 2813 573 2844 IX,
598 2813 648 2838 col.
668 2813 716 2838 30.
2016 2813 2044 2833 50
