2132 3067
549 150 599 176 DE
622 149 794 177 UNITATE
817 149 1026 176 ECCLESIAE
1048 149 1341 177 CONSERVANDA.
1715 145 1773 175 241

128 241 298 272 decernere
318 240 579 281 praesumpserit
589 243 612 279 ²¹,
635 238 698 269 loci
721 239 775 269 sui
797 239 960 280 diqnitate
987 239 1031 270 vel
1055 240 1279 270 communione
1299 240 1459 280 privetur.
1503 238 1589 268 Ecce
1614 242 1720 267 autem
1745 237 1777 267 in

128 292 261 333 privatis
285 290 519 322 conventiculis
542 290 650 332 agitur
672 289 712 320 de
735 289 924 331 pontificatu
948 289 1033 320 sedis
1055 290 1262 331 apostolicae,
1287 300 1368 332 quae
1384 289 1444 320 sub
1462 288 1676 320 Hildebranto
1694 292 1778 319 certe

128 343 257 375 videtur
279 342 450 384 privilegia
473 343 629 384 primatus
653 341 702 372 sui
725 341 882 380 amisisse,
912 352 984 371 cum
1009 342 1078 383 ipse
1101 341 1239 373 voluerit
1262 352 1325 372 non
1349 341 1435 383 apud
1460 352 1541 380 eam,
1571 352 1653 382 quae
1676 345 1779 371 mater

128 400 178 426 est
208 395 349 425 omnium
379 393 598 432 ecclesiarum,
630 392 686 424 sed
716 393 748 423 in
780 398 869 434 parte
899 403 1029 423 suorum
1062 403 1132 424 esse
1162 394 1212 424 ius
1241 398 1496 434 potestatemque
1526 393 1689 423 iudicandi
1714 403 1777 423 non

96 459 108 477 5
128 446 232 477 solum
262 445 302 476 de
335 456 529 487 unaquaque
559 443 705 485 ecclesia,
736 444 792 475 sed
821 444 861 474 de
892 444 962 485 ipsa
986 455 1114 485 quoque
1138 444 1296 476 *Romana
1319 445 1466 476 ecclesia.
1512 444 1665 486 Ideoque,
1696 444 1778 474 sicut

128 498 214 529 Leo¹
240 508 326 540 papa
349 497 461 528 scribit
483 502 514 528 et
537 495 695 527 catholica
718 495 855 527 ecclesia
877 497 1051 527 consentit:
1075 496 1291 538 Priuileqium
1315 501 1453 527 meretur
1469 498 1600 527 omnino
1622 497 1778 535 anzittere,

129 551 185 592 qui
202 550 369 592 permissa
392 549 455 580 sibi
478 549 626 580 abutitur
646 552 812 589 potestate.

234 602 285 632 24.
330 600 415 631 Ecce
445 600 529 631 enim
560 600 643 630 idem
669 598 864 630 Hildebrant
888 598 1112 630 Coloniensem
1144 598 1313 629 ecclesiam
1345 599 1410 629 suis
1441 610 1569 641 quoque
1600 597 1777 640 privilegiis

129 651 289 695 spoliavit,
314 652 369 694 qui
393 651 554 692 Hartvigo
578 650 889 691 Magadaburgensis
914 649 1070 682 eeclesiae
1094 651 1245 692 episcopo
1271 650 1330 680 hoc
1355 651 1515 681 concessit
1539 656 1569 682 et
1594 650 1653 681 hoc
1677 650 1780 688 iussit,

83 716 109 735 10
130 711 164 735 ut
186 705 339 736 terminos
364 708 491 745 patrum
515 701 803 743 transgrediendob
828 701 993 733 invaderet
1018 702 1204 742 parochiam
1226 701 1358 733 alterius
1380 702 1616 744 metropolitani
1633 702 1779 743 episcopi

129 762 160 787 et
189 755 355 788 ordinaret
384 755 572 796 episcopum
605 753 765 796 quendam
791 753 1033 794 Reginhardum
1062 755 1093 784 in
1118 753 1279 785 Mindensi
1309 753 1466 784 ecclesia²
1489 753 1529 784 ad
1559 758 1778 795 contemptum

129 814 159 839 et
183 807 223 838 ad
246 808 395 838 iniuriam
414 806 562 847 sigiwini
580 805 782 836 Coloniensis
805 805 1053 847 archiepiscopi.
1100 805 1171 836 Hoc
1195 806 1293 836 etiam
1318 804 1466 846 exemplo
1490 810 1685 836 memoratus
1703 804 1779 836 Otto

129 860 303 901 episcopus
320 858 431 889 Ostiae
447 857 673 898 Moguntinam
690 857 859 888 eeclesiam
878 857 944 887 suis
960 867 1090 898 quoque
1106 857 1285 899 privilegiis
1303 856 1453 898 spoliavit
1469 862 1566 898 atque
1589 858 1657 898 ipse
1681 862 1781 888 trans-

130 910 305 952 grediendo
329 909 424 940 simul
446 910 599 940 terminos
623 914 750 950 patrum
775 908 959 950 parochiam
985 908 1224 950 metropolitani
1252 908 1397 950 episcopi
1425 908 1543 939 invasit
1571 915 1601 939 et
1632 908 1672 939 ad
1704 919 1780 938 con·

84 973 109 992 15
130 967 284 1004 temptum
315 967 412 1003 atque
442 960 483 991 ad
511 961 660 991 iniuriam
686 959 844 991 Wezelini
868 960 1106 1002 archiepiscopi
1131 959 1359 992 Gebehardum
1385 959 1545 1001 quendam
1569 960 1599 990 in
1625 959 1782 990 Constan-

129 1014 223 1045 tiensi
252 1013 390 1044 ecclesia
420 1013 609 1054 episcopum
642 1011 834 1051 ordinavit³‚
865 1023 937 1043 cum
962 1011 1067 1043 adhuc
1090 1013 1186 1043 etiam
1210 1012 1347 1043 vixisset
1371 1012 1448 1043 Otto
1478 1012 1650 1053 episcopus
1679 1012 1782 1053 ipsius

131 1064 388 1097 Constantiensis
411 1063 582 1104 ecclesiae3
615 1063 673 1095 sed
697 1064 759 1095 iam
782 1063 907 1105 pridem
932 1063 972 1095 ab
1001 1074 1039 1094 ea
1067 1063 1222 1105 expulsus
1246 1069 1295 1095 est
1317 1064 1480 1102 iniuriose,
1513 1063 1589 1105 quia
1618 1062 1720 1094 noluit
1750 1064 1782 1093 in

130 1121 220 1159 parte
244 1115 449 1148 Hildebranti
479 1127 550 1147 esse
580 1120 611 1147 et
641 1126 711 1147 esse
742 1116 978 1146 communionis
1009 1121 1173 1147 externae.
1220 1115 1274 1147 Sic
1302 1126 1377 1146 vero
1407 1120 1590 1146 sanctorum
1621 1125 1780 1145 canonum

130 1167 260 1210 regulae
290 1167 516 1199 custodiuntur
547 1172 579 1198 et
609 1167 774 1198 observari
806 1168 998 1198 mandantur
1028 1167 1079 1198 vel
1108 1167 1149 1198 ab
1175 1166 1388 1198 Hildebranto
1418 1166 1468 1198 vel
1496 1167 1537 1198 ab
1562 1167 1691 1205 Ottone,
1722 1177 1780 1208 pro

83 1232 110 1250 20
131 1221 249 1262 quibus
272 1230 342 1260 vos,
373 1220 427 1261 qui
456 1218 582 1250 habetis
605 1218 707 1250 zelum
731 1230 886 1258 amarum,
917 1218 1064 1250 occiditis
1088 1224 1119 1250 et
1141 1218 1263 1258 zelatis,
1293 1218 1426 1260 litigatis
1451 1224 1482 1250 et
1505 1217 1712 1258 belligeratis,
1743 1229 1783 1249 ne

131 1273 172 1303 sit
193 1271 275 1302 alius
299 1271 444 1313 pontifex
468 1270 553 1302 sedis
575 1269 782 1312 apostolicae,
813 1271 875 1301 nisi
899 1282 956 1312 per
979 1281 1074 1312 quem
1100 1269 1270 1312 disciplina
1293 1270 1447 1302 ecclcsiae
1476 1275 1640 1301 evertatur
1669 1275 1700 1300 et
1727 1269 1782 1311 qui

131 1327 244 1354 eontra
266 1323 489 1354 auctoritatem
515 1322 646 1353 Domini
669 1323 779 1353 venire
803 1322 959 1361 videatur,
992 1326 1026 1353 ut
1056 1322 1119 1352 iam
1143 1322 1292 1353 omnibus
1316 1322 1465 1354 hereticis
1488 1321 1595 1353 aditus
1618 1322 1781 1362 ianuaque

131 1374 301 1417 pandatur.
348 1375 476 1405 Dicitur
499 1375 584 1405 enim
608 1385 664 1415 per
687 1373 817 1405 beatum
843 1373 911 1414 Iob,
935 1378 1100 1414 gerentem
1125 1373 1246 1404 scilicet
1269 1378 1382 1415 typum
1399 1373 1449 1405 vel
1465 1373 1585 1405 Christi
1609 1373 1659 1405 vel
1682 1372 1782 1405 eccle-

132 1427 213 1458 siae:
243 1426 315 1458 Alii
342 1428 496 1458 terminos
525 1426 778 1465 transtulerunt,
809 1425 1021 1467 diripuerunt
1044 1437 1159 1467 gyreyes
1183 1430 1209 1455 et
1230 1430 1396 1467 paverunt
1418 1437 1479 1456 eos.
1532 1424 1628 1456 Unde
1651 1430 1782 1455 sanctus

83 1487 110 1506 2⁵
131 1483 223 1520 pater
247 1477 424 1519 Gregorius
453 1478 485 1508 in
516 1477 606 1508 XVI.
631 1476 818 1508 Moralium:
850 1477 948 1517 Quos,
976 1477 1114 1518 inquit⁴,
1143 1476 1286 1508 aliorum
1310 1478 1439 1508 nomine
1461 1478 1530 1508 nisi
1553 1477 1708 1508 hereticos
1732 1476 1783 1507 de-

131 1532 254 1572 signat,
285 1530 344 1571 qui
372 1541 393 1560 a
421 1534 554 1560 sanctae
583 1529 732 1560 ecclesiae
755 1529 877 1570 yremio
901 1529 1051 1559 extranei
1074 1528 1241 1560 exsistant?
1294 1528 1368 1569 Ipsi
1390 1529 1474 1559 enim
1500 1530 1654 1560 terminos
1677 1533 1782 1558 trans-

123 1582 253 1623 ferunt,
282 1582 363 1623 quia
385 1581 632 1612 constitutiones
654 1585 788 1622 patrum
806 1581 1080 1622 praevaricando
1104 1580 1351 1611 transcendunt.
1403 1580 1453 1610 De
1481 1579 1600 1622 quibus
1623 1581 1781 1611 nimirum

131 1632 416 1664 constitutionibus
445 1633 602 1673 scriptum
633 1636 696 1663 est:
726 1631 786 1662 ‘Ne
817 1632 1083 1673 transgrediaris
1114 1632 1268 1663 terminos
1300 1632 1466 1673 antiquos,
1498 1642 1577 1673 quos
1598 1636 1784 1672 posuerunt

126 1689 242 1726 patres
264 1683 335 1715 tui'.
382 1683 448 1719 Qui
469 1694 593 1725 yreyes,
618 1683 732 1725 inquit,
757 1684 927 1724 diripiunt
950 1688 978 1714 et
999 1688 1153 1724 pascunt,
1177 1684 1256 1725 quia
1273 1684 1438 1724 imperitos
1456 1694 1596 1725 quosque
1617 1684 1783 1724 perversis

83 1746 111 1764 ³0
131 1737 175 1767 ad
197 1747 230 1767 se
248 1735 524 1778 persuasionibus
547 1735 684 1766 trahunt
708 1739 735 1766 et
758 1735 918 1766 doctrinis
940 1735 1106 1776 pestiferis
1128 1736 1172 1766 acl
1188 1734 1450 1775 inteificiendum
1467 1735 1630 1765 nutriunt.
1674 1734 1783 1776 Atque

131 1787 216 1818 idem
240 1786 441 1828 Gregorius⁵
475 1787 506 1817 in
538 1786 674 1828 epistola
703 1786 744 1817 ad
768 1785 954 1828 Eulogium,
985 1786 1205 1828 patriarcham
1228 1785 1502 1817 Alexandrinum:
1535 1786 1638 1825 Meus,
1668 1785 1782 1826 inquit,

132 1840 234 1871 honor
255 1843 300 1870 est
322 1839 446 1870 solidus
470 1839 564 1880 viyor
576 1838 730 1879 fratrum
753 1850 894 1869 meorum
918 1843 944 1869 et
968 1843 1046 1869 tunc
1069 1849 1126 1879 eqo
1150 1838 1333 1869 honoratus
1349 1849 1430 1878 sum,
1454 1849 1526 1868 cum
1543 1836 1686 1878 singulis
1710 1837 1781 1878 qui-

1798 449 1825 474 ‘p
1843 451 1879 469 δῦ,

1803 1004 1867 1023 1054,

1802 1035 1858 1053 Dec.
1869 1034 1905 1052 22.

1803 1436 1843 1455 lob
1854 1436 1889 1460 24,
1898 1436 1918 1454 2.

1803 1641 1869 1660 Prov.
1878 1641 1954 1659 2228.

132 1891 252 1933 busque
274 1891 377 1921 lionor
400 1890 525 1922 debitus
549 1901 613 1921 non
638 1895 790 1931 neyatur.
841 1889 927 1920 Hinc
950 1891 1046 1921 etiam
1071 1895 1102 1921 et
1126 1889 1275 1921 Gelasius
1298 1894 1422 1931 papa⁶z
1446 1888 1553 1920 ‘Absit
1576 1888 1643 1927 hoc,
1666 1887 1782 1929 inquit,
1803 1894 1829 1912 *ι
1867 1904 1871 1912 .

133 1943 216 1974 absit
245 1954 266 1973 a
289 1942 445 1982 fidelibus
476 1942 535 1972 hoc
564 1941 628 1972 sibi
658 1941 736 1972 velle
766 1943 950 1983 quempiam
975 1943 1137 1983 arripere,
1166 1941 1254 1972 unde
1277 1941 1432 1971 videatur
1455 1940 1608 1970 honorem
1627 1938 1782 1980 fratrum

85 2003 112 2022 ³5
132 2005 266 2026 suorum
288 1994 481 2024 imminuere
505 2004 545 2023 eoe
568 1993 859 2034 quantulacunque
880 1997 986 2034 parte.
1038 1992 1113 2033 Sed,
1141 1993 1225 2023 sicut
1248 2003 1346 2033 supra
1369 1991 1491 2022 dictum
1517 1995 1574 2032 est,
1598 1990 1651 2021 alii
1676 1991 1782 2021 termi-

131 2055 189 2076 nos
212 2044 443 2076 transtulerunt
473 2048 503 2075 et
534 2044 574 2075 ad
605 2049 823 2086 contemptum
852 2050 949 2086 atque
977 2043 1018 2074 ad
1047 2044 1197 2075 iniuriam
1221 2042 1540 2085 metropolitanorum
1564 2053 1693 2084 quoque
1716 2043 1782 2083 epi-

132 2107 303 2138 scoporum
336 2096 370 2126 in
399 2095 560 2138 parochiis
591 2096 778 2136 Moguntiae
813 2095 909 2126 simul
944 2101 975 2126 et
1006 2095 1160 2126 Coloniae
1191 2094 1408 2126 ordinationes
1439 2094 1501 2125 sibi
1531 2098 1781 2136 usurpaverunt.

131 2147 227 2180 Unde
256 2147 433 2179 Callistus⁷
463 2147 552 2178 urbis
582 2147 702 2178 Romae
732 2148 905 2189 episcopus
936 2147 1096 2178 universis
1128 2146 1308 2189 episcopis:
1338 2146 1378 2178 St·
1407 2146 1481 2187 quis
1510 2146 1782 2186 metropolitanus

131 2201 315 2242 episcopus,
347 2200 415 2230 nisi
437 2199 523 2240 quod
546 2199 591 2230 ad
613 2210 708 2230 suam
731 2199 927 2230 solummodo
949 2200 1090 2240 pertinet
1108 2198 1309 2239 parochiam
1328 2199 1514 2239 propriam,
1544 2199 1613 2228 sine
1643 2197 1781 2228 consilio

83 2261 112 2280 ιο
131 2255 160 2283 et
180 2252 346 2283 voluntate
370 2252 513 2282 omnium
544 2251 869 2292 comprovincialium
900 2251 1127 2292 episcoporum
1158 2255 1251 2281 eoetra
1283 2248 1413 2291 aliquid
1442 2260 1539 2290 affere
1567 2249 1781 2290 temptaverit,

130 2303 258 2345 gradus
280 2303 335 2334 sui
354 2301 502 2344 periculo
525 2302 715 2341 subiacebit,
738 2307 765 2333 et
789 2303 876 2344 quod
899 2304 1001 2344 egerit
1024 2303 1156 2334 irritum
1181 2301 1340 2332 habeatur
1362 2306 1390 2332 et
1413 2312 1564 2331 vacuum.
1603 2299 1645 2330 Et
1664 2300 1779 2330 iterum

131 2354 170 2386 de
201 2353 312 2386 eadem
344 2365 378 2386 re
409 2353 578 2386 Callistus:
608 2353 731 2385 Nullus
754 2355 902 2395 primas,
934 2354 1046 2385 nullus
1076 2353 1347 2394 metropolitanus
1377 2352 1550 2394 nullusque
1580 2351 1780 2393 reliquorum

131 2406 354 2448 episcoporum
377 2407 514 2438 alterius
537 2406 635 2437 adeat
658 2407 821 2437 civitatem
853 2410 911 2437 aut
942 2406 986 2437 ad
1013 2406 1245 2447 possessionem
1272 2404 1416 2444 accedat,
1446 2416 1529 2446 quae
1553 2403 1598 2434 ad
1620 2415 1691 2434 eum
1715 2414 1779 2433 non

127 2458 269 2498 pertinet
291 2462 319 2488 et
344 2458 479 2489 alterius
501 2458 649 2499 episcopi
672 2462 738 2489 estc
756 2458 935 2499 parochia,
959 2469 1057 2499 super
1079 2457 1277 2498 cuiusquam
1299 2456 1527 2496 dispositione,
1556 2455 1624 2486 nisi
1647 2459 1781 2485 vocatus

84 2517 112 2536 ⁴⁵
132 2507 171 2539 ab
195 2519 241 2549 eo,
264 2510 359 2540 cuius
381 2510 467 2540 iuris
490 2520 556 2540 esse
580 2509 775 2549 dinoscitur,
799 2514 834 2540 ut
857 2509 1015 2551 quiddam
1039 2509 1084 2540 ibi
1107 2508 1262 2549 disponat
1284 2508 1332 2538 vel
1356 2507 1485 2538 ordinet
1509 2511 1565 2538 aut
1587 2506 1721 2546 iudicet,
1752 2506 1781 2536 si

241 2589 270 2622 a)
290 2590 362 2616 deest
383 2589 439 2616 Get.
514 2591 541 2621 b)
563 2593 669 2623 patrum
690 2591 754 2616 add.
777 2592 802 2616 1.
877 2590 904 2622 c)
925 2590 962 2614 ila
983 2590 1111 2619 Hinsclz.,·
1131 2591 1212 2615 etiam
1235 2591 1258 2614 1.

240 2657 269 2692 1)
291 2658 379 2684 Immo
401 2658 566 2692 Simplicius
589 2667 631 2692 ep.
651 2657 698 2690 14,
725 2657 803 2684 leiel
824 2659 848 2691 I,
871 2667 901 2693 p.
918 2658 998 2692 201;
1028 2658 1064 2691 cf.
1088 2657 1188 2684 Libell.
1212 2657 1237 2690 I,
1264 2666 1293 2690 p.
1318 2657 1388 2683 362.
1414 2656 1484 2685 553,
1583 2655 1612 2688 2)
1639 2653 1682 2686 Cf.
1707 2654 1778 2679 Anu.

138 2708 242 2744 Ybury.
266 2718 293 2736 α.
313 2709 402 2742 1080,
426 2709 482 2737 SS.
500 2709 583 2742 XVI,
603 2718 635 2743 p.
653 2709 724 2736 437.
791 2710 820 2744 3)
846 2710 890 2743 Cf.
914 2718 1001 2743 supra
1021 2719 1051 2744 p.
1073 2709 1141 2735 111.
1208 2709 1238 2742 4)
1263 2708 1293 2735 C.
1311 2708 1360 2740 44,
1384 2710 1398 2739 ἓ
1423 2707 1472 2740 56,
1498 2706 1568 2740 Opp.
1590 2707 1613 2739 I,
1637 2706 1688 2732 col.
1708 2706 1778 2731 5:³2.

136 2758 164 2793 5)
188 2759 280 2794 Epist.
302 2760 382 2793 VIII,
401 2761 449 2793 30,
474 2761 543 2788 ibid.
567 2761 619 2788 col.
640 2761 716 2795 9195
738 2761 817 2794 Jaffe‘
839 2771 883 2788 nr.
904 2762 992 2787 1518.
1061 2761 1090 2795 6)
1112 2761 1196 2786 Hunc
1218 2760 1304 2787 locum
1330 2769 1383 2785 icon
1407 2758 1507 2787 inveni.
1577 2758 1605 2791 Τ)
1629 2757 1719 2790 Epist.
1737 2756 1777 2787 Il,

86 2815 114 2835 50
135 2812 149 2841 ξ
175 2811 221 2843 13,
245 2811 398 2838 Hinscbius
416 2822 447 2846 p.
466 2813 534 2838 139.

208 2865 304 2890 Libeui
323 2867 356 2891 de
375 2867 430 2891 lite.
463 2867 498 2891 11.
1512 2864 1542 2886 31
