2132 3067
636 166 671 193 V.
706 165 1001 193 APOLOGETICAE
1025 167 1224 195 RATIONES.
1711 168 1751 198 99

215 253 304 293 Quid
333 259 439 286 autem
470 255 640 291 miramini,
672 255 698 285 si
723 260 922 286 sacramenta
945 256 1100 287 ecclcsiae
1123 262 1201 298 aput
1223 259 1517 289 excommunicatos
1541 270 1611 290 esse
1636 271 1752 300 ncgan·
1774 273 1822 295 (ιε’)

109 311 176 345 tur,
213 316 285 336 cum
325 306 437 337 beatus
473 306 691 347 Augustinus¹
728 306 832 336 locum
868 307 934 337 veri
970 308 1117 338 sacrificii
1153 313 1245 339 extra
1278 309 1445 340 ecclesiam
1481 322 1543 341 non
1578 322 1647 341 esse
1681 322 1751 352 pro-

110 357 266 389 testetur?
317 358 399 388 Item
431 363 562 388 sanctus
591 356 793 398 Gregorius²
822 357 861 388 de
892 359 1133 389 consecratione
1163 359 1297 390 Maximi
1330 363 1562 403 presumptoris
1593 363 1751 393 scribens:

113 409 218 445 Quam
234 421 310 449 rem,
334 409 447 451 inquit,
472 408 562 440 nullo
580 414 668 440 modo
686 420 862 450 possumus
878 410 984 440 dicere
1001 412 1284 451 consecrationem,
1309 414 1388 453 quia
1411 414 1448 443 ab
1468 416 1752 445 e.1·commmu·catis

77 471 89 491 5
109 461 266 492 celebrata
289 465 343 492 est.
388 460 468 491 Item
492 460 703 502 predecessor
726 461 794 490 eius
819 471 904 501 papa
927 460 1092 501 Pelagius:
1122 462 1229 492 E.1·{ra
1252 463 1427 503 ecclesiam,
1451 465 1563 506 inquit,
1588 477 1651 495 non
1677 476 1750 496 con-

109 517 265 551 secratur,
289 512 345 543 sed
368 517 540 543 eoeecratur
562 513 743 554 episcopus.
788 511 869 542 Item
887 511 999 542 beatus
1016 512 1222 544 Innocentius
1240 524 1339 555 papa:
1366 514 1442 553 Qui,
1467 517 1577 557 inquit,
1602 517 1751 547 honorem

110 564 229 603 amisit,
253 564 407 594 honorem
431 564 512 594 dare
534 575 599 594 non
622 568 736 604 potest.
781 562 823 593 Et
846 568 918 604 post
940 574 1059 604 pauca:
1092 564 1367 605 Dumpnationem
1391 578 1475 607 (κν-φο,
1507 579 1601 608 quam
1628 568 1751 607 habuit,

105 627 167 657 per
186 626 328 656 pravam
352 626 471 646 manus
494 615 729 656 impositionem
754 615 852 645 dedit.
897 615 977 645 Item
995 620 1124 645 sanctus
1142 616 1206 645 Leo
1229 627 1313 657 papa
1328 617 1427 647 Leoni
1450 624 1586 659 augusto
1609 618 1752 649 scribens

109 666 149 697 de
172 666 310 709 quodam
327 666 519 697 Thimotheo
543 665 720 707 dampnato
743 666 878 707 eiusque
900 666 1104 707 sequacibus,
1128 668 1234 697 omnia
1250 674 1450 699 sacramenta
1472 681 1505 699 se
1531 681 1640 700 eorum
1658 671 1752 700 sacri-

61 729 88 748 ιο
109 718 188 760 legis
205 718 353 749 manibus
370 717 570 749 subtraxisse
593 722 738 750 testatur.
784 717 819 748 Si
837 718 929 748 beato
946 728 1074 759 quoque
1092 719 1296 759 Augustino³
1313 720 1443 751 credere
1461 720 1616 759 volumus,
1642 733 1751 752 omnes

109 771 265 802 hereticos
289 776 321 801 et
344 769 640 801 excommunicatos
671 775 762 800 extra
793 768 963 800 ecclesiam
993 781 1062 800 esse
1093 781 1156 800 non
1187 770 1381 812 dubitamus,
1413 774 1559 813 quamvis
1591 778 1623 803 ct
1645 772 1751 803 adhuc

108 822 191 853 infra
213 833 320 853 aream
344 832 418 852 cum
441 821 600 851 frumento
624 819 757 851 multam
782 820 906 861 paleam
932 820 1113 852 toleremus.

214 883 349 913 Frustra
379 882 544 912 dominum
576 886 720 912 nostrum
753 882 826 923 piae
857 882 1031 912 memoriae
1055 881 1250 923 Gregorium
1275 893 1392 924 papam
1418 883 1614 913 harundineo
1639 883 1751 914 baculo
1773 896 1820 919 (ιὸ)

108 935 313 976 comparatis,
347 944 443 976 quem
476 934 591 975 'usque
621 932 661 963 ad
693 932 789 963 finem
824 933 910 963 vitae
946 933 977 963 in
1012 944 1069 964 sua
1103 935 1261 964 sententia
1296 933 1441 964 stabilem
1477 940 1508 964 et
1541 934 1750 966 inflexibilem
1773 942 1838 963 Ἓν.

61 997 87 1016 ι5
107 986 285 1028 perstitisse
309 985 444 1015 multum
469 984 632 1015 doluistis:
663 984 718 1026 qui
746 995 809 1014 non
839 995 949 1015 omnes
973 986 1166 1025 provincias,
1196 996 1276 1026 quas
1299 986 1503 1025 enumeratis,
1534 986 1564 1016 in
1592 986 1751 1026 integrum

106 1037 400 1077 anathematizavit,
425 1036 480 1067 sed
497 1036 693 1067 Guibertum
718 1042 749 1067 ct
768 1047 877 1066 omncs
895 1037 962 1066 eius
980 1036 1163 1078 complices,
1188 1037 1219 1066 in
1237 1047 1428 1078 quacunque
1444 1037 1610 1078 provincia
1627 1038 1751 1068 fuerint.

107 1088 174 1120 Nec
196 1094 304 1120 tamen
327 1098 446 1130 paucos
469 1093 560 1118 extra
580 1087 664 1118 hanc
681 1088 1048 1118 excommunicationem
1068 1089 1260 1118 remansisse
1283 1088 1406 1127 dicatis⁷
1431 1100 1501 1119 cum
1528 1089 1605 1119 tanti
1630 1089 1661 1118 in
1685 1088 1751 1119 solo

107 1140 307 1171 Theutonico
338 1150 437 1180 regno
469 1140 696 1179 remanserint,
728 1146 763 1170 ut
794 1139 992 1170 multitudini
1022 1141 1372 1171 excommunicatorum
1405 1141 1589 1181 saepissime
1620 1140 1752 1171 viriliter

107 1192 283 1223 resisterint
306 1196 337 1222 et
359 1191 465 1222 adhuc
488 1191 636 1222 resistere
660 1192 795 1233 possint.

61 1264 88 1284 20
211 1252 278 1283 Nos
312 1252 352 1283 ad
387 1253 576 1294 periurium,
610 1256 645 1283 ut
679 1253 807 1291 notatis,
843 1251 993 1282 dominus
1028 1258 1135 1283 noster
1166 1252 1365 1293 Gregorins⁴
1401 1263 1485 1294 papa
1517 1264 1580 1282 non
1615 1251 1751 1293 impulit,
1773 1262 1821 1285 (14)

106 1303 163 1336 sed
198 1315 217 1334 a
254 1304 434 1335 iuramento
473 1303 682 1334 subiectionis
720 1304 831 1335 eadem
871 1304 1062 1334 auctoritate
1099 1303 1254 1343 absolvit⁷
1297 1315 1360 1345 qua
1397 1308 1428 1334 et
1466 1303 1603 1345 prelatos
1641 1315 1751 1334 corum

107 1356 266 1398 deponere
290 1360 322 1386 et
344 1356 627 1386 excommunicare
650 1356 765 1396 potuit.
810 1356 864 1386 Sic
896 1356 1147 1386 sacratissimum
1172 1355 1369 1396 Ephesinum
1403 1355 1594 1385 concilium⁵
1618 1356 1753 1386 auctori-

107 1413 171 1440 tate
195 1408 298 1439 sancti
322 1407 474 1438 Celestini
499 1418 602 1449 papae
626 1413 857 1448 congregatum
883 1413 914 1438 et
938 1407 1160 1438 confirmatum
1185 1407 1345 1437 subiectos
1370 1407 1508 1437 Nestorii
1539 1407 1682 1448 episcopi
1713 1417 1753 1436 ex

107 1464 264 1501 potestate
292 1460 395 1500 ipsius
423 1458 601 1490 absolvisse
623 1458 750 1500 legitur.
797 1460 850 1489 Sic
876 1458 1117 1490 Calcedonense
1142 1458 1332 1489 conciliumss
1357 1458 1594 1489 Alexandrinos
1617 1459 1753 1488 emanci-

59 1523 87 1542 85
107 1512 196 1553 pavit
218 1511 258 1542 de
278 1511 479 1542 subiectione
497 1511 647 1541 Dioscori
671 1510 883 1552 patriarchae.
931 1511 985 1541 Sic
1010 1521 1137 1552 semper
1159 1516 1270 1540 sancta
1293 1515 1394 1540 mater
1417 1509 1552 1540 ecclesia
1575 1510 1657 1540 filios
1680 1520 1753 1540 suos

107 1563 147 1594 de
169 1563 318 1594 manibus
342 1563 561 1604 depositorum
586 1567 617 1593 et
640 1564 993 1593 excommunicatorum
1025 1562 1147 1603 absque
1178 1562 1263 1592 omni
1295 1568 1370 1592 nota
1394 1561 1525 1602 periurii
1550 1562 1754 1603 emancipare

108 1615 284 1654 consuevit,
308 1615 433 1646 etiamsi
458 1615 504 1645 eis
528 1613 762 1645 subiectionem
779 1615 959 1645 iuramento
976 1614 1192 1655 promiserint.
1238 1613 1357 1644 Beatus
1375 1613 1594 1654 Augustinus⁷
1611 1613 1754 1643 scribens

108 1666 148 1697 ad
165 1666 374 1697 Bonefacium
393 1667 556 1697 severitati
581 1677 740 1697 canonum
765 1666 796 1696 in
821 1666 882 1696 hoc
906 1665 1027 1707 aliquid
1052 1665 1284 1696 detrahendum
1309 1676 1378 1695 csse
1403 1664 1565 1701 iudicavit,
1591 1671 1625 1695 nt
1648 1664 1753 1696 clerici

107 1710 351 1748 Donatistarum
376 1729 447 1748 cum
473 1717 638 1748 ordinibus
662 1718 694 1749 in
719 1717 907 1748 catholicam
926 1718 1156 1758 reciperentur,
1179 1727 1241 1746 non
1258 1717 1368 1757 utique
1393 1717 1423 1746 in
1448 1716 1518 1755 hoc,
1542 1721 1577 1747 ut
1599 1717 1754 1747 sententia

59 1779 87 1798 ³0
107 1768 319 1800 anathematis
342 1770 375 1800 in
399 1769 596 1811 quibuslibet
619 1769 896 1800 anathematizatis
918 1768 1008 1799 nihili
1032 1768 1236 1810 penderetur.
1281 1767 1447 1798 Aurelium
1466 1767 1751 1809 Carthaginensem

107 1821 297 1863 episcopum
321 1831 340 1851 a
362 1821 456 1852 beato
480 1821 654 1852 Bonefacio
678 1826 709 1851 et
732 1820 896 1852 Celestino
921 1820 1128 1862 pontificibus
1152 1820 1465 1850 excommunicatum
1490 1818 1625 1859 legimus
1637 1824 1657 1859 Β,
1690 1830 1751 1849 non

108 1877 254 1904 sanctum
278 1871 456 1914 Aurelium,
486 1874 578 1904 cuius
608 1883 726 1914 corpus
751 1873 944 1913 Hirsaugiae
974 1873 1134 1911 fovemus3
1165 1873 1224 1902 iste
1254 1871 1337 1901 enim
1367 1876 1505 1908 sanctim,
1538 1871 1567 1900 in
1598 1876 1751 1911 quantum

108 1935 149 1955 ex
171 1925 310 1955 cronicis
333 1924 484 1966 colligere
508 1925 683 1967 potuimus,
713 1929 786 1954 ante
818 1929 964 1965 tempora
993 1923 1104 1954 horum
1134 1922 1382 1964 apostolicorum
1407 1922 1555 1961 migravit
1577 1921 1617 1951 ad
1645 1922 1752 1951 Domi-

109 1987 195 2007 num.
238 1975 307 2007 Nec
323 1977 367 2008 ita
382 1987 534 2018 umquam
552 1976 622 2007 Deo
639 1982 799 2006 annuente
816 1987 834 2006 a
851 1976 984 2006 veritate
1003 1974 1213 2013 deviabimus,
1238 1979 1272 2004 ut
1287 1973 1536 2015 aliqucmsiniul
1560 1978 1591 2003 et
1606 1978 1750 2003 sanctum

62 2041 88 2060 35
109 2032 140 2058 et
167 2029 483 2059 excommunicatum
514 2028 671 2059 dieamus,
716 2027 796 2058 Nam
830 2028 920 2057 iuxta
951 2026 1077 2057 beatum
1104 2026 1342 2066 Augustinum⁹
1373 2025 1412 2055 ab
1443 2024 1580 2055 ecclesia
1610 2025 1749 2065 separati

109 2089 309 2121 nequaquam
334 2081 446 2119 sancti,
471 2079 526 2110 sed
551 2084 661 2110 eterno
684 2079 832 2110 inccndio
856 2077 1027 2109 creduntur
1050 2076 1268 2119 mancipandi.

213 2139 249 2171 Si
278 2141 409 2182 egregio
441 2141 563 2171 doctori
588 2146 618 2171 et
641 2139 827 2171 fidelissimo
855 2139 997 2180 martyri,
1030 2137 1121 2169 beato
1154 2138 1283 2179 inquam
1308 2136 1480 2178 Cypriano,
1511 2135 1639 2166 credere
1664 2135 1749 2165 volu·
1771 2143 1817 2167 (¹⁵)

110 2201 189 2231 mus,
212 2192 299 2234 apud
317 2193 509 2224 Guibertum
528 2198 560 2223 et
576 2193 644 2222 eius
661 2191 833 2233 complices
850 2190 1036 2221 aecclesiam
1062 2189 1243 2220 nullatenus
1267 2199 1335 2218 esse
1360 2188 1538 2218 credemus.
1576 2187 1649 2228 Ipse
1665 2188 1748 2217 enim

109 2243 253 2274 scribens
277 2243 317 2274 de
342 2245 485 2275 unitatea
507 2243 681 2275 aecclesiae
704 2244 742 2274 ad
762 2243 914 2284 Magnum
940 2241 1165 2283 presbyterum
1177 2241 1251 2270 ¹³⁴⁰:
1274 2240 1450 2279 Aecclesia,
1474 2240 1587 2280 inquit,
1613 2251 1679 2269 ima
1695 2243 1750 2277 est,

62 2361 91 2380 40
221 2358 246 2390 a)
269 2359 375 2383 civitate
396 2359 421 2382 9.
497 2359 524 2389 b)
547 2367 635 2390 presp.
657 2359 681 2382 9.

218 2466 245 2499 l)
268 2465 297 2492 V.
315 2475 402 2499 Supra
416 2475 445 2500 p.
460 2466 509 2492 28.
577 2466 607 2499 2)
630 2466 714 2491 Hanc
730 2469 753 2491 el
769 2468 910 2498 sequentes
927 2464 1107 2490 auctoritates
1124 2472 1148 2488 r.
1162 2471 1250 2496 snpra
1262 2471 1293 2495 p.
1310 2461 1442 2486 SfiljDO.
1509 2461 1538 2492 3)
1559 2460 1681 2485 'lb-artur.
1702 2460 1749 2484 61.

110 2515 140 2541 in
162 2517 286 2550 evangel.
310 2517 430 2543 Iohann.
454 2519 468 2547 ξ
488 2518 512 2550 l,
539 2516 609 2551 Opp.
634 2517 676 2543 ed.
695 2517 799 2545 Heneti,
825 2520 843 2542 1.
862 2516 919 2548 III,
940 2525 970 2549 7).
990 2515 1030 2545 II,
1056 2515 1106 2540 col.
1126 2514 1195 2540 666.
1288 2512 1317 2547 4)
1343 2512 1432 2545 Epist.
1457 2512 1494 2537 ml
1520 2511 1749 2537 ('071.st1112!ietisc.s.

110 2566 196 2600 Jaff&‚
226 2568 302 2594 Bibl.
326 2568 368 2599 II,
391 2577 424 2602 p.
449 2568 526 2601 531;
555 2568 633 2600 Jaffe‘
663 2577 705 2594 nr.
732 2568 823 2595 4971.
937 2567 965 2599 5)
996 2566 1049 2599 Ep.
1080 2565 1178 2598 synodi
1206 2563 1416 2589 Alexandrinae
1446 2572 1473 2588 a.
1498 2562 1567 2594 4:30,
1598 2561 1752 2586 cnllcetiani

112 2617 259 2651 Hispanae
280 2620 388 2645 nomine
410 2620 524 2645 concilii
546 2619 682 2653 Ephesz'ni
704 2620 818 2645 inserta.
844 2618 996 2643 Ilinsclez'us
1015 2627 1046 2651 p.
1067 2617 1136 2643 ⁵278.
1222 2616 1252 2647 (i)
1276 2614 1439 2640 constitutio
1463 2613 1609 2639 Mam-iani
1632 2613 1749 2645 impera-

64 2673 92 2692 4⁵
111 2668 188 2702 toric,
211 2670 241 2695 in
264 2671 423 2696 collectione
445 2671 577 2704 Hispana
600 2671 672 2696 inser
694 2674 758 2695 actu
782 2671 878 2696 concil.
906 2667 1145 2699 (⁴l1alrml0nensis,
1170 2666 1323 2692 Ilinscltz'tts
1344 2675 1372 2699 p.
1398 2666 1467 2691 200.
1556 2663 1585 2697 T)
1609 2664 1661 2696 HJ).
1683 2663 1749 2693 185,

112 2721 127 2750 5
143 2720 192 2749 45.
210 2721 258 2753 46,
286 2720 357 2756 Opp.
375 2722 417 2748 ed.
436 2722 540 2748 Bened.
564 2725 583 2748 t.
601 2722 640 2754 II,
666 2722 717 2747 col.
736 2722 805 2747 ⁴361.
895 2722 923 2753 8)
948 2720 1039 2745 [luins
1061 2719 1103 2743 rei
1124 2718 1228 2743 mallum
1254 2717 1396 2750 vestiyinm
1421 2715 1566 2748 reperitur.
1654 2714 1683 2745 9)
1706 2713 1748 2745 (¹).

113 2779 173 2804 epp.
198 2771 268 2805 208,
296 2775 310 2804 ξ
335 2773 362 2802 6,
387 2777 411 2799 et
439 2774 504 2805 173,
529 2776 543 2805 ἓ
567 2774 594 2806 6,
627 2773 696 2807 Opp.
725 2773 767 2798 cd.
792 2773 896 2798 Beued.
920 2775 938 2798 t.
965 2771 1004 2803 ll,
1028 2770 1079 2796 col.
1099 2769 1167 2795 776.
1269 2768 1316 2793 105
1342 2768 1393 2800 In'p.
1414 2768 1460 2797 69,
1485 2776 1507 2791 e.
1533 2766 1558 2797 3,
1584 2766 1624 2790 ed.
1650 2764 1750 2789 llarecl

110 2831 140 2855 p.
159 2822 228 2850 752.

1472 2870 1518 2893 13*
