2132 3067
63 718 90 736 10

58 975 86 994 15

58 1232 85 1251 20

58 1489 86 1508 25

58 1751 85 1770 ³0

57 2007 84 2027 ³5

55 2265 83 2284 40

54 2549 82 2570 4⁵

55 2815 82 2835 50

558 154 596 180 ΙΙ.
634 155 686 181 DE
708 156 964 183 DAMNATIONE
989 157 1307 186 SCISMATICORUM.
1712 162 1751 191 49

112 242 216 280 vendi,
245 252 324 283 quos
355 242 498 282 synodus
527 242 638 284 iniqua
668 242 910 284 dampnaverat,
941 252 971 275 et
1000 245 1195 287 dampnandi
1229 248 1313 279 nulla
1337 251 1492 281 existente
1516 251 1647 292 synodo.
1673 264 1751 293 quos

112 294 262 334 oportuit,
285 291 433 324 habuerit
455 293 652 324 facultatem.
691 294 733 324 Et
757 295 816 325 hoc
839 296 988 326 nimirum
1015 308 1070 337 pro
1096 309 1152 328 suo
1178 300 1368 340 principatu.
1393 312 1484 342 quem
1510 301 1621 332 beatus
1639 303 1751 333 l'etrus

109 343 273 386 apostolus
291 343 422 375 Domini
447 355 526 375 voce
550 351 581 376 et
604 347 706 376 tenuit
730 357 856 387 semper
878 353 908 377 ct
932 348 1090 379 retinebit.
1136 349 1238 380 Huius
1262 352 1358 389 igitur
1383 352 1540 393 privilegii
1564 355 1751 385 auctoritate

110 396 305 426 sanctissimi
330 395 493 426 Romanae
524 396 609 427 sedis
633 397 777 439 episcopi
805 398 926 439 absque
950 400 1035 429 omni
1067 400 1179 431 sinodo
1205 401 1377 442 dampnare
1401 412 1645 443 consueverunt,
1676 417 1750 446 quo-

109 458 179 478 rum
210 448 444 478 contumaciam
475 458 517 478 ex
548 447 720 479 cuiuslibet
750 448 956 480 indubitabili
988 450 1145 482 relacione
1170 462 1398 493 cognoverunt.
1445 454 1513 484 lloc
1538 457 1644 496 utique
1669 456 1750 487 illius

109 499 275 529 scientiam
307 509 370 529 non
400 498 596 540 subterfugit
624 501 820 541 quicumque
850 508 1010 541 regestum
1042 503 1142 533 sancti
1169 503 1328 544 Gregorii,
1357 512 1387 535 et
1418 505 1538 547 reliqua
1568 516 1748 537 sancwrum

108 555 235 592 patrum
260 550 389 581 decreta
412 549 556 591 diligenti
582 551 842 582 consideratione
866 554 1070 594 percurrerit.
1113 554 1176 593 Sic,
1202 556 1341 596 inquam,
1366 556 1524 586 Maximus
1550 556 1752 588 Salonitanus

108 601 309 642 episcopatui
345 606 592 643 presumptuose
624 603 850 643 intronizatus,
884 614 902 633 a
932 605 1024 635 beato
1059 605 1216 646 Gregorio
1254 606 1375 648 absque
1413 609 1496 638 omui
1536 608 1658 649 synodo
1693 620 1749 650 pro

108 652 167 683 hac
195 653 436 694 presumptione
467 653 637 684 missarum
662 653 876 691 celebratione
908 657 1059 696 privatur.
1110 657 1214 695 Quem
1242 664 1368 688 sanetus
1397 658 1570 699 Gregorius
1600 672 1662 690 non
1687 667 1749 691 tam

108 715 166 746 pro
193 704 373 735 manifestis
384 709 405 744 ¹,
431 715 526 745 quam
552 715 610 746 pro
635 705 741 735 dubiis
766 705 953 737 criminibus
977 707 1016 737 ad
1042 718 1077 737 sc
1100 709 1236 748 vocavit,
1259 709 1419 747 videlicet,
1451 722 1542 751 quem
1568 712 1751 750 simoniaco,

108 756 249 787 scismati
279 757 346 787 sive
378 755 568 786 mulieribus
601 757 737 787 mixtum
768 757 866 787 fuisse
900 769 963 788 non
988 769 1045 799 pro
1071 767 1157 790 certo
1183 761 1281 796 novit,
1314 761 1367 790 sed
1398 761 1582 792 infamatum
1615 762 1750 793 audivit:

107 807 147 839 de
176 807 295 849 quibus
326 808 421 838 etiam
455 807 645 839 criminibus
674 807 761 838 idem
786 809 949 840 Maximus
981 821 1014 840 se
1041 811 1244 851 postmodum
1271 812 1448 843 iuramento
1472 814 1671 854 expurgavit.
1717 814 1749 843 Si

106 853 190 890 enim
220 870 292 890 eum
323 863 388 890 tam
417 858 637 890 indubitanter
664 861 877 890 simoniacum
907 861 974 892 sive
1002 861 1219 895 fornicarium,
1252 870 1285 893 ut
1311 871 1602 904 presumptuosum.
1633 871 1749 903 nosset,

106 910 230 953 absque
253 911 338 941 omni
363 910 537 941 vocacione
561 911 630 942 sive
654 910 854 942 discussione
879 912 970 943 iuxta
994 913 1173 954 predictum
1199 914 1304 945 sedis²¹
1328 914 1521 955 apostolicae
1546 916 1748 956 privilegium

107 961 282 1004 dampnare
305 961 394 992 illum
419 966 538 1003 posset.

211 1013 372 1053 Preterea,
396 1013 423 1043 si
446 1012 579 1053 nullum,
606 1013 681 1044 licet
704 1015 735 1044 in
761 1015 895 1046 crimine
918 1015 1189 1056 vulgatissimum,
1221 1017 1282 1047 nisi
1308 1024 1379 1058 post
1402 1017 1587 1058 synodicam
1612 1019 1747 1048 vocatio-

105 1075 178 1095 nem
207 1065 413 1096 iudicandum
437 1064 505 1096 fore
529 1075 707 1103 censemus,
736 1065 871 1097 multum
896 1066 1155 1099 aecclesiasticae
1180 1069 1368 1099 correctioni
1393 1068 1595 1109 derogamus,
1620 1070 1747 1100 nimiam

106 1116 343 1155 multi—tudinem
367 1117 587 1147 carrinarumb
610 1117 652 1147 ad
676 1117 833 1158 synodum
859 1118 1056 1149 differemus:
1080 1120 1176 1150 immo
1201 1119 1259 1150 hac
1284 1121 1451 1150 occasione
1475 1120 1627 1161 plurimas
1651 1120 1746 1161 negli-

103 1167 226 1209 gendas
248 1167 316 1198 fore
339 1178 403 1198 non
433 1167 628 1200 dubitamus.
674 1168 738 1200 Sed
762 1169 991 1200 aecclesiarum
1024 1171 1222 1202 consuetudo
1248 1170 1307 1201 hoc
1332 1171 1479 1209 obtinuit,
1507 1177 1540 1202 ut
1563 1182 1625 1201 non
1649 1171 1748 1202 solum

105 1219 286 1261 episcopus,
310 1219 367 1250 sed
392 1220 487 1250 etiam
513 1231 595 1250 unus
619 1220 705 1251 solus
729 1220 899 1262 presbyter
919 1220 1084 1252 subditum
1104 1233 1208 1260 suum,
1232 1223 1400 1253 manifesto
1417 1223 1548 1253 crimine
1565 1222 1749 1263 obligatum,

105 1272 262 1302 canonico
292 1271 412 1302 iudicio
443 1271 591 1302 subicere
615 1271 731 1311 valeat,
760 1283 822 1302 nec
855 1284 938 1311 eum,
970 1273 1031 1303 nisi
1059 1274 1127 1304 eius
1159 1273 1278 1304 iudicio
1310 1274 1495 1304 inobediens
1524 1276 1675 1313 extiterit,
1709 1275 1748 1304 ad

105 1322 264 1364 synodum
288 1323 396 1354 venire
420 1323 623 1365 compellata
676 1323 743 1354 Nee
771 1325 901 1354 ociosed
925 1324 1226 1365 considerandume,
1254 1325 1337 1366 quod
1368 1325 1468 1355 sancti
1498 1331 1604 1366 patres
1628 1326 1748 1367 absque

106 1375 191 1405 omni
213 1374 338 1416 synodo
361 1375 459 1405 etiam
482 1374 543 1406 des
566 1375 673 1406 dubiis
702 1375 892 1406 criminibus
920 1376 1062 1407 iudicare
1094 1375 1248 1415 solebant,
1278 1388 1339 1407 non
1365 1376 1492 1418 quidem
1521 1376 1664 1411 diffinite,
1694 1376 1748 1407 sed

104 1425 163 1456 sub
195 1425 335 1468 quadam
368 1426 538 1457 iudiciaria
572 1426 771 1458 condicione.
818 1427 910 1458 Unde
943 1432 1071 1458 sanctus
1103 1427 1300 1469 Gregorius²
1329 1428 1490 1458 Andrean]
1521 1427 1749 1458 Tarentinum&

104 1478 293 1520 episcopum
324 1488 383 1520 pro
412 1477 552 1520 quadam
585 1477 766 1508 concubina
796 1484 869 1520 post
898 1479 1137 1510 ordinacionem
1167 1490 1258 1510 suam
1287 1479 1483 1518 infamatum,
1514 1480 1557 1510 ita
1586 1479 1748 1515 iudicavit,

103 1533 138 1560 ut
171 1529 368 1560 sacerdotale
402 1529 544 1560 officium
579 1530 706 1571 penitus
738 1530 924 1571 deponeret,
959 1531 985 1561 si
1017 1541 1087 1561 eum
1124 1531 1318 1561 conscientia
1346 1542 1403 1561 sua
1433 1530 1471 1560 de
1502 1530 1587 1561 illato
1618 1531 1748 1561 crimine

105 1579 300 1623 culpabilem
324 1587 491 1613 assereret.

210 1631 275 1663 Sed
302 1633 364 1664 iam
394 1632 434 1664 ad
467 1643 599 1663 causam
628 1639 768 1663 nostram
794 1635 971 1672 veniamus,
1004 1645 1099 1675 quam
1124 1635 1230 1672 etiam,
1262 1638 1297 1663 ut
1319 1632 1498 1664 evidentior
1521 1633 1583 1671 fiat,
1609 1633 1747 1663 breviter

104 1690 136 1715 et
156 1683 295 1715 fideliter
325 1683 425 1715 literis
453 1684 678 1716 commendare
702 1695 766 1715 non
789 1685 909 1726 pigeat,
940 1692 974 1716 ut
998 1697 1038 1716 ex
1062 1685 1204 1717 fidelium
1226 1686 1367 1715 virorum
1391 1685 1569 1715 certissima
1592 1684 1748 1714 relacione

103 1734 294 1766 didicimus:
324 1746 460 1777 quorum
483 1735 565 1767 alios
589 1747 725 1777 corpore
748 1736 888 1778 quidem,
919 1747 981 1767 non
1013 1738 1130 1777 animo,
1155 1736 1384 1768 XVormatiensi
1409 1736 1648 1777 conspirationi,
1671 1735 1748 1766 alios

104 1797 180 1818 vero
203 1786 368 1818 Romanae
391 1787 516 1829 synodo
539 1787 622 1818 hanc
645 1787 779 1819 eandem
804 1788 993 1829 dampnanti
1019 1788 1129 1830 procul
1153 1788 1251 1819 dubio
1276 1788 1458 1818 interfuisse
1482 1788 1702 1827 cognovimus

209 1838 356 1869 Annoh·³
386 1839 485 1880 igitur
513 1838 694 1870 dominicae
718 1839 948 1871 incarnationis
972 1839 1162 1871 MLXXVI.
1193 1839 1365 1880 Gregorioi
1397 1849 1480 1880 papa
1511 1840 1540 1869 in
1570 1837 1747 1879 apostolica

103 1889 179 1921 sede
202 1891 385 1929 constituto,
415 1901 487 1920 cum
512 1890 687 1922 Hainricus
719 1902 776 1922 rex
807 1892 869 1922 iam
898 1903 955 1932 per
978 1897 1042 1922 tres
1066 1902 1165 1922 annos
1190 1901 1247 1932 pro
1271 1891 1337 1920 suis
1360 1890 1501 1920 reatibus
1524 1889 1563 1919 ad
1588 1890 1748 1930 poeniten-

104 1941 187 1972 ciam
216 1941 409 1973 multociens
437 1941 478 1973 ab
507 1942 686 1984 apostolica
716 1942 791 1974 sede
816 1949 948 1974 vocatus
978 1943 1168 1983 resipiscere
1192 1941 1466 1982 nollet,·cumquc
1491 1952 1522 1971 se
1547 1941 1577 1970 in
1601 1941 1747 1981 proxima

102 1993 248 2024 Romana
270 1993 395 2034 synodo
418 1993 766 2025 excommunicandum
792 1994 880 2025 forek
903 2000 1118 2035 prenosceret,
1143 1992 1204 2024 tale
1226 1992 1392 2023 consilium
1417 2002 1435 2022 a
1458 1992 1656 2022 simoniacisl
1680 1992 1746 2022 sive

102 2045 390 2076 excommunicatis
413 2047 547 2088 accepit,
570 2052 606 2077 ut
622 2056 731 2076 omnes
756 2046 818 2076 sibi
836 2046 997 2076 subiectos
1015 2045 1054 2075 ab
1072 2044 1249 2086 apostolico
1267 2043 1392 2085 presule
1409 2047 1580 2084 separaret,
1606 2043 1745 2084 sicque¹¹¹

103 2101 269 2127 sanctamn
304 2096 483 2128 Romanam
524 2097 684 2138 synodum
722 2097 999 2128 deauctorizaret⁰
1033 2102 1110 2127 tunc
1140 2100 1169 2125 in
1205 2096 1310 2137 prima
1348 2093 1617 2136 quadragesimali
1651 2093 1745 2124 ebdo-

103 2147 219 2179 madar
249 2149 398 2179 futuram*
420 2153 451 2179 et
479 2147 591 2179 illumq
622 2160 693 2180 cum
726 2149 792 2179 suis
823 2147 1036 2189 complicibus
1066 2148 1427 2178 excommunicaturam.
1472 2146 1616 2187 Accepto
1651 2146 1747 2186 igitur

102 2198 236 2230 consilio
259 2204 334 2231 ante
356 2199 490 2231 eandem
514 2200 674 2242 synodum
706 2201 738 2231 in
768 2200 1042 2242 septuagesimam
1073 2198 1243 2240 generaler
1268 2197 1460 2239 colloquium
1491 2197 1576 2238 apud
1603 2197 1746 2227 Worma-

101 2250 184 2281 ziam
207 2250 363 2290 condixit,
387 2262 449 2293 quo
474 2257 581 2293 preter
603 2253 696 2293 regni
727 2253 775 2283 sui
801 2252 972 2294 principes,
1001 2262 1096 2293 qnam
1126 2250 1235 2292 plures
1259 2250 1429 2291 episcopos
1459 2254 1490 2280 et
1513 2248 1650 2290 reliquos
1673 2259 1746 2278 suos

102 2301 223 2342 fideles,
246 2301 298 2333 vel
321 2303 434 2345 pocius
457 2303 614 2344 infideles,
637 2304 858 2346 congregavit.
914 2303 976 2342 Qui
1002 2313 1083 2344 pene
1108 2312 1218 2332 omnes
1242 2306 1297 2332 aut
1320 2300 1520 2339 simoniaci1,
1544 2305 1599 2330 aut
1621 2310 1745 2330 excom-

101 2354 264 2393 municati,
287 2359 343 2385 aut
364 2365 475 2385 eorum
499 2355 672 2397 complices
696 2355 866 2395 individui,
891 2365 923 2385 se
948 2354 1082 2385 Romani
1108 2353 1266 2394 pontificis
1297 2362 1463 2383 censuram
1495 2352 1659 2382 subituros
1683 2361 1744 2381 non

101 2404 302 2445 dubitabant,
325 2406 353 2436 si
375 2417 434 2437 rex
457 2407 652 2448 resipiscens
675 2406 871 2449 apostolicae
897 2406 965 2437 sedi
989 2405 1143 2445 obediret,
1170 2405 1261 2446 eique
1284 2405 1315 2435 in
1339 2402 1586 2434 aecclesiasticis
1611 2402 1745 2441 negotiis

211 2503 239 2531 8)
260 2509 304 2534 ap.
324 2501 380 2526 sed.
401 2501 433 2526 G.
527 2503 557 2531 b)
577 2503 633 2527 scil,
655 2503 844 2529 conviciorum,
931 2504 956 2531 c)
977 2501 1111 2533 compellit
1133 2500 1163 2524 G.
1250 2500 1279 2525 d»
1307 2500 1409 2523 occiose
1432 2500 1455 2522 2.
1541 2505 1566 2521 e·
1589 2497 1696 2528 vonsyd.
1720 2497 1742 2520 ’2.

102 2546 124 2575 f)
144 2546 196 2571 alio
217 2550 312 2572 aeram.
332 2555 463 2580 ευμεν-εον.
486 2548 510 2572 2.
596 2548 626 2580 g)
646 2549 804 2573 Tarencium
826 2549 850 2572 ·2.
945 2547 973 2573 li]
1001 2555 1068 2578 quae
1089 2549 1235 2577 sequuntur
1256 2554 1337 2576 usque
1358 2544 1383 2568 1‘11
1397 2546 1477 2576 finem
1499 2543 1621 2575 cpi-tolno
1643 2546 1743 2566 auus-{ant

103 2592 180 2616 etiam
199 2592 228 2617 in
247 2593 304 2618 cod.
326 2592 544 2618 Schleecstadensi
566 2594 615 2625 (3).
691 2595 712 2622 i)
733 2595 791 2618 VII.
814 2593 876 2617 add.
893 2593 924 2617 G.
995 2593 1025 2618 k)
1045 2593 1164 2623 seqnitur
1184 2592 1254 2615 Iocus
1276 2600 1353 2614 rasus
1374 2592 1398 2613 3.
1474 2590 1494 2613 l)
1516 2597 1578 2619 sym.
1600 2590 1614 2610 3
1636 2596 1742 2618 simper.

104 2637 141 2669 m)
166 2639 205 2663 sic
226 2640 296 2672 quod
317 2639 348 2664 G.
440 2640 469 2669 n)
496 2648 632 2672 suprascr.
654 2640 678 2665 3.
774 2640 802 2667 ο)
830 2640 1015 2663 deauctoraret
1036 2638 1082 2666 G.,·
1108 2638 1158 2661 del.
1180 2642 1202 2661 et
1219 2640 1278 2668 pos!
1299 2636 1584 2660 cxconmmnieaturnni
1613 2634 1696 2664 ,κη-φῖ.
1717 2634 1742 2656 3.

102 2684 129 2716 p)
150 2685 210 2716 epd.
231 2685 256 2710 3.
331 2685 360 2717 q)
381 2694 413 2710 ex
431 2686 504 2710 illam
525 2695 592 2711 corr.
614 2687 639 2710 3.
715 2685 740 2717 r)
760 2694 792 2710 ex
810 2685 961 2717 generalem
983 2693 1047 2708 corr.
1071 2684 1095 2708 ¹2.

210 2759 239 2793 1)
263 2759 307 2793 Cf,
330 2769 358 2794 p.
376 2760 425 2788 32.
527 2760 558 2794 2)
588 2760 651 2788 Lib.
676 2760 734 2792 III,
766 2769 807 2794 ep.
825 2760 881 2793 45,·
913 2761 955 2786 ed.
980 2759 1080 2785 Ewald
1103 2758 1126 2790 I,
1149 2767 1177 2792 p.
1197 2757 1274 2789 20ος
1297 2756 1375 2788 ‹Jaffe'
1397 2764 1440 2782 nr.
1461 2755 1546 2780 1249.
1643 2754 1671 2780 311
1697 2752 1739 2784 Cf.

102 2809 276 2836 Bernaldum
298 2811 328 2836 in
351 2811 445 2840 chron.
470 2821 497 2838 α.
518 2811 607 2844 1076,
632 2811 688 2838 SS.
708 2811 737 2844 V,
757 2821 788 2846 p.
811 2811 881 2836 432.

175 2864 272 2890 Libani
293 2865 325 2890 de
345 2866 399 2890 lite.
419 2866 454 2891 11.
1497 2859 1510 2882 ⁷

1769 1027 1800 1049 (θ’)

1768 1643 1798 1665 ti)
