2132 3067
376 155 434 187 182
801 155 852 181 DE
875 152 1045 180 UNITATE
1069 152 1277 180 ECCLESIAE
1299 139 1595 181 CONSERVANDA.

374 259 446 289 cap.
472 247 520 278 15.
544 245 619 277 libri
643 245 686 276 II.
711 242 884 283 nonnulla,
915 253 997 284 quae
1021 242 1145 273 indicio
1169 247 1255 282 sunt,
1285 244 1368 274 satis
1389 243 1524 284 Zonyum
1554 243 1761 274 intervallum
1792 243 1943 284 temporis
1971 243 2020 274 in-

374 300 536 330 teriectum
564 308 629 327 esse
659 297 743 326 inter
771 295 829 325 hoc
860 298 956 336 caput
987 298 1014 324 et
1038 294 1150 334 capita
1179 305 1262 335 quae
1291 298 1481 335 sequuntur.
1525 293 1596 325 Hoc
1619 295 1704 325 enim
1727 295 1844 336 capite,
1867 295 1961 325 cuius
1984 295 2021 325 in

376 350 470 380 initio
499 348 581 378 idem
613 346 742 378 verbum
765 345 949 387 Auyustini
977 344 1080 376 locum
1111 345 1218 385 habet,
1247 345 1334 386 quod
1362 344 1453 376 nobis
1485 357 1510 376 c.
1536 346 1563 376 1.
1593 344 1648 376 lib.
1672 345 1698 376 I.
1725 346 1884 385 occurrit,
1918 345 2022 376 multa

375 404 564 441 repetuntur
591 409 673 439 quae
701 408 806 439 supra
829 396 918 427 dicta
942 401 1047 436 erant,
1078 395 1400 438 comprehenduntur
1425 407 1507 438 quae
1530 396 1726 438 singillatim
1750 401 1847 428 antea
1871 397 2020 438 emposita

375 456 476 482 erant.
521 449 655 482 Accedit
683 448 770 490 quod
799 453 900 489 caput
926 447 972 478 17.
996 447 1074 479 libri
1097 447 1123 478 I.
1153 448 1309 489 scriptum
1339 452 1384 478 est
1414 452 1489 479 ante
1511 447 1613 488 finem
1643 449 1728 479 anni
1752 448 1843 487 1090,
1873 459 1947 489 cap.
1973 447 2021 479 17.
2041 459 2055 479 5

373 503 450 534 libri
473 502 518 540 II,
548 506 688 542 tempore
719 501 859 531 duorum
879 499 956 540 fere
987 510 1148 530 annorum
1179 500 1361 538 interiecto,
1396 510 1484 529 anno
1518 498 1607 530 1092.
1661 498 1753 535 Quae
1779 499 1977 531 ‘intermissio
2000 511 2021 529 a

373 553 542 586 scribendo
555 553 656 593 facta
679 562 745 582 esse
768 551 897 582 videtur
919 551 1035 581 itinere
1058 549 1287 591 Numburyum
1311 554 1467 591 suscepto.

480 604 576 635 Liber
606 614 678 634 vero
701 614 716 633 e
739 603 842 633 tribus
868 602 1022 644 partibus
1051 606 1185 641 constat,
1213 612 1355 642 quarum
1387 603 1500 643 prima
1530 600 1760 642 refutationem
1794 601 1948 644 epistolae
1981 602 2022 633 ab

375 655 602 688 Ilildebrando
633 655 678 685 ad
702 654 943 685 Herimannum
968 654 1155 694 episcopum
1179 653 1351 684 Illetensem
1373 654 1491 684 missae
1515 653 1667 693 continet,
1696 654 1732 684 in
1756 664 1896 694 quarum
1920 653 2024 685 altera

376 710 593 749 impu-qnatur
619 705 757 747 epistola
780 705 935 736 monachi
964 705 1137 736 cuiusdam
1162 704 1419 746 Hirsanyiensis
1449 709 1561 736 contra
1591 704 1779 736 Clementem
1802 704 1865 736 III.
1885 715 2024 746 papam,
2045 716 2074 736 ιο

375 761 407 791 in
435 770 574 801 quarum
597 759 704 797 tertia,
728 768 811 799 quae
834 768 898 788 non
923 756 968 787 ad
983 756 1085 796 finem
1108 756 1207 787 ducta
1230 760 1285 796 est,
1309 757 1424 797 agitur
1447 755 1485 787 de
1509 757 1542 787 vi
1564 761 1852 787 sacramentorum.

484 811 510 841 1.
556 809 730 851 Postquam
746 808 926 840 Heinricus
944 808 996 839 IV.
1010 808 1218 849 poenitentia
1237 806 1404 839 Canossae
1421 811 1494 838 acta
1512 807 1719 839 anathemate
1742 819 1775 838 se
1798 807 1901 846 solvit,
1921 819 2026 850 papa,

376 863 433 904 qui
455 860 541 892 nihil
569 860 664 892 aliud
693 860 868 901 spectabat,
899 860 967 890 nisi
995 864 1030 890 ut
1055 858 1268 890 Germaniam
1295 859 1332 889 in
1356 858 1422 890 duo
1444 870 1549 900 regna
1573 859 1734 890 divideret
1756 859 1944 902 divisaeque
1966 860 2026 890 im-

374 914 504 956 perium
528 916 764 954 assequeretur,
795 916 987 943 conventum
1016 922 1113 953 ayere
1136 911 1172 941 in
1197 910 1257 941 hac
1285 915 1374 941 terra
1398 911 1579 951 constituit,
1601 911 1637 942 in
1662 921 1729 952 qua
1750 910 1789 941 de
1812 921 1915 941 causa
1937 912 2027 953 regis

377 971 404 996 et
429 965 621 1007 principum
645 964 836 997 decerneret.
885 962 964 994 Cum
988 968 1095 993 autem
1119 961 1268 993 Saoeones
1291 966 1475 1001 metuerent,
1503 973 1542 992 ne
1564 963 1600 993 ‘in
1625 961 1680 992 illo
1704 966 1863 993 conventu
1886 961 2026 994 consilia
2047 974 2074 994 15

378 1021 584 1057 caperentur,
608 1014 725 1057 quibus
749 1026 825 1056 opes
848 1015 1001 1046 Heinrici
1024 1014 1163 1045 nimium
1189 1017 1376 1054 crescerent,
1400 1024 1497 1055 papa
1528 1018 1660 1045 coactus
1683 1018 1728 1044 est
1751 1017 1871 1044 conatu
1894 1024 1953 1045 suo
1975 1014 2027 1045 de-

378 1070 499 1099 sistere.
544 1067 660 1109 Itaque
687 1067 726 1098 de
753 1068 880 1108 inteyro
911 1067 999 1097 inter
1021 1066 1217 1097 Heinricum
1246 1069 1274 1095 et
1305 1064 1454 1096 Saaeones
1486 1064 1600 1096 bellum
1631 1069 1776 1096 emortum
1807 1069 1835 1096 et
1864 1065 2027 1107 utrimque

380 1120 423 1150 ad
459 1130 551 1149 arma
587 1129 780 1149 concursum
817 1122 871 1149 est.
930 1117 1032 1149 Brevi
1071 1122 1177 1148 autem
1217 1116 1382 1156 Saaeoncs,
1420 1116 1522 1148 dubia
1551 1116 1699 1158 fortuna
1736 1115 1811 1147 belli
1845 1117 2028 1158 perniciosi

379 1171 509 1211 defessi,
532 1170 571 1201 de
592 1171 689 1210 pacis
712 1169 960 1201 condicionibus
983 1181 1056 1200 cum
1078 1180 1152 1210 reye
1176 1179 1273 1209 affere
1296 1173 1481 1209 coeperunt.
1530 1167 1622 1204 Quae
1642 1179 1716 1210 pam
1739 1167 1826 1210 quod
1849 1168 2027 1209 composita

378 1227 455 1254 esset
478 1233 676 1264 quamquam
694 1232 793 1263 papa
817 1232 914 1263 aeqre
937 1221 1020 1260 tulit,
1045 1221 1238 1261 animusque
1261 1220 1332 1250 eius
1355 1219 1430 1250 odio
1447 1219 1683 1251 incendebatur
1700 1220 1733 1249 in
1749 1230 1867 1261 reyenz,
1889 1230 1925 1250 eo
1942 1219 2029 1261 quod
2047 1231 2075 1251 20

378 1274 480 1315 leyati
504 1275 538 1304 in
561 1273 685 1315 synodo
709 1274 776 1313 (ll.
800 1272 890 1304 Febr.
910 1272 1008 1312 1079)
1032 1272 1071 1303 de
1094 1271 1232 1303 iniuriis
1255 1270 1486 1312 querebantur,
1509 1282 1592 1313 quae
1616 1271 1731 1302 amicis
1749 1281 1866 1312 papae
1888 1271 1925 1301 in
1949 1268 2028 1301 Ger-

378 1327 493 1357 mania
517 1325 639 1356 allatae
661 1329 774 1364 essent,
797 1329 825 1355 et
848 1335 1047 1366 quamquam
1070 1329 1148 1354 tunc
1172 1323 1327 1364 temporis
1349 1322 1502 1353 voluntas
1525 1334 1564 1353 ac
1586 1322 1732 1353 studium
1754 1323 1824 1353 eius
1844 1321 1890 1353 ad
1904 1321 2028 1353 Rudol-

371 1378 448 1419 fum
470 1388 575 1419 reqem
601 1375 795 1415 inclinabat,
818 1380 925 1407 tamen
949 1387 1015 1407 non
1040 1375 1161 1407 destitit
1185 1386 1255 1405 cum
1274 1374 1432 1405 Heinrico
1449 1385 1546 1415 agere
1562 1374 1601 1405 de
1616 1378 1774 1405 conuentu
1790 1374 1827 1405 in
1845 1372 2030 1404 Germania

379 1429 545 1468 habend0,·
576 1440 634 1459 nec
657 1428 793 1459 dubium
815 1432 870 1468 est,
902 1428 994 1468 quin,
1025 1428 1054 1458 si
1078 1431 1210 1468 uterque
1232 1436 1290 1456 rea:
1313 1425 1449 1456 decretis
1473 1424 1564 1456 iltius
1587 1426 1720 1457 concilii
1742 1436 1774 1456 se
1797 1425 2030 1466 subiunaeisset,

377 1492 471 1522 papa
494 1485 593 1511 totam
611 1479 825 1511 Germaniam
848 1480 885 1510 in
909 1479 973 1510 duo
996 1490 1100 1521 regna
1121 1479 1292 1509 divisurus
1305 1477 1425 1518 fuerit.
1465 1476 1545 1508 Cum
1562 1482 1668 1507 autem
1685 1477 1782 1509 etiam
1798 1477 1828 1508 is
1844 1481 2030 1517 conventus,
2049 1489 2078 1509 2⁵

379 1543 471 1572 quem
502 1533 535 1562 in
568 1531 691 1572 oppido
722 1530 928 1572 PVirziburyo
957 1531 1015 1573 aqi
1039 1541 1135 1572 papa
1165 1529 1322 1569 voluerat,
1353 1529 1398 1559 ad
1428 1529 1561 1560 irritum
1593 1529 1732 1568 caderet,
1763 1528 1799 1560 id
1823 1528 1907 1571 quod
1929 1528 2032 1571 leqati

376 1595 490 1625 papae
513 1583 600 1614 alius
626 1583 700 1614 vitio
723 1583 811 1624 reyis
835 1582 922 1613 alius
945 1581 1044 1623 culpa
1069 1582 1239 1613 samonum
1254 1580 1389 1622 factum
1412 1591 1478 1611 esse
1500 1580 1662 1620 dicebant,
1681 1591 1779 1622 papa
1802 1579 1972 1621 intelleaeit,
2001 1581 2032 1612 εἰ

380 1647 418 1666 ea
440 1636 494 1666 via
519 1635 681 1666 insidiosa
705 1639 733 1664 et
757 1634 900 1675 ancipiti
918 1638 1080 1675 peryeret,
1105 1645 1137 1664 se
1160 1634 1249 1664 omni
1273 1633 1476 1672 auctoritate,
1499 1643 1599 1673 quam
1622 1632 1716 1674 apud
1733 1631 1916 1663 Germanos
1931 1642 2031 1674 usque

381 1691 457 1717 tunc
487 1687 664 1726 habuisset,
687 1686 873 1716 destitutum
890 1686 980 1726 fore.
1025 1685 1141 1727 Itaque
1169 1696 1252 1724 cum,
1283 1696 1357 1726 reye
1388 1684 1545 1715 Ileinrico
1575 1684 1669 1726 apud
1699 1683 1907 1714 Flarckheim
1936 1683 2032 1722 victo,

381 1738 532 1769 Samones
559 1749 673 1779 papae
701 1738 834 1778 eiusque
864 1735 973 1768 doloso
1004 1737 1209 1778 ancipitique
1239 1735 1333 1766 modo
1362 1735 1486 1777 agyendi
1509 1746 1618 1767 omnes
1641 1735 1794 1766 miserias
1817 1733 1892 1766 belli
1913 1739 1941 1766 et
1963 1734 2030 1766 dis·
2051 1746 2078 1766 ao

381 1790 515 1820 cordiae
543 1790 730 1829 tribuerent,
760 1789 814 1820 itte
845 1793 975 1819 coactus
1006 1793 1064 1818 aut
1095 1788 1139 1819 ad
1169 1789 1257 1829 reglis
1286 1792 1343 1818 aut
1373 1787 1418 1818 ad
1441 1787 1615 1818 Santonum
1637 1798 1771 1818 causam
1793 1797 1826 1818 se
1849 1785 2032 1828 applicare,

377 1852 440 1882 pro
463 1852 571 1872 rerum
595 1846 682 1872 statu
709 1845 823 1882 partes
853 1839 1026 1871 Saaeonum
1055 1840 1147 1881 sequi
1178 1839 1328 1870 decrevit.
1383 1837 1453 1874 Quo
1474 1838 1582 1880 facto,
1613 1839 1651 1869 de
1682 1839 1808 1880 integro
1837 1837 2032 1869 Heinricum

382 1892 428 1932 (7.
447 1893 544 1923 Mart.
566 1893 662 1931 1080)
679 1892 981 1931 anathematizavit,
1005 1892 1101 1921 cuius
1125 1890 1345 1922 anathematis
1368 1891 1501 1921 initium
1519 1894 1642 1931 spectat
1664 1888 1748 1921 illud
1771 1889 1859 1931 quod
1873 1889 1925 1921 21.
1942 1888 2031 1921 Febr.

385 1944 474 1974 1076.
498 1944 619 1975 dictum
643 1949 742 1975 crat1.
782 1943 853 1974 Iam
879 1954 967 1974 anno
988 1942 1077 1974 1076.
1098 1953 1210 1985 papae
1230 1942 1406 1984 permaqni
1430 1943 1596 1980 intererat,
1621 1942 1653 1972 in
1670 1942 1810 1972 instanti
1828 1952 1949 1983 puyna
1965 1951 2031 1972 non

381 1995 481 2026 solum
510 1996 542 2026 in
569 1995 671 2026 Italia
699 1996 802 2026 socios
825 1994 952 2034 habere,
979 1994 1035 2025 sed
1058 1995 1183 2025 studuit
1207 1995 1302 2025 etiam
1327 1992 1527 2024 Germaniae
1550 1994 1719 2035 episcopos
1735 1997 1762 2024 et
1782 1993 1955 2034 principes
1970 1990 2035 2023 sibi
2052 2003 2080 2024 ³⁵

382 2047 568 2077 conciliare.
614 2047 655 2077 Et
678 2047 816 2088 contiyit
839 2046 868 2077 ci
892 2046 980 2088 quod
1003 2050 1183 2087 optaverat.
1222 2045 1320 2085 Nam,
1343 2056 1415 2075 cum
1440 2044 1590 2076 Santones
1618 2045 1774 2076 audirent
1796 2055 1903 2086 reyem
1925 2043 2033 2075 denuo

384 2098 692 2129 anathematizatum
720 2109 796 2138 esse,
819 2099 960 2129 nzaoeinze
979 2097 1264 2138 pet-movebantur.
1309 2096 1381 2127 Iam
1406 2097 1450 2127 ad
1474 2097 1558 2128 alios
1583 2096 1764 2139 Greqorius
1787 2097 1857 2137 ipse
1879 2094 2034 2136 epistolas

385 2149 482 2188 dedit,
505 2155 532 2179 et
557 2162 575 2180 a
600 2150 723 2191 synodo
747 2150 875 2180 nuntiis
898 2150 1006 2180 missis
1032 2149 1076 2179 ad
1105 2148 1250 2180 Udonem
1276 2147 1509 2189 Treverensem,
1535 2148 1764 2180 Theodericum
1789 2147 2033 2186 Virdunensem,

386 2201 627 2231 llerimannum
644 2201 827 2240 sslctensem,
850 2212 902 2232 eos
922 2206 1077 2242 precatus
1102 2205 1156 2240 est,
1179 2205 1214 2230 ut
1236 2200 1381 2231 redirent
1400 2201 1437 2231 in
1453 2199 1621 2231 ecclesiam
1631 2204 1651 2231 ².
1692 2199 1780 2230 Tunc
1795 2198 2033 2239 Herimannus,

386 2252 505 2292 quippe
529 2253 585 2292 qui
608 2253 672 2283 iam
707 2251 902 2283 Worznatiac
925 2252 993 2292 (24.
1018 2252 1091 2283 Ian.
1117 2251 1216 2290 1076)
1241 2252 1340 2282 anxie
1367 2251 1544 2283 dubitasset
1572 2252 1602 2282 ei
1626 2251 1750 2282 decreto
1774 2250 1940 2289 assentiri,
1971 2259 2034 2292 quo
2052 2262 2080 2281 ιο

385 2302 635 2333 Hildebrandus
661 2305 770 2334 iussus
793 2309 863 2334 erat
882 2304 1083 2344 pontificatu
1107 2315 1139 2334 se
1163 2303 1349 2343 abdicat-⁴2³,
1372 2301 1486 2334 litteris
1510 2303 1663 2343 acceptis,
1690 2302 1924 2343 infestissimus
1947 2301 2035 2343 regis

385 2353 598 2384 adversarius
633 2356 762 2385 exstitit.
814 2354 900 2386 Aliis
933 2355 1098 2396 episcopis
1133 2354 1334 2385 Germaniae
1367 2355 1452 2386 diem
1488 2354 1693 2386 vinculorum
1728 2353 1816 2385 Petri
1849 2353 1898 2393 (1.
1928 2352 2035 2394 Any.)

387 2405 552 2435 constituit
572 2405 761 2446 Gregorius,
785 2417 885 2447 usque
910 2407 954 2437 ad
978 2418 1075 2448 quam
1100 2406 1189 2437 vellet
1215 2405 1263 2437 illi
1281 2406 1346 2437 sibi
1363 2406 1593 2447 adiunyerent.
1632 2405 1698 2437 Sed
1715 2417 1787 2436 cum
1803 2415 1869 2436 non
1887 2403 2035 2436 omnibus

384 2460 487 2496 posset
513 2457 685 2497 iniunyme
708 2458 889 2487 servitutem
915 2462 941 2488 et
966 2458 1213 2498 oboedientiam,
1240 2457 1410 2498 epistolam
1437 2457 1525 2488 illam
1549 2457 1700 2498 scripsit:
1724 2455 1920 2488 Audivimus
1941 2464 2036 2498 quos-

387 2506 493 2538 (lam‘.
540 2507 577 2537 In
610 2519 744 2538 numero
768 2508 1037 2547 fidelissimorum
1070 2515 1146 2540 tunc
1170 2515 1265 2541 erant
1288 2508 1467 2550 Rudolfus,
1498 2508 1630 2549 U’elfus,
1662 2506 1858 2539 Bertholdus
1888 2507 1986 2538 duces
2008 2510 2037 2538 et
2054 2517 2082 2538 ⁴5
2106 2523 2110 2526 ·

389 2558 609 2597 Gebehardus,
634 2559 805 2599 Adulbero,
835 2560 1033 2591 Altmannus
1056 2562 1214 2602 episcopi,
1244 2562 1301 2603 qui
1326 2562 1410 2592 inter
1432 2572 1464 2592 se
1487 2564 1730 2600 consenserant,
1760 2558 1910 2591 omnibus
1932 2557 2036 2590 modis

388 2610 459 2650 regyi
484 2611 737 2650 rcpuynandum
760 2622 835 2641 esse.
881 2611 1005 2646 Quibus
1031 2613 1093 2643 iam
1118 2612 1173 2644 illo
1197 2617 1337 2654 tempore
1360 2623 1392 2642 se
1409 2612 1613 2643 adiunxerat
1630 2612 1855 2643 Herimannus
1871 2609 2034 2642 Bleteneis.

391 2660 462 2691 lluc
485 2665 629 2702 spectant
653 2661 738 2692 duae
761 2662 917 2702 epistolae
941 2667 1062 2693 aestate
1087 2665 1169 2694 anni
1197 2663 1286 2695 1016.
1310 2664 1526 2705 conscriptae,
1550 2664 1585 2695 in
1608 2663 1725 2706 quibus
1742 2662 1924 2704 Greyorius
1947 2660 2036 2700 dicit,

388 2723 420 2743 se
452 2713 591 2743 maa-ime
624 2714 781 2754 yauderc,
816 2714 901 2754 quod
932 2713 979 2745 illi
1005 2716 1177 2756 principes
1209 2715 1354 2746 wnnibus
1385 2715 1510 2747 viribus
1532 2714 1771 2753 contenderent,
1805 2718 1841 2745 ut
1862 2723 1968 2755 reqem
1991 2711 2037 2744 ad

499 2811 525 2843 ι)
550 2810 634 2842 Joffa.
661 2810 735 2835 niu.
761 2810 801 2836 ll.
824 2811 941 2843 11.3:‘·s.
962 2812 1031 2837 222.
1101 2813 1129 2836 ’.υ
1154 2811 1227 2837 nm.
1248 2821 1277 2845 p.
1297 2812 1366 2837 225.
1434 2810 1465 2846 3)
1489 2812 1562 2838 uua.
1585 2820 1614 2845 p.
1633 2811 1702 2838 453.
1769 2811 1799 2845 4)
1821 2810 1896 2838 Ima.
1915 2819 1947 2845 p.
1964 2809 2034 2836 535.
2055 2813 2083 2836 ω
