2132 3067
49 723 75 743 10

47 982 72 1002 15

43 1241 70 1260 20

42 1497 70 1517 25

41 1755 68 1775 ³0

40 2014 68 2034 ³5

38 2271 67 2291 40

40 2527 68 2548 4⁶

225 155 451 182 TRACTATL'S
475 157 525 182 DE
549 156 667 184 REGIA
692 158 914 186 POTESTATE
939 161 986 186 ET
1010 161 1279 190 SACERDOTALI
1303 165 1524 192 DIGNITATE.
1560 168 1595 193 II.
1684 165 1745 196 493

100 245 332 287 synorantiam,
363 246 456 285 quasi
478 245 583 284 liberi,
615 258 679 277 non
704 249 802 289 quasi
832 249 973 280 velamen
1007 250 1156 282 habentes
1189 252 1339 284 maliciae
1362 254 1549 295 libertatem,
1578 256 1634 287 secl
1663 259 1745 288 sicut

98 298 184 328 servi
208 296 279 327 Dei.
325 295 387 326 Per
410 302 572 327 terrenum
598 297 718 338 quippe
743 309 878 339 regnum
903 300 1018 331 celeste
1043 306 1118 332 tunc
1143 304 1280 344 proficit,
1304 304 1380 336 dum
1399 307 1483 348 quod
1509 307 1659 339 sacerdos
1682 320 1744 339 non

98 347 259 390 praevalet
289 347 418 378 efficere
450 358 509 389 per
539 347 704 380 doctrinae
732 360 922 389 sermonem,
954 353 1044 392 regia
1074 360 1215 395 potestas
1246 355 1304 386 lioc
1333 357 1400 397 agit
1435 358 1484 388 vel
1518 360 1654 401 imperat
1690 372 1746 402 per

98 398 289 441 disciplinae
312 406 466 430 terrorem
481 405 500 430 ¹.
547 399 651 430 Decet
673 401 781 441 igitur,
806 409 840 433 ut
858 404 1030 445 unicuique
1048 407 1200 445 potestati
1224 417 1301 438 suae
1324 410 1524 441 auctoritatis
1541 412 1743 454 privilegium

98 452 158 484 sibi
187 462 316 493 semper
347 449 469 481 salvum
499 456 530 481 et
560 451 719 483 incolume
750 460 944 493 perseveret,
997 455 1156 498 Denique,
1187 458 1269 488 sicut
1292 458 1410 490 Paulus
1442 462 1607 502 apostolus
1640 464 1744 496 docet:

97 503 197 534 Nemo
228 503 448 533 sacerdocium
479 501 562 532 sibia
595 504 778 545 praeripere
809 504 935 543 debct2,
967 507 1022 536 sed
1053 509 1109 549 qui
1134 515 1267 540 vocatur
1296 523 1316 541 (ι
1340 511 1407 542 Deo
1438 518 1595 554 tanquam
1619 516 1895 550 A117'071.Het›r.5.‡1.

96 554 177 586 Nam
201 560 232 585 et
252 553 398 586 Christus
415 564 477 584 non
494 561 595 585 semet
611 556 717 596 ipsum
741 556 941 596 clarificavit,
967 564 1000 588 ut
1024 559 1169 599 pontifex
1192 560 1291 600 fieret,
1316 563 1371 593 scd
1389 564 1441 604 qui
1467 564 1608 596 locutusb
1633 573 1681 598 est
1703 568 1741 598 ad

96 617 186 637 eum:
210 606 317 638 Filius
340 617 428 637 meus
452 617 483 637 es
508 611 553 646 tu,
577 617 633 647 ‘³90
657 607 753 638 hodie
769 609 871 649 genui
893 614 931 639 te.
978 609 1020 640 Et
1044 610 1073 640 in
1099 610 1162 641 alio
1187 611 1271 643 loco:
1298 614 1342 644 Tu
1368 626 1399 644 es
1415 618 1567 648 sacerdos
1593 619 1624 649 in
1645 624 1741 650 aeter-

95 670 172 690 num
196 658 373 689 secundum
398 658 542 689 ordinem
567 658 821 698 Melclez'sedech;
854 661 912 700 qui
937 661 970 691 ln
996 661 1108 692 diebus
1139 665 1251 694 earnis
1281 676 1360 696 suae
1384 678 1497 707 preces
1528 670 1742 711 supplicatio—

95 721 213 751 nesque
237 710 282 740 ad
305 721 375 740 eum
398 711 456 750 qui
477 710 581 751 possit
605 721 674 740 eum
708 722 728 740 a
753 716 850 742 morte
873 711 1000 743 salvum
1015 713 1133 753 facere
1157 726 1227 745 cum
1253 716 1390 748 clamore
1416 719 1522 749 valido
1546 725 1572 750 et
1596 721 1744 753 lacrimis

94 761 240 803 offerens,
270 762 448 792 eacauclitus
470 766 514 792 est
535 772 598 802 pro
621 773 683 792 sua
706 764 897 794 reverentia.
943 764 983 794 Et
1006 765 1135 806 quidem.
1164 778 1232 796 cum
1259 773 1336 798 esset
1353 770 1460 808 silius,
1491 772 1607 802 didicit
1631 784 1669 803 eac
1693 773 1744 804 his

95 825 179 855 quae
198 824 320 855 passus
343 818 390 844 est
413 813 640 853 obedientlam,
665 818 691 844 et
715 820 966 855 consummatas,
982 816 1097 857 factus
1120 823 1165 848 est
1194 819 1227 848 ιή
1253 820 1401 851 omnibns
1425 825 1743 863 optemperantibus⁰

94 865 158 896 sibi
187 877 292 896 causa
313 865 432 896 salutis
465 870 626 904 aeternae,
659 865 848 906 appellatus
879 878 899 896 (ι
924 867 992 898 Deo
1018 869 1169 909 ponttfea:
1202 871 1296 901 inacta
1327 872 1472 903 ordinem
1498 873 1741 906 Melchisedech.

93 917 180 958 Ergo
204 916 308 956 decet,
336 921 371 947 ut
394 917 538 958 episcopi
562 917 681 958 quique
705 922 882 958 sequantur
905 918 1039 949 formam
1064 931 1146 961 quae
1171 923 1347 962 praecessit
1370 923 1400 953 in
1426 925 1542 964 capite,
1571 931 1604 956 ut
1628 932 1657 957 et
1682 928 1743 968 ipsi

93 969 300 999 inveniantur
321 968 410 1010 digni
434 968 547 999 offerre
571 968 733 1010 spiritales
756 969 878 1000 hostias
895 970 1109 1012 acceptabiles
1127 971 1197 1003 Deo
1221 984 1277 1014 per
1299 974 1433 1006 eundem
1458 975 1620 1007 Christum
1645 978 1742 1008 domi-

92 1031 166 1051 num
197 1025 353 1059 nostrum,
382 1020 474 1051 cuius
497 1019 650 1051 menbra*l
678 1025 857 1052 noscuntur
889 1022 1038 1053 existere.
1090 1022 1240 1065 Denique
1270 1026 1359 1066 regia
1389 1032 1531 1067 potestas
1564 1031 1743 1070 spernenda

92 1082 156 1103 non
179 1076 242 1111 est3
265 1072 341 1113 quia
364 1072 450 1113 regis
474 1071 616 1102 officium
641 1076 710 1102 est³
734 1078 837 1103 totum
862 1072 923 1104 sibi
947 1074 1126 1105 subiectum
1150 1075 1307 1117 populum
1331 1077 1372 1107 ab
1397 1088 1504 1109 errore
1529 1080 1688 1121 corrigere
1712 1090 1743 1112 ct

93 1123 131 1154 ad
155 1123 326 1165 aequitatis
348 1129 445 1166 atque
468 1124 615 1154 iusticiae
639 1124 786 1155 semitam
810 1135 972 1156 revocare.
1018 1125 1112 1157 Unde
1136 1127 1166 1157 in
1192 1126 1272 1158 libro
1297 1128 1444 1160 Indicum
1469 1131 1643 1171 repperies,
1667 1134 1741 1174 qnia
1763 1145 1785 1163 ‹·f
1803 1146 1910 1168 minan

91 1180 263 1217 antequam
299 1186 407 1216 regem
438 1175 594 1206 haberent
627 1174 684 1205 filii
718 1175 827 1217 Israel,
864 1177 1025 1215 Ionathas,
1061 1177 1145 1209 filius
1174 1179 1230 1209 filii
1262 1179 1378 1221 Moysi,
1413 1191 1485 1212 cum
1516 1183 1600 1213 inter
1628 1183 1740 1216 levitas
1763 1197 1882 1216 il·.:1.2z.

91 1226 264 1269 deputatus
287 1232 381 1265 esset,
404 1228 622 1268 praesumpsit
652 1227 714 1259 sibi
738 1227 976 1268 sacerdocium3
1009 1231 1089 1271 quia
1116 1233 1348 1273 unusquisque,
1379 1232 1501 1274 inquid,
1532 1235 1595 1266 sibi
1613 1235 1742 1276 placita

1789 611 1824 659 ἐξ*

1852 641 1890 659 ὲ,

82 1279 244 1320 faciebat,
274 1290 309 1310 eo
333 1279 420 1320 quod
447 1290 512 1310 non
543 1284 622 1310 esset
650 1290 708 1310 rea:
730 1281 765 1310 in
791 1280 903 1311 Israel.
949 1281 1055 1322 Ipsius
1081 1283 1174 1313 etiam
1202 1283 1343 1313 officium
1369 1288 1437 1314 cst4
1461 1291 1542 1315 molas
1574 1292 1656 1324 iniqui
1680 1302 1740 1318 ψη»
1763 1286 1828 1307 ΗΜΘ
1840 1286 1876 1305 Π

1793 1316 1858 1335 ,430

89 1336 175 1358 terere
197 1336 223 1358 et
243 1333 275 1357 de
301 1333 463 1358 faucibus
488 1334 561 1358 eius
582 1333 710 1366 praedam
731 1335 841 1366 eripere,
861 1339 896 1360 ut
916 1339 1011 1360 recte
1033 1340 1108 1368 pater
1128 1345 1273 1369 panpeium
1301 1341 1332 1362 et
1353 1339 1457 1363 oculus
1479 1348 1617 1365 caecorum
1639 1345 1665 1366 et
1684 1351 1742 1374 pes
1778 1321 1790 1339 p

90 1379 246 1404 claudorum
265 1380 440 1404 nominari
459 1380 571 1411 possit
597 1383 629 1404 et
650 1389 733 1405 esse.
774 1381 854 1413 Ipse
880 1389 1012 1414 quoque
1040 1382 1145 1407 <lebet
1170 1392 1227 1407 esse
1250 1387 1391 1408 sanctae
1418 1385 1552 1410 defensor
1572 1388 1742 1413 aecclesiae.

195 1432 224 1464 6.
270 1432 364 1463 Unde
387 1431 594 1463 honorandus
623 1438 671 1464 est
701 1439 765 1464 tam
796 1432 837 1464 ab
862 1435 1012 1465 omnibus
1042 1436 1089 1466 sui
1121 1437 1212 1477 regni
1236 1436 1438 1477 praesulibus
1468 1449 1563 1479 quam
1587 1451 1606 1470 a
1629 1442 1743 1471 ceteris

90 1483 251 1523 omnibus,
275 1483 394 1525 quibus
417 1489 554 1525 praeest,
578 1485 637 1516 etsi
661 1496 725 1516 non
748 1491 882 1527 propter
905 1497 948 1527 se,
973 1486 1023 1517 vel
1046 1493 1178 1528 propter
1202 1488 1353 1519 honorem
1379 1494 1409 1519 et
1432 1490 1578 1530 gradum,
1606 1503 1701 1533 quem
1725 1503 1743 1522 a

90 1535 159 1566 Deo
183 1536 320 1577 accepit.
365 1535 433 1567 Nee
455 1547 513 1566 nos
537 1547 666 1568 movere
687 1536 793 1576 debet,
818 1538 893 1579 quia
913 1537 1003 1568 multi
1028 1539 1119 1580 pravi
1143 1544 1174 1570 et
1197 1541 1292 1580 pauci
1318 1540 1391 1572 boni
1409 1552 1501 1583 reges
1526 1543 1742 1575 inveniuntur.

87 1585 298 1617 Frumentum
323 1587 408 1617 enim
437 1588 469 1618 in
501 1590 742 1630 comparatione
773 1588 938 1630 palearum
971 1589 1064 1621 valde
1091 1591 1244 1632 exiguum
1276 1603 1346 1622 esse
1377 1593 1511 1624 videtur.
1560 1594 1624 1625 Sed
1655 1596 1742 1626 novit

88 1637 230 1678 agricola
253 1638 330 1680 quid
353 1638 453 1670 faciat
476 1639 515 1670 de
539 1640 662 1681 ingenti
685 1651 801 1671 acervo
821 1640 999 1682 palearum,
1024 1647 1055 1673 et
1078 1643 1168 1673 novit
1184 1642 1273 1674 Deus
1298 1644 1351 1686 qui
1377 1649 1450 1675 sunt
1473 1646 1551 1676 eius.
1598 1646 1742 1678 Sustinet

88 1694 195 1721 tamen
219 1701 346 1731 praVOS,
378 1695 412 1721 ut
435 1702 566 1722 suorum
591 1691 765 1723 electorum
790 1692 886 1723 fidem
911 1698 1008 1735 atque
1033 1693 1235 1735 prudentiam
1268 1706 1326 1737 per
1348 1695 1473 1727 illorum
1498 1698 1739 1738 perversitatem

88 1740 268 1772 exercendo
297 1742 475 1782 confirmet,
509 1748 540 1774 et
574 1744 650 1785 quia
684 1743 723 1774 de
757 1755 892 1775 numero
928 1756 1038 1776 eorum
1074 1745 1165 1776 multi
1200 1752 1430 1778 convertuntur
1462 1754 1492 1779 et
1527 1751 1740 1791 corriguntur.

89 1791 313 1825 Sustineamus
341 1805 419 1836 ergo
441 1800 472 1827 et
502 1806 560 1826 nos
589 1806 644 1826 eos
669 1806 749 1837 quos
773 1807 843 1827 esse
870 1796 1016 1827 videmus
1041 1798 1187 1838 iniustos,
1218 1803 1248 1829 et
1279 1810 1423 1830 amemus
1452 1811 1506 1831 eos
1531 1812 1610 1842 quos
1639 1802 1739 1832 iustos

87 1855 158 1876 esse
183 1844 342 1878 videmus.
386 1845 458 1877 Non
489 1851 596 1878 tamen
627 1846 710 1888 dieo,
740 1852 775 1879 ut
805 1847 978 1879 toleremus
1009 1848 1110 1879 malos
1140 1849 1260 1880 carnali
1291 1851 1415 1889 timore,
1446 1852 1502 1882 sed
1527 1852 1589 1883 Dei
1618 1863 1737 1887 amore,

86 1895 154 1928 Nee
177 1896 262 1936 dico,
286 1902 320 1928 ut
341 1908 487 1929 amemus
510 1909 564 1930 eos
589 1905 798 1940 expectantes
822 1899 863 1931 ab
887 1900 932 1931 eis
956 1911 1015 1941 pro
1031 1906 1140 1931 nostro
1163 1911 1273 1932 amore
1298 1902 1457 1933 carnalem
1482 1903 1737 1944 retributionem,

86 1953 142 1979 aut
163 1953 199 1979 ut
221 1949 399 1980 serviamus
422 1950 451 1981 ei
475 1956 608 1992 propter
632 1951 803 1983 commoda
825 1951 1015 1993 temporalia
1037 1957 1092 1983 aut
1116 1958 1247 1994 propter
1268 1952 1403 1994 gloriam
1429 1954 1648 1996 temporalem,
1679 1967 1737 1988 nec

87 2004 122 2031 ut
144 2011 304 2041 ponamus
328 2002 361 2032 in
386 2002 432 2033 eis
452 2013 543 2044 spem
569 2007 725 2033 nostram:
749 2004 902 2045 quoniam
927 2003 1118 2035 maledictus
1142 2010 1191 2034 est
1214 2004 1319 2043 homo,
1345 2006 1399 2046 qui
1424 2016 1512 2047 spem
1539 2018 1627 2038 suam
1646 2009 1738 2049 ponit
1757 2020 1906 2045 ‹tf.1s·r.17,:'·.

85 2052 118 2082 in
134 2051 272 2084 homine.
306 2052 374 2084 Nee
391 2054 475 2094 dico,
499 2059 534 2085 ut
551 2055 740 2086 exibeamus
764 2056 811 2086 eis
827 2061 953 2087 nosmet
969 2056 1056 2097 ipsos
1073 2056 1236 2086 ministros
1253 2056 1292 2087 ad
1310 2056 1391 2087 male
1415 2057 1607 2097 faciendum,
1632 2064 1666 2090 ut
1689 2060 1735 2090 eis

85 2102 211 2144 placere
241 2105 419 2146 possimus:
451 2108 604 2148 quoniam
634 2106 807 2148 dissipabit
829 2107 920 2139 Deus
951 2119 1023 2138 ossa
1054 2118 1162 2138 eorum
1194 2109 1249 2149 qui
1280 2107 1465 2139 hominibus
1488 2109 1624 2150 placent,
1653 2111 1736 2142 sicut
1755 2123 1905 2145 cwsmos.

86 2153 253 2196 psalmista
275 2160 429 2188 testatur:
460 2158 516 2189 sed
542 2164 576 2190 ut
599 2170 745 2190 amemus
768 2159 881 2199 iustos,
906 2160 982 2201 quia
1004 2159 1079 2190 iusti
1103 2164 1187 2198 sunt,
1218 2164 1249 2190 et
1272 2159 1444 2190 toleremus
1475 2160 1575 2192 malos
1603 2163 1735 2194 caritate

85 2205 169 2238 illius
192 2207 248 2249 qui
270 2218 325 2239 eos
348 2209 442 2240 nobis
465 2221 548 2252 equo
572 2210 693 2242 iudicio
716 2210 868 2252 praetulit
890 2217 987 2252 atque
1008 2211 1203 2252 praeposuit.
1249 2211 1368 2252 Legem
1394 2212 1514 2253 quippe
1537 2223 1600 2243 non
1624 2213 1736 2255 implet

86 2258 146 2289 nisi
170 2260 297 2292 caritas.
342 2260 385 2292 Et
407 2262 433 2292 si
457 2272 515 2293 nos
539 2262 688 2294 diabolus
713 2274 770 2305 per
792 2273 847 2294 eos
872 2262 1014 2293 occultus
1038 2263 1207 2304 inpugnat,
1231 2262 1406 2293 clamemus
1431 2262 1507 2294 illud
1532 2263 1735 2305 psalmistae:

86 2309 175 2341 Deus
197 2322 296 2348 meus,
321 2313 412 2354 eripe
433 2325 482 2345 me
505 2315 544 2346 de
566 2326 668 2346 mana
690 2315 790 2356 legem
813 2315 1052 2352 praetereuntis
1079 2320 1105 2345 et
1130 2315 1248 2356 inlquz',
1275 2315 1427 2356 quoniam
1451 2319 1484 2345 tzc
1509 2327 1540 2346 es
1559 2317 1734 2357 pacientia
1754 2314 1868 2363 {basma

85 2372 155 2392 mea
180 2373 200 2393 a
221 2363 388 2396 iuventute
410 2376 492 2397 mea.
536 2366 579 2397 Et
607 2377 775 2408 precemur
802 2365 902 2406 illum,
933 2371 968 2396 ut
991 2364 1232 2396 misericordiae
1261 2376 1337 2396 suae
1369 2365 1571 2397 dulcedinem
1601 2367 1734 2399 instillet

85 2413 118 2444 in
141 2414 244 2448 nobis.
289 2414 429 2456 Etenim,
460 2417 545 2448 sicut
567 2422 704 2449 testatur
728 2417 909 2459 psalmista:
944 2417 1090 2448 Custodit
1114 2417 1278 2448 Dominus
1306 2429 1413 2449 omnes
1437 2418 1610 2460 diligentes
1633 2431 1675 2460 se,
1706 2425 1733 2450 et
1753 2433 1885 2457 tumeo.

86 2475 192 2497 omncs
215 2471 400 2508 peccatores
430 2469 605 2510 disperdet.
661 2469 703 2500 Et
733 2469 814 2501 liber
843 2469 1029 2511 Sapientiae
1061 2468 1154 2499 dicit:
1188 2468 1286 2499 Multi
1306 2474 1451 2510 potentes
1480 2472 1627 2512 oppressi
1657 2477 1733 2503 sunt
1753 2485 1804 2503 1300}
1826 2486 1882 2508 ιη,

85 2515 204 2556 valide,
234 2522 263 2549 et
284 2518 422 2560 yloriosi
451 2521 571 2552 traditi
599 2526 675 2552 sunt
702 2522 738 2552 in
770 2533 888 2552 manus
918 2525 1110 2551 exterorum.
1159 2520 1198 2550 Et
1227 2520 1302 2552 Iob:
1334 2521 1563 2562 Adprehenclet
1594 2523 1731 2564 impium
1752 2536 1879 2557 rounam

87 2569 183 2609 quasi
206 2581 296 2611 aqua
318 2571 447 2612 inopia,
471 2577 562 2604 nocte
587 2574 746 2614 opprimet
770 2584 840 2604 eum
864 2576 1043 2613 tempestas,
1072 2576 1099 2602 et
1122 2572 1206 2602 tollet
1231 2570 1319 2603 illum
1344 2578 1457 2604 ventus
1480 2585 1589 2606 urens.
1634 2573 1731 2605 Deni-
1752 2587 1825 2605 ium.

195 2673 224 2706 a)
244 2675 266 2699 si
287 2675 312 2700 2.
388 2676 414 2707 b)
437 2677 562 2709 loquutus
584 2678 607 2701 2.
685 2678 710 2709 c)
732 2679 786 2703 obt.
809 2680 833 2702 2.
910 2677 937 2707 d)
959 2678 1078 2701 membra
1098 2678 1122 2700 2.

194 2772 221 2806 1)
247 2772 291 2806 Cf.
314 2781 402 2808 supra
419 2784 451 2809 p.
470 2775 540 2802 469.
651 2776 679 2809 2)
704 2776 766 2802 Hoc
788 2776 825 2802 ad
849 2776 1015 2809 Greyorizmz
1048 2776 1111 2802 Vll.
1135 2779 1263 2810 spectare
1285 2777 1404 2802 videtur.
1521 2776 1550 2810 3)
1577 2775 1620 2808 Cf.
1642 2784 1726 2809 supro

83 2821 108 2855 I,
132 2832 156 2850 c.
174 2823 202 2855 4,
220 2833 252 2858 p.
270 2824 340 2852 468.
428 2826 457 2860 4)
489 2827 517 2853 V.
541 2836 627 2860 snpra
647 2836 678 2860 p.
697 2827 766 2854 473.
