2132 3067
314 160 352 191 10
709 157 861 190 LIBELLI
885 155 1080 182 BERNALDI
1104 153 1340 181 PRESBYTERI
1362 151 1550 179 MONACHI.

312 250 467 282 servanda
498 247 722 291 promulgavit,
755 246 785 276 in
817 245 933 286 quibus
963 244 1058 274 etiam
1091 242 1361 273 cohabitationem
1392 251 1463 272 cum
1493 239 1619 271 feminis
1647 239 1709 271 sub
1737 239 1952 271 anathematis

311 301 552 343 interpositione
563 305 585 337 ⁹,
609 305 643 329 ut
668 291 1052 339 predixi,*sacerdotibus
1075 294 1151 324 fecit
1174 293 1346 334 prohiberi.

417 351 479 383 Sed
504 350 608 381 adhuc
633 350 777 386 forsitan,
802 353 836 378 ut
858 345 1090 388 aliquantulum
1115 350 1188 375 tuae
1212 344 1297 385 parti
1321 343 1460 374 videaris
1477 342 1658 384 suffragari,
1682 343 1778 374 etiam
1802 343 1834 372 in
1859 342 1952 373 huius

311 404 463 445 temporis
494 401 699 440 diaconibus,
731 406 765 430 ut
796 400 826 430 in
858 397 1022 440 predictis,
1052 396 1316 426 incontinentiam
1349 393 1515 425 contendis
1550 405 1620 435 esse
1650 393 1866 424 tolerandam:
1897 393 1953 424 sed

311 456 436 485 trustra.
493 452 753 494 Consequeretur
781 451 876 488 enim,
906 455 940 480 ut
968 448 1153 488 coniugium
1180 448 1210 477 in
1235 451 1349 488 quarta
1371 446 1576 487 generatione
1603 445 1698 476 etiam
1721 445 1815 476 modo
1838 445 1953 476 tolera·
1973 454 1986 474 5

311 513 409 536 retur:
435 503 518 546 quod
543 503 626 534 idem
650 503 762 533 doctor
786 499 1002 542 apostolicus¹
1030 497 1143 539 Anglis
1161 498 1284 529 noviter
1307 496 1469 527 conversis
1490 496 1530 527 ad
1547 501 1674 538 tempus
1698 507 1732 528 se
1755 497 1954 527 concessisse

311 557 485 598 profitetur.
532 555 565 585 Si
597 554 678 585 enim
710 552 769 583 hoc
798 557 942 592 tempore
973 550 1160 581 alterutrum
1194 548 1306 580 horum
1337 554 1422 580 esset
1450 546 1625 588 tolerabile,
1655 548 1763 590 potius
1791 547 1854 579 tale
1877 558 1953 579 con-

312 609 433 648 iugium
466 605 560 636 modo
589 610 672 635 esset
703 603 938 642 sufferendum,
970 601 1056 643 quod
1087 600 1198 631 saltem
1231 599 1404 642 aliquando
1435 599 1567 631 licenter
1601 598 1719 641 legitur
1753 609 1954 640 concessum,

311 669 405 700 quam
431 656 659 688 incontinentia
683 655 900 691 diaconorum,
926 664 1007 694 quae
1032 662 1188 693 nusquam
1214 651 1258 682 ibi
1283 662 1446 689 concessa,
1471 650 1526 682 sed
1544 651 1599 681 vix
1618 651 1649 681 in
1666 652 1789 692 paucis,
1813 651 1853 681 ad
1877 655 1955 682 tem-

311 720 380 751 pus.
411 719 473 738 non
500 713 603 738 tamen
629 707 696 736 sine
720 705 936 746 subsequente
960 703 1112 743 vindicta,
1144 709 1178 734 ut
1201 702 1338 745 predixi,
1370 702 1486 744 legitur
1509 713 1579 733 esse
1603 701 1812 733 dissimulata.
1865 701 1954 743 Ergo
1975 712 2002 732 ιο

311 772 381 790 eum
407 759 468 790 tale
493 758 677 799 coniugium
704 756 798 787 modo
823 754 1005 786 nullatenus
1036 755 1066 785 in
1098 754 1216 796 aliquo,
1250 755 1456 796 quantumvis
1487 753 1527 784 ad
1559 754 1788 784 continentiam
1818 753 1954 796 infirmo,

310 812 349 842 sit
372 810 584 848 tolerandum,
608 806 823 839 multominus
841 806 899 837 lioc
923 812 1068 848 tempore
1085 806 1292 836 diaconorum
1310 805 1542 837 incontinentia
1557 804 1675 836 alicubi
1697 810 1745 836 est
1762 804 1954 836 sufferenda.

311 863 360 893 Ex
386 862 432 892 liis
456 862 575 903 igiturb
599 859 778 891 rationibus
803 865 835 890 tu
860 859 928 899 ipse
953 857 1096 898 colligas,
1128 857 1206 899 quid
1238 856 1277 888 de
1307 856 1495 888 sacerdotali
1519 856 1648 897 fastigio
1671 867 1801 888 censere
1825 855 1954 891 debeas.

416 913 477 944 Sed
504 923 566 943 non
591 913 651 943 iam
677 911 796 942 diutius
820 910 850 940 in
876 908 1084 952 exquirendis
1109 907 1286 940 rationibus
1310 907 1513 947 demorabor,
1537 919 1607 939 cum
1626 907 1790 950 quaelibet
1806 918 1871 939 una
1886 918 1956 949 pre-

309 965 466 995 dictarum
502 964 579 994 satis
615 962 833 993 indubitanter
867 966 957 992 tuum
993 960 1135 992 destruat
1170 959 1363 1002 capitulum:
1398 959 1484 1002 quod
1518 970 1579 989 non
1615 970 1655 990 ex
1687 958 1795 1001 aliquo
1824 958 1905 991 libro
1936 969 1955 990 a
1975 969 2002 989 ιε»

309 1016 427 1046 sanetis
451 1015 595 1056 patribus
621 1014 817 1052 canonizato,
849 1013 902 1043 sed
929 1023 970 1043 ex
994 1012 1170 1054 'Tripartita
1200 1017 1400 1053 assumptum
1431 1017 1478 1042 est
1506 1010 1667 1052 hystoria3
1702 1021 1784 1052 quae
1808 1010 1955 1052 quamvis

309 1078 370 1098 non
396 1078 507 1108 parum
532 1066 624 1097 nobis
654 1065 700 1095 ad'
726 1064 875 1095 noticiam
910 1074 1014 1094 rerum
1046 1070 1209 1105 gestarum
1240 1064 1280 1094 sit
1312 1062 1407 1101 utilis,
1437 1073 1601 1104 nunquam
1632 1068 1739 1106 tamen
1763 1062 1892 1101 efficiet,
1920 1066 1956 1093 ut

308 1118 427 1160 aliquid
454 1118 482 1148 ei
507 1117 645 1156 credam,
670 1115 755 1158 quod
780 1125 891 1146 sacrae
915 1115 1093 1156 scripturae
1118 1115 1309 1156 statutisque
1334 1109 1515 1145 sanctorum
1542 1121 1679 1155 patrum,
1703 1114 1801 1144 immo
1819 1113 1955 1155 Spiritui

308 1176 426 1209 sanem,
451 1169 562 1200 horum
589 1169 753 1198 omniumc
777 1167 900 1198 auctori
925 1166 1162 1208 deprehendam
1187 1166 1362 1196 adversari.
1407 1165 1528 1196 Beatus
1552 1176 1667 1206 nempe
1685 1163 1854 1196 Gelasius²
1870 1175 1956 1207 papa

308 1222 537 1263 scripturarum
564 1219 734 1260 indagator
757 1218 986 1250 solertissimus
1010 1218 1041 1248 in
1067 1218 1204 1249 decretis
1228 1218 1304 1256 suis,
1337 1216 1393 1247 ubi
1423 1228 1495 1247 cum
1521 1216 1747 1247 eruditissimis
1770 1216 1864 1248 LXX
1889 1217 1955 1258 epi·
1973 1225 2002 1245 20

308 1273 414 1314 scopis
437 1272 635 1303 diversorum
661 1276 827 1301 auctorum
853 1276 916 1301 tam
936 1269 1115 1300 Grecorum
1141 1280 1235 1311 quam
1255 1268 1442 1300 Latinorum
1467 1267 1566 1299 libros
1590 1268 1799 1308 examinavit,
1822 1273 1854 1298 et
1876 1267 1954 1298 ubi⁶

308 1323 488 1365 diligenter,
513 1323 565 1365 qui
591 1333 702 1353 eorum
727 1326 833 1352 essent
850 1321 1026 1362 recipiendi
1047 1321 1096 1351 vel
1121 1320 1285 1358 renuendi,
1310 1319 1508 1358 deliberavit,
1534 1329 1690 1361 nusquam
1709 1319 1843 1350 eandem
1861 1319 1956 1350 histo-

310 1377 388 1406 riam
422 1376 483 1405 iam
509 1374 629 1405 dudum
661 1384 679 1403 a
711 1373 812 1403 tribus
837 1372 950 1403 Grecis
974 1372 1184 1414 compositam
1217 1371 1412 1413 recipiendis
1437 1371 1662 1401 annumeravit
1692 1370 1872 1412 scripturis5
1899 1369 1956 1402 sed

310 1428 410 1469 ipsam
436 1427 467 1456 in
492 1425 551 1456 hoc
574 1432 627 1456 tuo
652 1423 792 1466 capitulo
823 1423 1037 1465 respuendam
1068 1435 1138 1454 esse
1168 1424 1390 1462 monstrat-im,
1422 1423 1542 1465 quippe
1574 1421 1799 1454 venerabiliter
1822 1421 1957 1464 suscipi·

310 1478 392 1509 endo
417 1482 598 1508 sanctorum
623 1481 749 1517 patrum
775 1475 901 1506 decreta
931 1475 1034 1506 eidem
1065 1474 1206 1516 capitulo
1236 1475 1381 1516 penitus,
1414 1474 1469 1505 utd
1494 1474 1672 1516 predictum
1697 1479 1761 1513 est,
1785 1474 1956 1505 contraria.
1977 1484 2005 1504 25

415 1529 575 1560 Fortassis
607 1532 711 1558 autem
744 1525 911 1557 contendis
942 1525 1104 1568 predictae
1137 1526 1287 1558 historiae
1322 1526 1393 1556 ideo
1428 1537 1485 1567 per
1516 1526 1623 1557 omnia
1653 1525 1957 1571 eredendumtesse,

312 1581 404 1622 quiae
428 1578 640 1611 Cassiodorus
665 1575 876 1610 ex'senatore
907 1577 1091 1610 monachus,
1125 1578 1172 1608 vir
1203 1579 1234 1608 in
1265 1577 1384 1608 divinis
1413 1582 1444 1608 et
1474 1577 1620 1608 humanis
1651 1576 1752 1608 literis
1780 1575 1956 1617 erudituss‚

312 1632 471 1662 ordinavit
494 1630 638 1662 eandem.
685 1630 750 1660 Sed
784 1630 877 1660 liuius
906 1629 964 1660 viri
996 1640 1141 1670 persona,
1174 1629 1379 1671 quantumvis
1403 1628 1596 1669 veneranda,
1621 1639 1684 1659 non
1709 1628 1826 1670 poterit
1847 1626 1957 1658 annul-

312 1683 377 1713 Iarc
402 1682 572 1713 canonicas
597 1687 778 1712 sanctorum
804 1687 929 1722 patrum
963 1681 1190 1719 institutiones,
1221 1691 1310 1722 quas,
1343 1686 1377 1711 ut
1406 1679 1543 1722 predixi,
1573 1679 1754 1711 nullatenus
1783 1678 1957 1710 observare

313 1733 468 1774 valemus,
499 1734 524 1763 si
556 1745 612 1775 pro
644 1734 711 1764 eius
741 1733 921 1763 reverentia
952 1733 1056 1774 ipsum
1090 1738 1177 1763 tuum
1211 1737 1309 1774 caput
1331 1731 1556 1774 adimplemus.
1601 1731 1672 1763 Non
1696 1738 1802 1763 autem
1835 1730 1958 1762 mireris
1977 1742 2006 1762 so

313 1787 414 1827 ipsius
438 1784 601 1818 historiam
628 1785 658 1815 in
683 1783 844 1826 aliquibus
868 1795 937 1815 esse
962 1783 1185 1825 respuendam,
1212 1795 1282 1815 cum
1309 1784 1438 1815 historia
1456 1783 1601 1823 Eusebii,
1624 1794 1719 1826 quam
1743 1788 1872 1814 sanctus
1889 1781 1958 1813 lhe-

314 1838 477 1867 roniinus⁴
502 1837 540 1867 dc
565 1836 670 1866 sii-cco
695 1837 725 1866 iu
750 1835 897 1866 Latinum
922 1835 1119 1875 transtulitss,
1143 1836 1198 1866 vix
1223 1836 1253 1866 in
1278 1836 1431 1877 predictis
1456 1835 1593 1866 decretis
1618 1834 1739 1866 Gelasii
1770 1845 1874 1876 papae
1903 1833 1957 1865 ob-

315 1889 421 1927 tineat,
446 1899 484 1919 ne
508 1888 637 1918 omniuo
661 1893 843 1919 renuatur-⁵.
869 1886 942 1918 licet
966 1887 1098 1918 multum
1125 1887 1269 1918 utilitatis
1301 1888 1331 1918 in
1361 1897 1399 1918 ea
1427 1887 1616 1929 reperiatur.
1673 1886 1783 1918 Sancti
1806 1884 1959 1916 videlieet

312 1940 393 1970 virib
417 1939 515 1970 multa
539 1939 578 1970 ad
603 1945 743 1970 nostram
769 1938 980 1970 eruditionem
1006 1938 1095 1969 utilia
1119 1950 1180 1969 non
1205 1938 1307 1969 solum
1333 1938 1572 1979 transtulerunt,
1596 1938 1652 1969 sed
1676 1939 1770 1970 etiam
1789 1948 1830 1968 ex
1846 1947 1956 1969 eorum

313 1983 443 2032 propria
466 2001 602 2032 persona
627 1990 896 2031 conscripserunt.
921 2001 1056 2032 quornm
1081 1990 1208 2032 aliqua¹¹
1233 1996 1264 2021 et
1288 1991 1349 2033 ipsi
1371 1990 1576 2032 postmodum
1591 1990 1829 2021 *iudicaverunt
1850 1999 1959 2031 respu-
1976 2001 2005 2021 ³5

314 2043 406 2073 enda.
452 2033 556 2072 Huius
588 2042 631 2072 rei
665 2042 741 2072 satis
772 2042 908 2072 evidens
935 2043 1151 2072 testimonium
1183 2047 1312 2073 sanctus
1338 2043 1539 2083 Augustinus
1569 2042 1662 2073 affert
1690 2042 1783 2073 nobis
1814 2042 1846 2072 in
1877 2040 1958 2072 libro

317 2094 601 2126 Reti-aetatiunum,
633 2093 689 2124 ubi*
719 2104 799 2134 pene
828 2105 867 2124 cx
897 2093 1031 2134 singu-lis
1060 2093 1160 2131 libris,
1192 2105 1272 2136 quos
1296 2095 1366 2136 ipse
1390 2093 1580 2135 composuit,
1608 2104 1670 2124 non
1695 2088 1803 2135 pauca
1822 2093 1963 2135 ipsemet

316 2145 476 2175 remwnda
501 2145 633 2175 consuit.
692 2144 760 2174 Hoc
790 2145 873 2175 enim
905 2144 1024 2175 donum
1054 2146 1184 2188 proprie
1214 2145 1414 2188 sapientibus
1438 2146 1518 2176 adeo
1542 2151 1590 2176 est
1612 2145 1812 2185 attributum,
1841 2149 1877 2176 ut
1898 2154 1960 2176 nec

317 2198 346 2226 in
371 2196 446 2229 suis,
470 2195 585 2225 nedum
612 2196 641 2225 in
666 2195 799 2226 aliorum
825 2195 913 2226 libris
938 2196 1114 2228 defendere
1138 2197 1246 2230 velint,
1270 2197 1295 2227 si
1320 2196 1396 2239 quid
1421 2197 1451 2227 in
1477 2198 1522 2227 eis
1546 2196 1722 2228 catholicae
1739 2196 1864 2228 veritati
1888 2206 1962 2227 con-

316 2248 446 2278 trarium
471 2247 658 2278 invenerint.
697 2247 782 2278 ldcm
801 2248 895 2278 etiam
915 2249 1139 2288 Augustinns⁶
1164 2247 1308 2279 scribens
1331 2248 1371 2279 ad
1397 2254 1541 2279 sanctum
1561 2248 1779 2279 Ilieronimum
1803 2259 1837 2279 se
1859 2247 1961 2289 ipsius
1978 2238 2007 2279 ὼ

317 2307 347 2329 ct
371 2297 584 2340 quorumlibet
609 2305 790 2329 sanctorum
824 2299 944 2340 scripta
976 2300 1017 2330 ita
1049 2299 1154 2341 legere
1186 2305 1331 2339 testatur,
1361 2305 1393 2329 ut
1425 2305 1530 2330 tamen
1563 2299 1744 2330 nullatenus
1767 2299 1911 2340 recipiat,
1935 2298 1960 2330 si

319 2350 392 2391 quid
419 2349 460 2380 ibi
486 2356 614 2390 apertae
639 2350 764 2380 veritati
789 2351 983 2381 contrarium
1013 2352 1160 2392 reperiat.
1218 2350 1288 2381 Hae
1317 2351 1414 2391 igitur
1443 2350 1698 2382 consideratione
1730 2350 1863 2382 historia
1885 2348 1961 2382 Cas-

429 2455 457 2478 u)
478 2454 646 2485 impositione
668 2457 699 2478 (ἐ.
776 2455 802 2481 b)
824 2463 885 2485 crgo
907 2456 938 2479 G.
1016 2461 1042 2479 c)
1063 2456 1132 2480 dces!
1148 2456 1178 2480 (ἔ.
1255 2456 1284 2481 dt
1305 2456 1391 2481 eidem
1413 2464 1481 2488 can,
1501 2461 1529 2481 ut
1550 2456 1671 2487 diximus,
1692 2464 1754 2489 pen.
1775 2456 1910 2480 contraria
1929 2454 1961 2480 G.

320 2505 346 2540 e)
367 2500 436 2531 quod
458 2502 489 2523 Η.
566 2500 585 2525 fi
608 2500 799 2524 cruditissimus
821 2500 853 2526 (ἶ,
930 2508 958 2532 g!
980 2502 1109 2526 convertit
1131 2501 1162 2526 G.
1239 2501 1266 2528 h)
1287 2510 1416 2533 supcrscr.
1439 2503 1463 2526 8.
1776 2496 1780 2500 ⁸

431 2598 455 2625 l)
481 2597 540 2622 Lib.
559 2597 612 2628 XI,
637 2606 678 2630 ep.
698 2597 745 2623 64.
771 2598 918 2631 arnbe'gsuae
936 2598 1014 2631 fidei,
1043 2600 1112 2633 Um».
1132 2599 1172 2632 II,
1196 2600 1246 2627 col.
1268 2600 1362 2632 1154;
1385 2600 1471 2633 ιΙαχγὶῐ
1494 2610 1535 2627 nr.
1555 2600 1644 2628 1843.
1747 2600 1776 2635 2)
1800 2599 1893 2635 Epist.
1911 2599 1961 2633 42,
1978 2605 2008 2626 ιδ

322 2656 367 2673 seu
394 2648 550 2673 lna-retulit·
580 2648 613 2673 dv
643 2648 806 2681 rrvipz'cudis
835 2652 858 2674 et
887 2659 937 2674 non
968 2650 1136 2684 recipiendis
1160 2651 1238 2676 libris
1261 2652 1303 2679 ed.
1332 2651 1416 2683 Tln'cl,
1441 2652 1531 2686 Epioe.
1556 2652 1675 2679 Roman.
1695 2651 1801 2686 pontof.
1823 2650 1963 2685 yenu'inae

324 2699 345 2727 Ι,
367 2708 395 2732 p.
415 2698 472 2723 454
496 2708 553 2732 sqq.
642 2699 669 2724 3:
695 2699 826 2726 Minime:
849 2700 965 2725 historia
991 2702 1098 2734 quidem
1127 2702 1240 2728 Eusebia·
1264 2702 1406 2736 Pamphili
1428 2703 1589 2737 apocrypha
1614 2704 1684 2729 inter
1707 2703 1794 2729 libros
1816 2711 1870 2728 non
1891 2702 1962 2729 reci·-

319 2750 437 2784 Jn'cmlus
460 2750 593 2782 affertur:
617 2750 650 2775 dc
667 2750 817 2782 Sowmeui',
843 2751 977 2777 sacratis.
1002 2752 1165 2778 Theodorus
1187 2754 1441 2780 continuationibus
1458 2755 1484 2780 in
1503 2755 1620 2789 epistola
1635 2755 1687 2781 illa
1704 2753 1772 2780 nihil
1787 2753 1900 2788 legitur.
1928 2753 1961 2781 S.

325 2801 353 2834 4)
378 2800 463 2826 Imma)
488 2801 614 2833 Rufinus.
661 2801 858 2828 GRETSJ'TH.
947 2802 976 2830 ὃ)
1006 2803 1080 2829 Tln'el
1100 2813 1130 2837 p.
1149 2804 1218 2830 4Gl.
1307 2805 1336 2833 Gi
1362 2806 1415 2839 Ep.
1434 2805 1481 2837 40,
1507 2808 1521 2837 ἓ
1545 2806 1579 2840 9,·
1605 2805 1676 2840 opp.
1692 2809 1711 2835 l.
1729 2805 1770 2838 ῙῙ,
1795 2805 1846 2832 col·
1864 2804 1914 2832 86-
