2132 3067
211 369 226 386 1.
237 368 287 386 Cor.
298 368 317 384 οἳ,
328 367 347 385 3.

278 1344 347 1364 ‘t'.1¹3.

316 1499 347 1522 1¹5)

374 163 430 193 I4S
771 165 922 190 LIBELLI
947 164 1144 191 BERNALDI
1168 163 1404 190 PRESBYTERI
1428 163 1615 191 MONACHI.

369 255 464 293 tione,
490 265 584 295 quain
610 265 649 284 ex
674 254 783 284 divina
807 253 1008 284 institutione
1032 252 1158 284 v'idetur
1182 253 1390 295 processisse.
1436 252 1521 291 Quid
1539 253 1623 282 enim
1641 253 1767 292 mirum,
1791 253 1816 283 si
1841 252 2018 295 apostolica

370 306 542 335 auctoritas
566 316 657 345 reges
682 305 823 335 iudicare
847 309 962 346 possea
987 304 1138 345 creditur,
1171 315 1252 346 quae
1283 304 1374 334 iuxta
1404 303 1584 345 apostolum
1617 310 1649 335 et
1676 303 1808 346 angelos
1839 304 2018 336 iudicatura

370 368 431 386 non
457 355 632 387 dubitatur.
678 356 832 394 Nescitis,
862 357 1016 398 quoniam
1046 361 1072 387 et
1102 355 1237 398 anqelos
1261 356 1493 394 iudicabimus,
1523 360 1644 397 quanto
1670 357 1778 397 magis
1805 356 2017 388 saecularia?

369 407 448 437 Nam
474 418 566 448 reges
592 406 782 438 sacerdotali
806 408 956 449 potestati
979 413 1099 438 certum
1131 413 1179 438 est
1207 407 1385 445 subiacere,
1419 407 1511 437 beato
1537 406 1687 437 Gelasio¹
1713 417 1797 448 papa
1820 407 1859 438 ad
1884 409 2019 439 Anasta-

369 460 450 489 sium
477 460 702 500 imperatorem
730 459 773 490 ita
798 464 1011 501 protestante:
1040 459 1126 498 Duo,
1156 459 1271 500 inquit,
1301 464 1386 496 sunt,
1410 459 1590 499 imperator
1615 463 1763 499 auquste,
1787 459 1902 501 quibus
1919 460 2016 501 prin-
2037 473 2050 493 5

369 510 521 550 cipaliter
538 510 589 541 hic
606 511 750 541 mundus
767 513 912 552 reyz'tur:
936 512 1117 542 auctoritas
1133 515 1268 541 sacrata
1290 510 1482 551 pontificum
1508 514 1534 539 el
1559 509 1682 550 reyalz's
1702 514 1858 550 potestas,
1887 511 1922 540 in
1946 511 2017 552 qui-

369 562 427 591 bus
451 566 541 592 tanto
565 563 704 601 ,qr-avius
727 567 772 593 est
793 563 925 603 pondus
948 562 1162 602 sacerdotum,
1187 567 1308 603 quanto
1333 562 1427 591 etiam
1452 572 1512 602 pro
1537 562 1618 601 ipsis
1642 561 1773 602 regibus
1796 562 1960 592 hominum
1983 562 2018 592 in

370 614 482 643 dit-ino
507 613 672 643 reddituri
694 618 770 643 suut
793 614 944 644 emamz'ne
968 615 1138 644 rationem.
1182 613 1278 644 Nosti
1301 613 1396 652 enim,
1416 612 1472 652 fili
1495 612 1746 653 clementissime,
1769 613 1924 654 quoniam
1947 611 2019 643 licet

368 665 539 704 Jn-rsicleas
563 665 707 695 hnmano
731 665 1041 706 9e7207·i‹l1'9nitate,
1073 670 1176 696 tamen
1204 664 1393 706 presulibus
1422 664 1614 694 diuinarum
1640 675 1744 694 rerum
1777 663 1911 694 devotus
1940 663 2019 695 colla

370 716 528 746 submittis
567 721 661 758 atque
693 717 730 747 ab
761 718 806 747 eis
842 728 963 747 causas
993 721 1068 747 tuae
1100 716 1217 747 salutis
1248 720 1412 758 eoepectas,
1452 715 1591 757 hincque
1622 720 1650 745 te
1682 715 1750 746 illis
1781 715 1879 746 subdi
1908 715 2020 746 debere
2039 730 2065 748 ιο

371 768 540 809 coquoscis
570 769 742 809 reliye'onis
773 768 888 798 ordine
916 769 1028 809 potius
1059 779 1155 809 quam
1183 778 1332 809 preesse5
1370 768 1452 797 inter
1482 766 1560 796 haec
1592 777 1631 796 ex
1662 766 1793 797 illorum
1822 771 1850 797 te
1878 766 2020 808 pendere

372 820 504 857 iudicio,
536 831 600 849 mm
634 819 704 850 illos
732 819 799 850 adb
823 825 912 850 tuam
944 819 1018 850 velle
1049 820 1156 860 redigi
1187 818 1392 849 voluntatem.
1445 816 1529 847 Hinc
1561 823 1690 848 sanetus
1715 817 1912 858 Gregorius²
1936 827 2018 859 papa

371 871 493 911 primus
517 881 728 912 sepenumero
759 871 790 900 in
821 870 1010 912 privilegiis,
1042 882 1124 912 quae
1154 870 1238 909 fecit,
1272 869 1388 910 legitur
1419 868 1610 909 decrevisse,
1642 876 1675 900 ut
1706 876 1770 900 tam
1801 880 1894 911 reges
1923 879 2017 911 quam

369 922 554 953 sacerdotes
583 921 633 952 vel
664 921 798 964 quilibet
827 923 986 954 seculares
1017 934 1035 953 a
1063 923 1128 953 suis
1158 920 1370 963 dignitatibus
1401 920 1561 959 caderent,
1592 921 1618 951 si
1650 926 1762 952 contra
1785 921 1871 952 sedis
1894 926 2019 962 aposto-

370 972 449 1003 licae
473 979 591 1004 statuta
615 975 724 1004 venire
747 978 953 1015 temptarent.
1001 973 1121 1005 Eadem
1146 980 1252 1004 autem
1277 973 1467 1003 auctoritate
1490 973 1602 1003 beatus
1621 972 1805 1014 Stephanus
1822 982 1908 1014 papa
1925 972 2019 1003 huius
2040 986 2066 1005 15

370 1025 508 1055 nominis
532 1026 690 1056 secundus
709 1024 907 1056 Hilderieum
927 1037 1033 1066 regem
1053 1024 1270 1056 Franchorum
1297 1034 1354 1065 pro
1379 1024 1507 1064 ignavia
1535 1034 1591 1054 sua
1608 1023 1759 1066 deposuit
1781 1031 1813 1055 et
1836 1023 2017 1065 depositum

370 1083 466 1118 atque
497 1077 665 1107 detonsum
702 1077 732 1107 iu
773 1077 1000 1107 monasterium
1040 1077 1126 1107 misit
1161 1082 1191 1107 et
1223 1076 1370 1117 I'ipinum
1405 1075 1432 1105 ei
1464 1075 1495 1105 in
1531 1086 1663 1116 regnum
1699 1075 1897 1106 substituit³.
1953 1074 2020 1105 Nec

371 1128 563 1167 mirandum,
594 1129 619 1158 si
646 1128 780 1158 Romani
806 1128 973 1169 pontifices
998 1127 1220 1159 saecularibus
1249 1126 1428 1158 saeculares
1457 1125 1633 1167 dignitates
1657 1135 1792 1168 possunt
1814 1126 1949 1166 auferre,
1981 1137 2019 1157 ne

370 1179 550 1210 christianis
582 1180 812 1221 principentur,
845 1190 924 1221 quos
954 1180 1081 1220 penitus
1110 1190 1127 1209 a
1159 1189 1293 1221 corpore
1325 1178 1514 1208 detruncare
1546 1186 1690 1219 possunt,
1722 1190 1761 1210 ne
1791 1177 1841 1209 vel
1873 1177 2017 1209 ultimum

370 1230 473 1261 Iocum
499 1232 582 1261 inter
605 1231 795 1261 christianos
821 1230 938 1261 habere
963 1231 1144 1262 videantur.
1191 1231 1244 1261 Sic
1269 1231 1352 1260 enim
1384 1236 1514 1261 sanctus
1538 1229 1768 1261 Innocentius⁴
1793 1240 1878 1272 papa
1900 1229 2019 1260 Archa·
2039 1241 2066 1260 20

370 1282 457 1312 dium
483 1283 709 1323 imperatorem
736 1283 1037 1313 excommunicasse
1063 1282 1188 1323 legitur,
1218 1292 1255 1311 eo
1286 1282 1370 1323 quod
1402 1282 1610 1314 consenserit.
1642 1287 1676 1312 ut
1707 1287 1837 1312 sanctus
1860 1281 2020 1312 Iohannes

369 1334 588 1364 (Jrisostomus
619 1345 637 1364 a
669 1333 745 1364 sede
778 1344 835 1364 sua
866 1333 1046 1375 pelleretur.
1099 1333 1179 1364 Item
1215 1332 1328 1364 beatus
1360 1333 1530 1364 ‘Nicolaus
1561 1344 1646 1374 papa
1676 1333 1799 1374 primus
1830 1333 2017 1364 Lotharium

370 1397 476 1427 regem
503 1397 560 1427 pro
584 1385 723 1427 quadan]
749 1385 927 1416 concubina
952 1385 1256 1416 excommunicavit.
1302 1385 1381 1415 Item
1404 1385 1517 1416 beatus
1535 1384 1698 1415 Adrianus
1721 1395 1806 1427 papa
1828 1383 2020 1426 generaliter

369 1448 478 1468 omnes
503 1448 594 1478 reges
616 1436 910 1475 anathematizavit,
935 1437 1128 1478 quicumque
1153 1437 1237 1467 sedis
1263 1436 1460 1478 apostolicae
1481 1442 1600 1467 statuta
1617 1435 1739 1467 violare
1756 1437 2019 1478 presumpserint.

476 1488 569 1519 Patet
593 1500 670 1530 ergo
695 1489 772 1519 satis
795 1495 916 1530 aperte,
947 1488 1032 1530 quod
1059 1488 1201 1529 presules
1225 1487 1394 1530 apostolici
1419 1494 1482 1518 tani
1506 1487 1764 1519 aecclesiasticos
1789 1498 1884 1529 quam
1909 1498 2018 1519 saecu·
2039 1497 2066 1516 25

369 1539 450 1570 lares
483 1540 621 1581 prelatos
652 1539 779 1571 valeant
810 1540 982 1581 deponere.
1028 1539 1123 1571 Unde
1155 1545 1186 1571 et
1217 1541 1397 1572 neeessari0
1429 1539 1648 1581 consequitur,
1678 1544 1713 1570 ut
1741 1545 1773 1570 et
1795 1539 1957 1570 subiectos
1981 1538 2020 1570 de

370 1592 518 1622 manibus
551 1591 745 1633 prelatorum
775 1592 899 1632 possint
930 1592 1150 1633 emancipare3
1191 1603 1254 1622 non
1288 1592 1373 1622 enim
1404 1597 1473 1622 rata
1504 1596 1614 1633 posset
1643 1602 1713 1621 esse
1742 1590 1936 1632 prelatorum
1967 1590 2018 1622 de-

370 1643 495 1684 positio,
527 1644 552 1673 si
584 1643 802 1674 subiectorum
836 1642 922 1673 nulla
954 1650 1064 1684 posset
1094 1643 1162 1674 fieri
1192 1643 1380 1674 subtractio.
1427 1642 1490 1674 Sed
1515 1651 1546 1674 et
1569 1642 1628 1673 hoe
1652 1647 1774 1673 certum
1799 1649 1848 1674 est
1870 1642 2017 1674 omnibus

369 1693 532 1726 catholicis
556 1700 587 1725 et
610 1694 755 1735 eruditis,
785 1694 869 1736 quod
897 1695 1008 1725 beatus
1034 1695 1148 1726 Petrus
1173 1707 1191 1726 a
1213 1696 1356 1727 Domino
1381 1705 1462 1737 eque
1486 1694 1678 1736 generaliter
1701 1700 1732 1725 et
1755 1694 1931 1725 efficaciter
1954 1700 2016 1725 tam

368 1745 512 1777 solvendi
538 1757 633 1788 quam
658 1746 779 1787 ligandi
805 1752 996 1788 potestatem
1021 1748 1189 1788 acceperit.
1238 1747 1329 1778 Unde
1359 1752 1388 1777 et
1413 1747 1525 1777 vicarii
1555 1747 1667 1788 ipsius,
1698 1747 1753 1788 qui
1777 1757 1817 1777 cx
1841 1745 2016 1787 apostolica
2037 1755 2065 1775 ³0

368 1799 558 1829 auctoritate
582 1797 720 1839 prelatos
744 1804 878 1839 possunt
901 1797 1011 1839 ligare.
1036 1809 1075 1829 ne
1099 1798 1252 1829 subiectis
1277 1798 1471 1840 presideant‚
1496 1798 1606 1829 eadem
1624 1799 1815 1829 auctoritate
1832 1798 1927 1828 etiam
1945 1797 2017 1828 sub-

370 1850 467 1880 iectos
490 1849 668 1890 absolvere,
692 1861 731 1880 ne
757 1849 877 1880 eisdem
904 1849 1036 1891 prelatis
1061 1850 1258 1881 subiaceant.
1305 1850 1359 1880 Sic
1383 1850 1494 1891 utique
1518 1856 1648 1880 sanctus
1674 1849 1855 1881 Celestinus
1878 1859 1963 1891 papa
1985 1850 2016 1880 in

369 1901 493 1943 synodo
511 1901 696 1942 Ephesina⁵
714 1900 1089 1942 Constantinopolitanos
1114 1902 1144 1931 in
1169 1913 1226 1932 sua
1249 1902 1440 1933 auctoritate
1464 1900 1503 1932 de
1527 1902 1675 1932 manibus
1691 1901 1831 1933 Nestorii
1855 1900 2016 1943 quondam

370 1954 513 1995 episcopi
540 1953 745 1994 mancipavit.
793 1953 870 1983 Item
896 1958 1025 1984 sanctus
1052 1953 1116 1983 Leo
1141 1964 1225 1995 papa
1250 1955 1280 1983 in
1300 1952 1554 1984 Caleedimensiss
1577 1952 1700 1994 synodo
1725 1952 1962 1984 Alexandrinos
1986 1953 2017 1983 in

370 2016 427 2036 sua
455 2005 647 2035 auctoritate
680 2016 697 2035 a
731 2004 888 2035 Dioscoro
920 2004 1081 2046 quondam
1114 2006 1268 2046 episeopo
1299 2004 1447 2046 synodali
1479 2004 1599 2035 iudicio
1634 2003 1787 2035 liberavit
1821 2005 1945 2046 eisque,
1984 2012 2017 2034 ut
2036 2013 2062 2033 ³5

370 2062 513 2088 sanctum
535 2057 711 2087 Protei-ium
729 2057 790 2086 sibi
815 2056 970 2097 eligerent
995 2057 1025 2086 in
1051 2057 1251 2098 episcopum,
1275 2056 1442 2087 concessit.
1491 2055 1580 2086 Haec
1604 2067 1680 2087 sane
1704 2057 1922 2087 sacratissima
1945 2066 2018 2086 con-

371 2108 450 2141 cilia.
475 2109 506 2138 in
531 2109 648 2149 quibus
673 2107 856 2138 huiusmodi
881 2108 1156 2149 emancipationes
1180 2109 1247 2139 sive
1271 2107 1448 2138 solutiones
1471 2108 1573 2138 factae
1598 2107 1755 2149 leguntur,
1785 2113 1905 2138 tantam
1930 2118 2016 2138 reve-

370 2161 503 2190 rentiam
529 2171 567 2189 ex
592 2158 770 2200 apostolica
793 2160 983 2189 auctoritate
1007 2166 1200 2197 meruerunt,
1223 2165 1257 2190 ut
1282 2160 1394 2190 beatus
1421 2160 1600 2199 Gregorius
1623 2170 1707 2201 papa
1733 2159 1843 2190 eadem
1869 2166 1900 2190 et
1922 2170 2016 2190 euan-

370 2211 461 2249 geliis
487 2217 652 2252 comparet
682 2217 711 2241 et
743 2222 852 2241 omnes
875 2211 916 2241 ab
940 2211 985 2241 eis
1011 2210 1237 2242 dissentientes
1261 2210 1518 2248 anathematizet,
1549 2211 1603 2252 qui
1632 2212 1727 2242 etiam
1757 2210 1816 2242 dee
1839 2210 1958 2241 eisdem
1985 2211 2014 2240 in

370 2263 542 2303 synodica⁷
567 2273 623 2292 sua
654 2263 693 2291 ad
725 2261 923 2303 patriarchas
947 2268 1144 2303 protestatur
1167 2263 1224 2292 ita:
1254 2262 1306 2302 Se,
1330 2263 1443 2304 inquit,
1468 2267 1495 2291 ct
1520 2274 1583 2293 non
1611 2262 1668 2293 illa
1691 2263 1838 2302 destruit,
1866 2263 2016 2304 quisquis
2033 2270 2060 2289 ⁴⁰

370 2315 488 2345 soluere
516 2315 684 2354 presumit,
714 2325 792 2354 quos
820 2314 928 2354 lissam
961 2314 1005 2344 uel
1034 2314 1149 2355 liyare.
1182 2325 1261 2354 qnos
1289 2313 1427 2344 solvunt.
1476 2314 1552 2344 Item
1580 2314 1692 2345 beatus
1716 2313 1898 2355 Stephanus
1920 2323 2014 2355 papa,

370 2365 408 2395 ‹le
433 2376 495 2406 quo
521 2365 730 2406 prediximus,
760 2375 869 2395 omnes
895 2365 1111 2405 Francigenas
1143 2375 1160 2394 a
1191 2364 1332 2395 dominio
1362 2371 1392 2395 et
1420 2366 1599 2395 iuramento
1623 2365 1833 2396 subiectionis
1858 2364 2014 2396 Hilderici

369 2417 451 2457 regis
478 2416 602 2457 penitus
625 2415 801 2447 absolvisse
825 2416 972 2456 legitur-⁵.
1021 2416 1097 2447 Item
1124 2424 1252 2446 sanctus
1273 2416 1432 2446 Iohannes
1453 2427 1537 2458 papa
1554 2416 1762 2447 Lodowicum
1787 2418 2012 2459 imperatorem

480 2530 505 2545 :ir
529 2529 559 2545 ’,κν
580 2530 614 2545 cr.
637 2530 660 2552 p.
683 2530 748 2545 marr.
771 2521 795 2545 9,
873 2522 900 2545 Μ
922 2526 1000 2552 :itque
1023 2523 1046 2545 9.
1124 2531 1147 2545 ι·1
1171 2530 1202 2545 ct
1223 2522 1322 2546 eisdem
1344 2522 1375 2545 «Ie
1397 2531 1464 2546 corr.
1486 2522 1510 2546 9.

480 2615 505 2647 1)
536 2613 564 2640 V.
587 2623 673 2647 snpra
695 2623 724 2647 p.
744 2614 793 2641 97.
876 2616 903 2639 :21
929 2614 1000 2640 lbid.
1020 2623 1051 2648 p.
1071 2614 1119 2640 97.
1208 2615 1237 2644 3)
1261 2615 1341 2639 Ilaec
1360 2615 1456 2648 potins
1479 2615 1516 2640 nd
1539 2614 1712 2641 Zachariam
1735 2624 1839 2649 papam
1864 2614 2013 2648 reserenda
2029 2622 2057 2641 45

368 2669 445 2699 sunt,-
479 2664 630 2698 cf.!ame11
662 2666 787 2698 capilula
819 2665 974 2690 ealleclium'
1003 2674 1137 2690 canonum
1168 2666 1273 2691 codicis
1298 2666 1490 2691 Gallu-irensis
1512 2667 1632 2698 adiecta,
1663 2666 1794 2698 Scir-alek,
1824 2667 1890 2693 ‘Die
1912 2666 2010 2693 Streit-

371 2716 509 2749 ‹chrtfleii'
529 2726 559 2750 Ι).
581 2717 647 2744 tm,
716 2717 745 2741 -ti
776 2716 803 2743 Γ,
828 2726 914 2750 supra
935 2726 966 2750 J).
984 2716 1032 2743 97.
1101 2717 1129 2741 5«
1156 2716 1226 2742 llud.
1248 2726 1278 2750 p.
1297 2716 1346 2742 99.
1423 2717 1451 2750 6)
1476 2717 1548 2743 Ibid.
1570 2726 1599 2750 p.
1621 2717 1687 2744 147.
1767 2718 1796 2751 7)
1818 2717 1891 2744 [bid.
1912 2726 1942 2752 p.
1961 2718 2009 2745 61.

371 2770 399 2802 ὅ)
424 2768 484 2794 Hoc
507 2768 541 2794 de
564 2768 705 2802 Stephano
730 2768 769 2794 II.
795 2777 927 2801 nusquam
953 2768 1063 2801 Icyilur.
