2132 3067
360 166 421 197 100
759 165 912 193 LIBELLI
936 164 1133 191 BERNALDI
1156 164 1392 192 PRESBYTERI
1416 162 1602 190 MONACHI.

279 269 286 278 ⁴
319 271 338 289 5.
360 269 441 299 quae
475 259 562 287 intus
594 261 621 286 et
641 255 733 296 foris
763 266 830 286 esse
861 265 927 285 non
952 258 1064 295 potest.
1110 253 1149 284 Si
1179 254 1263 284 enim
1295 253 1388 294 apud
1412 252 1638 283 Novatianum
1662 252 1740 282 ‘sive
1763 251 1928 282 Novatum
1951 256 2006 291 est,

360 310 450 350 apud
469 307 651 339 Cornelium
678 318 743 337 ηοη
758 307 841 346 fuit.
889 305 928 336 Si
943 316 1016 335 vero
1033 305 1127 346 apud
1146 305 1331 336 Cornelium
1351 303 1430 344 fuit,
1454 304 1512 345 qui
1527 303 1676 334 Fabiano
1692 303 1845 344 episcopo
1859 302 2006 344 leyitima

360 360 565 390 ordinatione
596 359 759 397 successit,
790 357 1004 388 Novatianus
1037 357 1070 386 in
1095 357 1229 387 ecclesia
1252 367 1319 387 non
1343 360 1387 386 est
1411 367 1468 386 nec
1491 355 1665 395 episcopus
1688 355 1875 395 computari
1890 358 2006 396 polest.

358 411 407 441 Ac
431 411 456 440 si
483 410 619 440 diceret:
645 409 669 439 si
693 407 780 449 apud
806 407 999 449 Gregorium
1024 417 1141 449 papam
1167 406 1304 439 ecclesia
1327 407 1396 445 fuit,
1421 405 1507 448 quod
1530 411 1562 436 et
1584 406 1647 448 ipsi
1671 405 1831 437 Guiberto
1855 405 2007 444 constitit,

359 461 445 502 apud
471 460 663 491 Guibcrtum
689 471 750 490 non
775 464 832 500 est,
864 470 922 490 nec
955 459 1024 490 eius
1053 458 1240 500 complices.
1285 458 1407 489 Eodem
1434 458 1518 488 enim
1543 457 1638 488 modo
1662 462 1811 498 excepto,
1834 456 1921 498 quod
1944 467 2008 487 non
2027 470 2041 489 ⁵

359 513 426 543 sine
451 512 592 553 periurio
616 510 794 542 Guibertus
812 510 982 552 Gregorio,
1006 511 1091 541 sicut
1108 510 1253 541 Novatus
1271 509 1422 541 Cornelio
1446 507 1627 539 adulterina
1650 507 1911 550 subplantatione
1934 506 2010 538 sub·

359 564 468 605 repsit.
513 562 594 593 Nam
619 563 657 593 de
683 561 808 593 Novato
833 573 895 592 non
918 562 1064 603 legimus,
1094 562 1181 604 quod
1205 561 1422 592 obedientiam
1447 565 1559 591 sancto
1585 559 1734 591 Cornelio
1758 570 1899 602 unquam
1923 560 2008 590 iura·

361 616 453 653 verit,
477 614 562 656 quod
581 613 757 644 Guibcrtus
775 613 935 655 Gregorio
959 624 1062 655 papae
1086 613 1170 644 fecit.
1216 612 1258 644 Et
1280 617 1315 643 ut
1338 612 1376 643 de
1397 612 1529 642 domino
1545 617 1656 642 nostro
1673 611 1832 653 Gregorio
1856 611 2011 652 dicamus,

362 666 447 708 quod
471 666 510 696 de
534 671 646 696 sancto
670 664 819 696 Cornelio
849 665 976 706 scripsit
1006 665 1118 696 beatus
1143 665 1368 706 Cyprianus1:
1399 664 1520 695 Factus
1548 668 1594 695 est
1621 664 1795 704 episcopus
1826 663 1864 694 de
1887 662 1953 693 Dei
1982 666 2011 692 et

365 718 486 749 Chris-ti
516 718 586 748 eius
617 717 753 756 iudicio,
785 717 823 747 de
853 717 1042 748 clericorum
1074 717 1218 748 omnium
1249 716 1443 753 testimonie,
1475 715 1514 746 de
1539 715 1653 756 plebis,
1685 726 1767 756 quae
1796 719 1873 744 tunc
1905 711 2011 755 affuit,
2033 727 2058 746 10

361 768 532 810 suffr-(tylo,
555 769 594 799 de
609 768 814 798 sacerdotum
832 769 1044 809 antiquorum
1068 773 1096 798 et
1120 768 1276 798 bonorum
1293 768 1439 797 virorum
1456 766 1598 808 colleqio,
1623 778 1694 797 cum
1718 776 1804 796 nemo
1828 770 1902 796 ante
1918 764 2010 796 illum

353 821 470 862 sactus
492 824 580 858 esset,
604 831 673 850 cum
698 819 789 850 locus
807 819 896 850 Petri
919 824 947 850 et
969 819 1099 861 gradus
1122 819 1337 851 sacerdotalis
1361 819 1535 850 cathedrae
1559 822 1702 849 vacaret.
1749 816 1820 853 Quo
1844 820 2012 858 occupato,

361 877 389 902 et
405 871 469 902 Dei
485 871 646 902 voluntate
663 876 756 913 atque
773 872 916 902 omnium
940 882 1100 902 consensu
1124 871 1288 911 ordinato,
1312 871 1461 913 quisquis
1484 871 1551 901 iam
1576 871 1748 911 episcopus
1773 868 1910 900 voluerit
1924 867 2012 908 fieri,

352 924 446 963 foris
469 923 534 962 flat
566 934 689 953 necesse
719 928 774 963 est,
805 935 861 953 nec
885 922 978 954 habet
1002 923 1256 954 aeclesiasticam
1281 923 1533 961 ordinationem,
1562 922 1619 963 qui
1647 921 1821 952 aecclesiae
1843 931 1908 951 non
1931 923 2013 950 tenet

362 975 539 1012 uuitatem;
561 974 729 1015 profanus
753 979 808 1014 est,
833 974 962 1006 alienus
986 979 1041 1014 est,
1055 974 1148 1015 foris
1171 978 1225 1007 est.
1270 973 1312 1004 Et
1334 985 1406 1004 cum
1426 978 1502 1014 post
1523 974 1667 1014 primum
1684 972 1848 1004 secundus
1864 982 1930 1003 esse
1945 981 2011 1002 non

358 1027 474 1067 possit,
504 1027 651 1067 quisquis
679 1031 753 1066 post
782 1027 938 1067 primum,
970 1027 1026 1068 (lui
1048 1025 1137 1057 solus
1160 1025 1247 1056 (lebet
1272 1036 1347 1065 esse,
1367 1025 1485 1065 factus
1508 1029 1562 1063 est,
1586 1036 1648 1055 non
1675 1025 1739 1054 iam
1764 1023 1928 1055 secundus
1950 1021 2013 1062 ille,

362 1077 418 1108 sed
441 1077 551 1108 nullus
574 1082 627 1108 est.

295 1152 342 1172 sm
470 1138 653 1168 sententias
691 1143 798 1168 autem
835 1137 875 1169 de
912 1137 1152 1169 universalitate
1186 1136 1361 1168 aecclesiae
1394 1147 1597 1178 nequaquam
1633 1137 1677 1166 ita
1711 1134 1888 1176 intelligere
1919 1132 2014 1166 debe-

2034 984 2060 1003 15

195 1306 251 1324 (len.
264 1306 297 1329 22,
324 1306 342 1323 5⁴.

298 1728 344 1750 47)

248 1935 322 1956 ·-1.5,·.³

299 2100 333 2121 U*

302 2524 337 2540 (11¹

343 2525 348 2543 J

364 1200 444 1227 mus,
479 1195 513 1219 ut
544 1200 654 1219 omnes
684 1194 797 1230 gentes
829 1190 861 1220 in
891 1189 1029 1221 aeclesia
1060 1201 1129 1221 esse
1159 1189 1315 1220 dicamus.
1371 1187 1524 1230 Nunquid
1557 1188 1641 1219 enim
1672 1187 1789 1229 aliquis
1820 1186 2013 1217 christianus

363 1252 508 1282 paganos
532 1241 599 1271 sive
622 1240 754 1272 iudaeos
772 1241 803 1271 in
821 1241 978 1272 aecclesia
996 1252 1065 1272 esse
1089 1240 1301 1280 contenderit,
1326 1241 1474 1281 quamvis
1498 1240 1567 1281 ipse
1590 1238 1752 1269 Dominus
1769 1236 1921 1269 Abrabae
1943 1247 2015 1279 pro·
2034 1249 2061 1269 20

365 1292 501 1323 miserit:
533 1292 571 1322 In
602 1294 722 1323 semine
752 1298 806 1324 tuo
837 1293 1066 1324 benedicentur
1096 1304 1204 1323 omnes
1232 1292 1362 1334 gentes?
1409 1291 1474 1322 sed
1505 1296 1536 1322 et
1566 1289 1728 1333 quoslibet
1757 1289 1916 1321 hereticos
1945 1289 2014 1320 sive

364 1344 663 1374 excommunicatos
694 1344 785 1374 iuxta
813 1345 1049 1375 attestationem
1087 1350 1269 1376 sanctorum
1300 1348 1427 1384 patrum
1463 1342 1540 1373 foris
1575 1353 1645 1373 esse
1680 1353 1743 1373 non
1778 1340 2015 1372 dubitabimus:

364 1395 480 1438 quibus
505 1394 616 1437 procul
640 1395 739 1426 dubio
765 1397 864 1426 satius
889 1402 986 1437 esset,
1009 1407 1172 1438 nunquam
1192 1394 1380 1426 aecclesiam
1406 1394 1552 1433 intrasse,
1577 1404 1672 1436 quam
1697 1394 1789 1424 iuxta
1811 1391 2013 1433 euangelium

364 1446 462 1489 duplo
486 1447 588 1478 factos
612 1458 682 1477 esse
707 1446 788 1478 filios
811 1447 987 1488 gehennae.
1033 1448 1106 1489 lpse
1131 1457 1260 1489 quoque
1283 1452 1415 1477 sanctus
1438 1447 1664 1487 Augustinus2
1687 1445 1900 1487 scysmaticos
1924 1447 2014 1474 extra

364 1498 552 1529 aecclesiam
569 1509 639 1528 csse
653 1510 865 1540 sepenumero
879 1500 1026 1538 asseruit,
1043 1499 1116 1530 licet
1133 1499 1172 1529 (le
1189 1497 1428 1529 universalitate
1444 1498 1619 1529 aecclesiae
1636 1507 1796 1539 nusquam
1809 1495 2015 1527 dubitaverit.
2036 1507 2064 1527 25

365 1550 424 1581 Est
447 1561 523 1590 ergo
547 1550 591 1580 ita
615 1549 855 1591 intelligendum
881 1557 1023 1582 sanctam
1045 1550 1234 1582 aecclesiam
1259 1561 1328 1581 esse
1352 1560 1412 1592 per
1435 1560 1545 1581 omnes
1568 1555 1680 1590 gentes
1703 1548 1840 1580 disusam
1864 1548 1896 1578 in
1919 1556 2016 1578 mem-

366 1602 431 1633 bris
455 1602 537 1641 suis;
561 1612 623 1631 non
641 1603 752 1643 utique
770 1603 799 1632 in
818 1603 889 1642 illis,
915 1604 968 1645 qui
986 1603 1034 1634 vel
1052 1613 1215 1644 nunquam
1242 1602 1270 1632 ei
1294 1602 1489 1643 incorporati
1514 1606 1597 1640 sunt,
1620 1600 1670 1632 vel
1694 1601 1748 1642 qui
1773 1604 1846 1642 post
1868 1599 2015 1641 incorpo-

365 1653 523 1684 rationem
548 1664 637 1683 suam
663 1653 902 1686 aecclesiastico
926 1655 1045 1686 iudicio
1070 1655 1110 1686 ab
1134 1665 1172 1685 ea
1195 1653 1400 1684 dimembrati
1425 1657 1508 1684 sunt.

472 1713 687 1755 Nequaquam
710 1726 787 1745 vero
812 1727 1010 1756 perversum,
1035 1715 1089 1746 sed
1115 1726 1226 1746 sanum
1250 1713 1343 1745 nobis
1367 1713 1496 1745 videtur
1519 1724 1588 1744 esse
1612 1711 1794 1751 consilium,
1818 1715 1853 1742 ut
1868 1708 2016 1742 monachi

366 1776 430 1796 non
465 1772 528 1796 tam
563 1765 764 1796 secularibus
799 1766 966 1807 obediant,
1008 1778 1143 1809 quorum
1179 1765 1422 1797 conversatione
1455 1764 1779 1804 abrenuntiaverunt,
1820 1773 1917 1805 quam
1952 1761 2016 1792 suis
2037 1773 2064 1793 so

366 1816 558 1855 abbatibus,
592 1818 709 1858 quibus
744 1817 960 1849 obedientiam
997 1820 1224 1860 promiserunt.
1285 1816 1422 1859 Hocque
1456 1827 1566 1847 omnes
1601 1815 1794 1857 generaliter
1826 1820 1890 1846 tam
1925 1813 2016 1855 spiri-

278 1880 287 1890 ⁴
367 1868 468 1899 tuales
493 1879 588 1910 quam
614 1869 775 1900 seculares
800 1870 993 1901 ‘firmissime
1017 1870 1203 1908 adtendant,
1230 1874 1264 1900 ut
1287 1867 1363 1899 nulli
1388 1878 1540 1909 umquam
1559 1873 1670 1898 contra
1686 1867 1792 1898 Deum
1816 1872 1848 1897 et
1869 1863 2016 1908 apostoli-

327 1936 346 1952 ·.
367 1931 436 1950 cam
469 1921 693 1952 auctoritatem
726 1921 892 1952 obediant:
925 1927 1044 1962 oportet
1075 1923 1159 1954 enim
1189 1922 1266 1962 plus
1296 1920 1424 1951 obedire
1454 1920 1522 1950 Deo
1550 1930 1647 1962 quam
1679 1918 1873 1949 hominibus.
1922 1915 2017 1948 Unde

367 1977 651 2014 quantumcunque
675 1973 883 2014 imperatoria
906 1974 1057 2004 maiestas
1081 1972 1209 2004 excelsa
1226 1971 1383 2012 videatur,
1406 1982 1468 2001 non
1492 1976 1540 2002 est
1562 1975 1668 2001 tamen
1685 1980 1835 2011 aequum,
1858 1973 2017 1999 utcontra

369 2024 474 2054 Deum
499 2024 528 2054 ei
552 2023 732 2056 obediatur.
2037 2035 2064 2055 ⁸⁵

474 2083 542 2114 Nec
566 2085 788 2125 indignamini,
811 2087 837 2116 si
862 2091 973 2117 sancta
996 2085 1132 2117 eeclesia
1156 2095 1266 2115 eorum
1291 2083 1482 2114 elemosinas
1507 2093 1570 2113 non
1594 2082 1720 2124 recipit,
1744 2091 1826 2123 quos
1844 2084 2018 2112 externae·

369 2136 602 2165 communionis
627 2147 698 2166 esse
723 2138 940 2177 perspexerit3
976 2148 1049 2167 nam
1076 2143 1107 2168 et
1130 2137 1231 2167 sancti
1263 2146 1403 2166 canones
1428 2135 1628 2176 precipiunt,
1659 2140 1693 2164 ut
1725 2132 1904 2164 oblationes
1934 2130 2016 2162 diffi-

368 2186 510 2217 dentium
543 2187 676 2217 fratrum
708 2199 766 2218 nec
798 2189 829 2218 iu
861 2189 1001 2219 sacrario
1036 2199 1094 2219 nec
1128 2189 1159 2218 in
1190 2187 1407 2228 gazophilatio
1444 2187 1652 2228 recipiantur,
1691 2184 1747 2216 sed
1778 2190 1809 2216 et
1837 2184 1927 2226 ipsae
1958 2182 2017 2214 ele—

369 2238 510 2268 mosinae
528 2238 773 2269 aecclesiasticis
791 2240 991 2270 orationibus
1006 2246 1078 2270 sunt
1093 2239 1360 2280 compensandae.
1386 2240 1594 2279 Quapropter
1607 2242 1719 2268 sancta
1735 2235 1891 2268 aecclesia
1906 2245 2015 2266 eorum

369 2289 560 2319 elemosinas
578 2291 758 2320 necessario
776 2290 907 2325 devitat,
925 2291 1042 2332 quibus
1060 2292 1090 2321 in
1105 2291 1351 2321 aecclesiasticis
1369 2290 1569 2321 orationibus
1586 2300 1648 2319 non
1667 2289 1892 2319 communicat.
1927 2286 2019 2317 Haec
2035 2301 2064 2320 «ο

369 2348 474 2371 autem
501 2342 606 2371 omnia
630 2342 821 2372 testimoniis
845 2348 1028 2372 sanctorum
1054 2349 1180 2383 patrum
1211 2342 1311 2372 lacius
1335 2341 1516 2383 approbare
1540 2350 1718 2382 possemus,
1745 2339 1801 2370 sed
1826 2337 2018 2380 prudentiae

368 2398 493 2423 vestrae
525 2393 618 2422 nimis
648 2404 761 2433 graves
790 2405 859 2423 esse
891 2395 1049 2431 timemus,
1082 2404 1175 2435 quam
1209 2404 1266 2434 per
1290 2404 1322 2424 sc
1347 2393 1509 2434 copiosius
1533 2398 1564 2423 et
1587 2391 1773 2432 diligentius
1804 2390 1882 2421 llaec
1909 2390 2015 2421 omnia

369 2446 563 2483 investigare
589 2455 681 2485 posse
706 2456 767 2474 non
793 2444 989 2476 dubitamus.

478 2506 512 2536 In
539 2506 586 2535 his
612 2517 688 2545 ergo
713 2512 741 2535 et
768 2506 797 2534 in
821 2505 892 2535 aliis
917 2505 1098 2536 huiusmodi
1124 2512 1307 2536 sanctorum
1333 2511 1459 2546 patrum
1485 2505 1653 2535 sententiis
1671 2514 1729 2546 pro
1753 2502 1882 2534 modulo
1906 2506 2014 2532 nostro

371 2569 470 2599 usque
509 2558 539 2587 in
580 2557 673 2587 tinem
714 2568 918 2598 perseverare
957 2558 1118 2598 cupimus,
1158 2568 1215 2587 noc.
1254 2556 1293 2587 de
1332 2556 1394 2587 fide
1433 2567 1552 2594 eornm,
1591 2556 1690 2586 immo
1725 2555 1765 2587 de
1798 2554 1860 2586 fide
1893 2552 2013 2585 Christi
2033 2566 2061 2585 ιε

479 2673 507 2696 a}
528 2676 634 2695 eterna«-
657 2672 679 2694 9,

460 2771 485 2794 1)
505 2771 555 2803 1·Ῑ]»,
575 2770 622 2800 ἴιῖ),
648 2778 670 2795 c.
690 2769 714 2795 T.
739 2780 766 2801 μ.
786 2769 854 2796 ⁸129.
883 2769 983 2802 paucis
1014 2769 1120 2793 omissis
1150 2770 1190 2795 rel
1220 2770 1339 2796 muratis.
1450 2769 1479 2794 2]
1504 2768 1589 2793 Liber
1611 2769 1644 2794 dc
1662 2767 1721 2800 fide
1743 2770 1766 2792 el
1790 2766 1911 2800 symbolo
1933 2767 1948 2797 ξ
1964 2765 2012 2795 21,

374 2822 443 2855 ‘'pp-
469 2822 510 2846 ντὶ.
538 2821 639 2846 Rened.
664 2825 682 2844 1.
708 2820 752 2847 Vl.
779 2821 828 2846 vol.
851 2821 916 2847 161.
942 2824 964 2844 r!
988 2820 1109 2853 saepius,
