2132 3067
15 715 40 734 10

12 1025 38 1044 15

11 1281 38 1302 8⁰

9 1539 35 1560 2⁵

9 1796 34 1816 80

7 2095 34 2116 ³5

6 2353 33 2373 ⁴0

577 151 692 178 LIBER
716 152 769 178 DE
791 153 948 180 HONORE
971 153 1184 182 ECCLESIAE.
1641 155 1702 186 609

64 238 264 271 earm-norff?
313 238 470 281 Sufficiat
499 240 665 282 bucusque
695 253 783 272 nunc
812 243 934 273 nostris
961 244 1240 275 consacerdotibus
1261 246 1435 286 paululum
1460 246 1616 278 dilatasse
1639 258 1701 278 ser-

64 302 195 329 monem,
224 291 258 321 in
289 301 351 331 quo
380 302 489 322 eorum
518 292 760 323 excellentiamb
784 293 878 324 simul
909 299 938 323 et
960 306 1071 325 casum
1101 299 1362 337 monstravimus,
1392 303 1418 328 et
1442 310 1481 329 ne
1496 299 1637 338 fidentes
1665 300 1701 330 in

64 342 256 375 sublimitate
287 342 457 382 bonorum,
487 344 618 374 minime
645 345 847 385 requirerent
867 346 1096 385 perfectionem
1120 358 1253 387 morum,
1284 353 1310 379 et
1333 350 1369 379 in
1392 349 1457 380 solo
1481 361 1512 381 se
1536 351 1701 381 crederent

62 394 242 425 sacerdotes
265 395 394 424 nomine
415 394 491 434 plus
514 406 610 436 quam
636 405 730 436 opere
753 395 906 436 ⁸qloriari.
950 397 992 426 Et
1015 400 1162 438 quamvis
1185 400 1284 430 sciam
1308 412 1366 442 pro
1389 401 1447 432 hoc
1470 400 1573 433 libello
1595 401 1700 442 pluri-

62 457 126 477 mos
145 445 228 476 mihi·
247 445 439 484 sacerdotes,
462 447 520 487 qui
544 446 622 476 haec
647 458 729 487 quae
750 447 915 488 loquimur
939 459 1035 489 agere
1057 450 1179 489 nolunt,
1202 451 1378 489 infideliter
1400 464 1465 483 esse
1489 453 1700 492 detracturos,

61 497 154 528 credo
176 501 283 526 tamen
303 495 479 537 plurimos,
502 498 560 537 qui
583 497 662 527 haec
686 503 790 539 ayunt
815 498 861 528 vel
884 510 980 540 agere
997 501 1159 540 nituntur,
1174 501 1319 540 fideliter
1337 515 1401 543 pro
1425 505 1516 535 nobis
1541 510 1699 536 oraturos.

61 548 127 580 Sed
148 549 232 578 sicut
253 546 506 578 lacerationibus
530 548 775 579 obtrectatorum
799 550 930 580 minime
955 562 1232 591 praeyravanzur,
1263 555 1308 584 sic
1339 555 1463 586 demum
1494 557 1699 597 probatorum

60 605 88 630 et
109 604 295 630 sanctorum
321 600 465 629 virorum.
483 601 689 631 orationibus
712 600 922 631 adiuvamur.
967 602 1036 642 Asse
1054 614 1153 642 nunc,
1175 606 1366 644 sanctificus
1383 607 1543 647 Spiritus,
1565 610 1622 650 qui
1643 620 1701 639 nos

60 653 96 683 in
119 651 176 682 boc
199 662 291 693 opere
314 650 438 681 divinis
461 652 738 691 inspirationibus
762 652 933 691 adiuvisti,
962 659 1094 684 cunctos
1114 655 1296 687 sacerdotes
1321 658 1456 698 adiuva,
1484 664 1512 689 et
1531 665 1667 700 praesta
1678 665 1701 698 ⁶,

60 707 95 733 ut
112 702 253 744 faciant
283 713 366 743 quae
396 703 430 732 in
463 702 521 733 hoc
553 703 707 745 opusculo
737 704 806 744 ipse
836 702 941 746 eloqui
970 706 1156 745 inspirasti,
1187 712 1222 737 ut
1251 719 1319 738 una
1351 710 1395 739 eis
1424 721 1543 741 mecum
1573 711 1701 742 tribuas

59 753 219 786 caelorum
242 765 357 795 reqna,
381 765 463 795 quae
485 756 610 785 sanctis
633 755 668 785 in
692 765 792 796 reyno
816 754 981 786 caelorum
1005 757 1085 787 dare
1106 760 1298 798 promisisti.
1344 760 1456 791 Anien.

100 846 326 878 LXXX1111.·³
370 847 529 886 Quanta
556 846 694 888 gloria
723 854 761 879 et
789 848 945 880 honore
974 849 1089 891 digni
1119 852 1201 882 sint
1230 854 1370 884 sancti
1399 855 1653 886 sacerdotes.
1716 868 1764 893 (ss)

164 909 249 948 Quia
283 908 391 950 igitur,
426 916 564 950 quantae
598 908 796 939 infelicitatis
832 910 863 940 in
894 917 1068 952 conspectu
1100 912 1162 943 Dei
1192 913 1267 943 mali
1298 914 1479 946 sacerdotes
1511 915 1700 957 habeantur,
1719 922 1758 946 Ex
1781 924 1909 947 rationes.

59 959 268 999 ostendimus,
293 961 548 991 demonstremus
571 960 678 998 etiam,
703 966 842 1002 quantae
859 961 980 1002 gloriae
996 963 1084 1004 apud
1101 963 1206 994 Deum
1232 970 1263 996 et
1287 965 1432 997 homines
1457 966 1531 997 boni
1555 968 1701 1010 episcopi

59 1011 146 1053 digni
170 1011 358 1046 habeantur,
404 1011 487 1042 Nam
510 1011 550 1042 de
573 1011 694 1043 eisdem
718 1018 847 1043 sanetus
872 1013 1061 1045 Ambrosius
1092 1015 1124 1045 in
1155 1016 1266 1047 eodem
1298 1015 1380 1048 libro
1410 1017 1448 1049 de
1477 1019 1700 1050 sacerdotibus

58 1064 135 1094 aiv:
157 1063 282 1102 Honor,
298 1063 438 1105 fratres,
454 1063 503 1094 ets
520 1064 704 1095 sublimitas
719 1065 918 1106 episcopalis
935 1066 1036 1097 nullis
1046 1069 1170 1108 poterit
1185 1070 1488 1109 comparationibus
1505 1071 1700 1113 adaequari.
1721 1079 1763 1104 Ssse'
1775 1081 1928 1105 Ambrosius
1943 1083 1969 1105 in

59 1115 98 1146 Si
127 1126 239 1157 reyum
259 1115 396 1157 fulgori
423 1127 593 1156 compares
622 1121 651 1147 et
675 1117 868 1158 principum
897 1117 1091 1158 diademati,
1121 1119 1216 1161 longe
1246 1121 1305 1151 erit
1334 1121 1492 1161 inferius,
1524 1123 1644 1164 quamh
1673 1124 1702 1154 si
1732 1116 1851 1177 Minoide
1872 1126 1957 1168 ³3⁰2*

55 1167 180 1208 plumbi
202 1166 365 1198 metallum
389 1167 435 1198 ad
459 1167 718 1209 aurifulyorem
742 1179 930 1209 compares,·
954 1171 1076 1211 quippe
1099 1182 1169 1201 cum
1192 1172 1306 1203 videus
1322 1184 1434 1214 reyum
1450 1174 1532 1205 colla
1557 1179 1584 1205 et
1603 1176 1699 1215 prin·
1808 1155 1902 1179 ombus.

57 1220 167 1260 cipum
189 1219 336 1249 submitti
361 1219 501 1261 yenibus
528 1219 743 1259 sacerdotum,
775 1225 802 1250 et
834 1221 1024 1252 eoeosculata
1053 1233 1162 1253 eorum
1193 1223 1329 1254 deaetrai
1363 1225 1569 1256 orationibus
1592 1238 1699 1257 eorum

57 1270 194 1301 credant
216 1281 248 1301 se
271 1271 478 1302 communiri.
516 1270 606 1306 Quid
621 1271 710 1301 ἰοννηῑί
726 1271 765 1302 de
779 1272 906 1313 plebeia
924 1273 1065 1304 diaeerim
1080 1273 1299 1314 multitudine,
1324 1277 1378 1306 cui
1400 1288 1463 1307 non
1489 1277 1590 1308 solum
1604 1289 1700 1319 prae-

47 1322 141 1362 ferri
163 1333 182 1352 a
208 1322 350 1353 Domino
372 1323 501 1361 meruit,
528 1323 594 1363 sed,
617 1327 651 1353 ut
674 1333 744 1353 eam
767 1335 889 1366 quoque
911 1325 983 1355 iure
1005 1330 1137 1356 tueatur
1154 1328 1278 1366 patrio,
1300 1330 1483 1370 praeceptis
1505 1329 1699 1370 imperatum

57 1377 102 1404 est
123 1374 348 1415 euanqelicis?
392 1373 449 1405 Sic
472 1379 554 1404 certe
578 1386 596 1404 a
621 1373 764 1405 Domino
793 1376 837 1406 ad
866 1376 993 1407 beatum
1023 1377 1147 1407 dicitur
1169 1377 1319 1409 Petrum:
1350 1379 1463 1419 ‘Petre,
1492 1392 1585 1411 amas
1615 1382 1699 1411 nzeP’
1720 1393 1859 1415 Ioh.21,17.

54 1425 97 1456 Et
118 1425 192 1457 ille:
222 1425 288 1456 ‘Tu
311 1426 385 1463 scis,
409 1425 559 1465 Domine,
590 1427 670 1467 quia
696 1437 768 1457 amo
791 1426 835 1458 te¹.
881 1427 923 1458 Et
953 1439 1023 1459 cum
1052 1430 1147 1460 tertio
1165 1429 1289 1470 fuisset
1314 1431 1536 1472 inter-royatus
1559 1437 1585 1463 et
1609 1434 1700 1464 trina

55 1478 267 1519 responsione
280 1477 404 1518 fuisset
427 1476 626 1516 subsecutus,
649 1479 821 1518 repetitum
844 1484 889 1510 est
912 1491 933 1510 a
949 1479 1094 1511 Domino
1110 1482 1223 1512 tertio:
1246 1481 1357 1513 ‘Pasce
1374 1493 1445 1513 oves
1461 1484 1567 1515 meas’.
1609 1483 1700 1519 Quas

55 1540 138 1570 ove8,
169 1534 197 1560 et
225 1540 316 1571 quem
346 1540 474 1570 yreyem
507 1539 572 1559 non
603 1528 702 1560 solum
732 1534 810 1561 tunc
839 1533 982 1572 suscepit
1012 1533 1176 1574 apostolus
1205 1533 1335 1573 Petrus,
1365 1534 1421 1565 sed
1450 1535 1614 1566 nobiscum
1645 1548 1699 1566 eas

56 1582 189 1622 accepit,
212 1585 240 1611 et
262 1592 333 1611 cum
355 1580 410 1612 illo
433 1591 492 1611 nos
516 1591 571 1611 eas
596 1582 780 1622 accepimus
797 1593 914 1614 omnes.
953 1583 1055 1623 Unde,
1079 1585 1157 1625 quia
1179 1586 1343 1626 regendae
1366 1587 1607 1618 sacerdotibus¹
1634 1593 1698 1618 tra-

55 1632 191 1673 duntur,
214 1633 326 1663 merito
348 1632 525 1663 rectoribus
542 1633 612 1663 suis
629 1633 727 1664 subdi
743 1634 910 1665 dicuntur.
954 1634 1042 1666 Nam
1059 1637 1129 1676 ipse
1146 1635 1310 1667 Dominus
1333 1639 1399 1669 ait:
1423 1638 1509 1669 ‘Non
1534 1644 1578 1670 est
1601 1640 1698 1670 disci·
1719 1651 1765 1669 Luc
1785 1652 1848 1673 &40-

52 1683 154 1726 pulus
183 1695 283 1726 super
312 1685 523 1726 mayistrum'.
570 1684 632 1715 His
662 1696 735 1716 vero
761 1687 966 1726 praemissis,
997 1691 1108 1728 aperte
1135 1693 1339 1719 monstratur
1369 1689 1416 1720 nil
1446 1692 1480 1721 in
1513 1691 1569 1721 boc
1593 1691 1697 1722 seculo

53 1735 259 1767 ezccellentius
274 1735 507 1776 sacerdotibus,
524 1736 571 1767 nil
586 1736 758 1768 sublimius
774 1738 936 1779 episcopis
952 1740 1117 1780 repperiri
1125 1745 1156 1769 ¹¹¹.
1190 1739 1282 1771 Unde
1298 1741 1480 1772 curandum
1499 1753 1697 1784 summopere

54 1792 106 1827 est,
122 1792 165 1826 ¹ut
186 1792 301 1818 sancta
324 1788 391 1818 vita
415 1792 527 1818 sancto
552 1788 664 1819 ordini
686 1794 858 1830 conyruat.

54 1870 240 1902 LXXXW
281 1871 385 1902 Vera
414 1871 715 1913 comprobatio,
749 1874 846 1915 quia
874 1875 1166 1915 symoniacus¹¹
1197 1880 1259 1906 est
1287 1877 1353 1917 qui
1385 1877 1532 1907 officia
1562 1877 1758 1916 eccle-(so

593 1925 771 1956 siastica
794 1936 812 1955 a
835 1924 962 1956 laicis
985 1926 1152 1967 accipit.

159 1982 273 2014 Gratia
295 1984 397 2014 sancti
417 1983 568 2026 Spiritus,
591 1995 672 2026 quae
696 1986 726 2015 in
751 1987 875 2017 cunctis
900 1985 1051 2017 fidelibus
1074 1994 1106 2018 et
1129 1988 1269 2019 maxime
1292 1989 1324 2018 in
1347 1988 1593 2020 aecclesiasticis
1619 1992 1695 2022 viris
1714 2002 1753 2025 Ex
1774 2004 1902 2027 ratiouvv.

53 2034 234 2076 requiescit,
257 2034 425 2066 illuminati
449 2036 627 2074 videamus,
659 2041 764 2067 utrum
793 2038 942 2079 accipere
965 2038 1202 2070 aecclesiastica
1225 2039 1331 2070 officia
1353 2039 1393 2070 ab
1418 2041 1620 2082 imperatore,
1645 2042 1695 2073 vel

53 2085 124 2116 aliis
148 2086 258 2117 mundi
282 2087 485 2129 principibus
508 2088 620 2118 vitium
646 2089 686 2119 sit
709 2094 843 2128 tantum,
866 2100 906 2120 an
930 2090 983 2121 ets
1007 2091 1191 2131 symoniaca
1215 2091 1335 2122 heresis
1358 2093 1524 2123 verissime
1549 2104 1694 2135 compro-

53 2137 167 2169 betur?
209 2138 302 2170 Dicit
322 2139 430 2182 itaque
455 2140 566 2171 beatus
584 2139 762 2181 Gregorius
775 2146 800 2170 ²:
824 2140 911 2172 Sunt
933 2143 1097 2181 nonnulli,
1121 2144 1178 2184 qui
1200 2144 1326 2185 quidem
1352 2151 1574 2175 nummorum⁰
1596 2157 1693 2187 prae·
1724 2151 1866 2182 Gregorius
1885 2160 1955 2184 papa

52 2190 119 2220 mia
142 2201 181 2220 επ
205 2191 415 2222 ordinatione
438 2203 504 2222 non
529 2193 710 2233 accipiunt,
738 2197 767 2222 et
795 2197 902 2223 tamen
934 2205 1046 2224 sacros
1074 2195 1204 2225 ordines
1228 2206 1293 2235 pro
1323 2195 1465 2226 humana
1490 2198 1602 2238 =qratia
1625 2198 1692 2228 lar·
1714 2188 1741 2211 in
1754 2189 1871 2249 ‘'mffeiffip
1884 2198 1963 2213 euaw

51 2242 201 2283 yiu'ntur,
225 2247 321 2284 atque
345 2242 382 2273 de
405 2243 563 2284 Zaryitate
586 2244 692 2274 eadem
717 2243 829 2274 laudis
852 2245 1050 2276 solummodo
1073 2246 1313 2277 retributionem
1330 2253 1479 2288 querunt.
1527 2249 1572 2279 Hi
1595 2251 1691 2280 ninii·
1798 2244 1812 2256 ξ’
1865 2244 1870 2250 ’

52 2303 123 2324 rum
148 2294 233 2334 quod
254 2295 362 2336 qratis
387 2300 550 2336 acceptum
576 2300 619 2326 est
642 2297 746 2336 gratis
771 2308 835 2327 non
860 2297 1017 2335 tribuunt,
1048 2298 1126 2338 quia
1155 2297 1194 2328 de
1215 2298 1352 2339 inpenso
1377 2299 1485 2339 officio
1508 2303 1694 2333 sanctitatis

53 2350 241 2376 nummumq
265 2350 420 2387 eoepetunt
433 2346 579 2386 fauoris.
630 2347 721 2378 Unde
743 2348 819 2379 bene
843 2360 914 2378 cum
939 2350 1058 2378 iustum
1083 2350 1188 2379 virum
1213 2349 1412 2387 describeret,
1437 2352 1601 2393 propheta
1626 2354 1692 2383 ait:
1712 2362 1742 2380 1⁵.
1754 2363 1823 2385 :3³,15

161 2440 191 2472 a)
213 2441 321 2466 exhorn.
342 2442 402 2466 Bl.
469 2443 497 2467 bl
518 2443 595 2467 simul
616 2443 708 2468 excell.
730 2442 790 2468 ΒΞ.
859 2446 883 2475 c)
903 2449 951 2476 pra
972 2444 996 2468 B
1010 2446 1032 2468 l.
1100 2445 1126 2475 d)
1149 2445 1242 2469 titulus
1262 2445 1332 2469 deest
1353 2446 1377 2470 Β
1392 2448 1412 2471 1.
1481 2448 1505 2478 e)
1527 2448 1605 2472 Ratio
1626 2448 1691 2478 Β1;

52 2485 122 2511 deest
143 2487 204 2511 132.
289 2488 309 2518 f)
332 2488 402 2512 deest
423 2488 482 2512 ΒΞ.
569 2490 595 2520 g)
619 2489 645 2514 S.
667 2503 701 2506 —
722 2497 776 2514 sac.
797 2490 850 2514 des.
873 2490 896 2514 B
909 2491 932 2514 *2*
1016 2490 1045 2519 h)
1066 2494 1198 2523 tamquam
1221 2491 1377 2517 Ps.-Ambr.
1459 2494 1479 2522 i)
1500 2494 1609 2518 dextera
1630 2495 1689 2520 ΒΞ,

52 2531 81 2562 k)
103 2533 181 2557 etiam
202 2530 278 2557 132¹&
354 2535 374 2565 1)
396 2535 545 2567 pastoribus
565 2535 757 2559 contraduntur
777 2536 801 2560 Β
816 2539 836 2560 1.
914 2538 949 2565 m)
970 2544 1052 2568 reper.
1075 2536 1134 2560 ΒΞ.
1211 2537 1240 2565 η)
1262 2539 1318 2562 sim.
1340 2538 1365 2562 B
1378 2536 1416 2563 2¹³.
1492 2547 1517 2564 ον
1540 2540 1577 2564 ita
1598 2541 1691 2573 (Ji-ey„-

51 2581 143 2610 unet-fx,
163 2587 245 2603 manu
256 2580 402 2611 posteriore
416 2589 481 2605 corr.
497 2585 587 2605 infieri]
602 2581 625 2605 B
639 2583 648 2604 1
661 2590 666 2611 ς
687 2590 823 2606 munerum
846 2582 869 2606 Β
881 2584 904 2606 2.
963 2585 989 2614 p)
1013 2590 1090 2607 omne
1106 2583 1272 2614 euangelium
1287 2583 1313 2608 B
1324 2584 1368 2615 2³;
1389 2585 1442 2609 (les.
1458 2586 1483 2610 Β
1494 2583 1532 2610 ⁶2¹³.
1591 2588 1617 2619 q)
1636 2587 1688 2612 sav.

52 2631 108 2656 exp,
130 2624 155 2648 B
168 2626 191 2649 1,

161 2712 188 2748 1)
212 2714 285 2740 Ibid.
310 2724 332 2740 c.
358 2715 386 2742 2.
412 2716 437 2747 3,
468 2716 517 2742 col.
544 2716 620 2748 359‚·
648 2716 685 2749 cf.
710 2717 841 2749 Grcqorii
864 2716 924 2743 VII.
950 2717 1028 2750 epist.
1053 2718 1091 2742 ad
1114 2718 1314 2744 Jlerimannum
1339 2720 1422 2754 episc.
1448 2721 1528 2748 Mon.
1552 2731 1578 2747 a.
1600 2723 1686 2755 1081,

51 2763 140 2792 Mart.
157 2765 203 2798 15,
225 2766 314 2799 Jaffe',
336 2766 411 2793 Bibl.
430 2767 469 2799 ΙΙ,
485 2776 513 2800 p.
529 2767 607 2801 458,·
630 2768 714 2793 Liber
731 2777 864 2793 canonum
889 2771 984 2793 contra
1003 2769 1164 2795 Heinricunz
1183 2769 1234 2803 IV,
1252 2780 1274 2796 ε’.
1289 2771 1337 2803 22,
1360 2771 1462 2798 Libelli
1475 2773 1497 2804 I,
1517 2783 1545 2806 p.
1561 2774 1630 2801 49⁶2.
1655 2775 1686 2800 S.

53 2815 81 2848 ⁶2)
103 2816 185 2844 Hom.
210 2817 238 2842 in
261 2826 360 2851 evang.
384 2818 407 2850 I,
426 2818 452 2849 4,
477 2827 499 2845 c.
518 2818 544 2851 4,
573 2818 642 2852 Opp.
662 2819 684 2853 Ι,
709 2819 760 2845 col.
781 2819 868 2844 1449.

122 2871 219 2895 Libelli
239 2872 271 2896 de
291 2872 344 2896 lite.
376 2873 412 2896 II.
1424 2880 1455 2902 77
