2132 3067
267 262 314 286 (²⁷)

269 1241 316 1266 (2⁸)

225 1759 273 1778 lud.
285 1761 317 1779 Η.

212 2161 320 2181 hwa—ss.

234 2191 240 2200 ι
264 2193 274 2201 -,

340 158 398 189 124
737 160 889 186 LIBELLI
914 161 1111 187 BERNALDI
1134 160 1370 187 PRESBYTERI
1394 161 1579 190 MONACHI.

441 250 551 280 Preter
574 249 651 280 haec
675 254 783 280 autem
808 248 833 279 L
859 249 998 291 capitula
1021 250 1238 288 inveniuntur,
1261 260 1343 291 quae
1364 260 1504 281 canones
1521 249 1739 292 apostolorum
1757 251 1985 287 inscribuntur,

337 300 453 342 quibus
478 308 582 331 tamen
607 300 738 331 difficile
763 302 906 341 credunt,
936 302 989 343 qui
1021 301 1051 332 in
1084 301 1235 342 predictis
1262 301 1481 342 apostolorum
1507 301 1640 342 synodis
1663 302 1742 333 nihil
1766 303 1806 334 de
1829 303 1878 334 his
1902 314 1985 334 com-

338 358 548 383 memoratum
579 353 755 383 inveniunt.
809 352 873 383 Sed
905 351 1045 394 plurima
1075 358 1158 390 sunt,
1191 363 1272 394 quae
1297 363 1336 383 ex
1360 352 1538 394 apostolica
1567 353 1768 386 institutione
1791 355 1985 396 accepimus,

336 414 418 446 quae
443 409 548 434 tamen
572 404 603 433 in
628 403 689 434 illis
714 414 917 446 nequaquam
941 405 1135 434 invenimus.
1180 403 1247 434 Nee
1272 404 1383 446 utique
1408 415 1539 435 necesse
1563 404 1633 445 fuit,
1662 411 1695 436 ut
1718 405 1854 447 apostoli
1879 407 1986 437 omnia

337 455 549 486 communiter
573 455 786 495 instituerent,
811 466 882 486 cum
908 461 939 486 et
962 454 1136 496 singilatim
1162 455 1237 486 talia
1262 456 1428 486 instituere
1452 462 1599 497 possent3
1624 457 1706 488 sicut
1730 458 1825 488 etiam
1851 458 2014 489 Romanis

338 507 503 548 pontifices
535 517 575 538 ex
605 518 714 537 eorum
746 508 934 538 auctoritate
964 506 1068 538 adhuc
1099 507 1204 537 facere
1235 505 1346 539 solent.
1393 506 1481 547 Ergo
1512 509 1692 549 postposita
1715 509 1916 550 quorundam
1942 510 1986 539 in-

337 558 539 589 considerata
562 559 723 600 opinione,
748 569 805 589 nos
831 558 932 598 magis
956 558 1204 600 apostolicorum
1231 559 1384 599 virorum,
1411 558 1626 590 Romanorum
1652 560 1764 601 utique
1789 560 1986 601 pontificum,

336 609 540 640 adtestationi
566 610 748 645 credamus:
773 611 827 652 qui
851 608 978 651 singula
1002 621 1082 651 pene
1104 609 1245 651 capitula
1262 610 1438 640 eorundem
1455 621 1613 641 canonum
1631 611 1794 652 apostolos
1811 612 1986 643 instituisse

337 662 472 702 sparsim
506 662 537 691 in
568 661 704 692 decretis
734 662 799 691 suis
830 661 1051 692 testificantur.
1105 661 1228 703 Nempe
1251 661 1470 702 Zepherinus¹
1498 672 1583 704 papa
1613 674 1631 693 a
1662 663 1754 694 beato
1778 663 1873 694 Petro
1897 663 1986 694 XVI.

335 712 497 754 apostolos
523 712 615 743 LXX
640 724 780 743 canones
805 713 988 743 condidisse
1012 718 1163 752 testatum
1189 723 1323 755 quorum
1343 712 1368 742 L
1385 718 1508 744 tantum
1534 713 1646 745 beatus
1663 714 1842 745 Ysidorus²
1866 715 1897 745 in
1917 725 1987 756 pro·
2008 727 2034 746 10

336 764 409 805 logo
427 776 483 795 suo
501 764 539 795 de
556 764 733 795 canonibus
750 776 783 795 se
800 764 915 794 asserit
931 765 1100 805 invenisse,
1118 765 1235 807 quibus
1254 776 1310 795 nos
1329 765 1457 795 utimur.
1490 765 1649 795 Sanctus³
1665 773 1771 797 autem
1790 766 1987 797 Anacletus⁴

337 828 421 858 papa
452 823 483 846 ct
514 821 644 857 martyr,
673 827 692 846 a
723 816 816 846 beato
842 816 936 847 Petro
961 817 1091 858 quintus
1122 823 1152 847 et
1183 817 1222 847 ab
1253 817 1324 858 ipso
1356 815 1527 857 presbyter
1550 816 1726 856 ordinatus,
1756 829 1876 848 nonum
1901 818 1986 860 capi-

336 868 435 899 tulum
472 867 648 898 eorundem
680 879 838 898 canonum
870 867 1033 909 apostolos
1065 869 1214 899 statuisse
1246 867 1400 903 declarat,
1434 867 1601 907 videlicet,
1636 875 1670 899 ut
1705 870 1842 900 ministri
1877 868 1986 900 altaris

337 920 421 950 faeta
444 919 604 951 oblatione
629 920 875 950 communicent.
933 920 1072 950 Sanctus
1104 931 1233 962 quoque
1259 918 1420 950 Calistus⁵
1447 930 1530 961 papa
1554 926 1583 949 et
1609 926 1731 963 martyr
1754 920 1793 951 de
1817 920 1986 952 undecimo

336 973 411 1002 item
436 971 562 1011 fatetur,
586 971 715 1012 quippe,
741 977 775 1002 ut
794 972 1047 1002 communicator
1068 972 1341 1002 excommunicati
1359 970 1453 1001 simili
1472 971 1638 1002 subiaceat
1654 972 1987 1003 excommunicationi.
2008 984 2033 1002 ιε

338 1024 392 1053 Sic
423 1029 454 1053 et
482 1022 535 1053 alii
566 1023 666 1053 sancti
696 1029 803 1064 patres
834 1022 873 1052 de
904 1022 974 1053 aliis
1003 1022 1178 1054 eorundem
1211 1033 1370 1053 canonum
1403 1022 1551 1064 capitulis
1581 1024 1742 1055 testificati
1775 1025 1988 1066 reperiuntur,

338 1075 391 1117 qui
424 1075 526 1115 magis
557 1086 614 1116 pro
643 1075 777 1105 veritate
808 1075 899 1112 mori⁷
932 1085 1026 1116 quam
1058 1075 1108 1105 vel
1141 1086 1198 1116 pro
1230 1075 1295 1105 vita
1328 1075 1453 1105 mentiri
1485 1074 1683 1115 delegerunt.
1735 1075 1858 1106 Horum
1888 1076 1988 1117 igitur

337 1126 528 1157 testimoniis
553 1132 583 1156 et
607 1137 664 1156 nos
689 1127 869 1157 necessario
893 1127 1064 1167 credimus,
1089 1137 1127 1157 ne
1152 1126 1213 1167 ipsi
1239 1132 1350 1157 sancto
1369 1126 1504 1167 Spiritui
1529 1127 1634 1157 minus
1651 1127 1782 1158 credere
1799 1127 1987 1167 iudicemur,

338 1179 428 1208 cuius
453 1178 604 1208 instinctu
628 1178 715 1218 ipsos
740 1177 814 1208 talia
838 1179 1022 1209 testificatos
1047 1179 1113 1209 fore
1137 1189 1199 1208 non
1224 1177 1420 1208 dubitamus.

445 1229 642 1259 Sciendum⁶
665 1236 782 1267 autem,
807 1230 892 1271 quod
918 1229 1031 1261 beatus
1049 1229 1219 1260 Gelasiusv
1245 1240 1331 1270 papa
1354 1228 1481 1268 librum,
1506 1230 1559 1270 qui
1579 1229 1618 1260 de
1636 1230 1812 1261 canonibus
1827 1230 1988 1272 apostolo·
2007 1242 2034 1261 20

338 1292 405 1311 rum
431 1281 515 1322 apud
542 1281 664 1311 Grecos
689 1281 883 1319 inscribitur,
915 1293 971 1323 pro
1000 1282 1145 1324 apocrifo
1169 1281 1354 1322 deputavit3
1389 1281 1440 1310 cui
1467 1286 1498 1311 et
1522 1291 1580 1311 nos
1605 1281 1826 1312 contradicere
1850 1292 1912 1312 non
1937 1281 1988 1312 de-

339 1333 460 1365 bemus,
485 1332 560 1373 quia
584 1332 644 1363 hoc
667 1343 739 1363 eum
764 1333 832 1363 sine
857 1344 955 1364 causa
978 1334 1092 1365 fecisse
1116 1344 1179 1363 non
1204 1332 1376 1362 credimus.
1424 1332 1574 1363 Fortasse
1598 1331 1678 1364 liber
1702 1332 1754 1363 ille
1772 1332 1811 1363 de
1828 1333 1988 1375 capituliS,

338 1395 419 1426 quae
444 1388 474 1414 et
499 1389 604 1424 patres
628 1390 828 1425 receperunt,
861 1385 938 1416 nihil
968 1386 1053 1424 dicit,
1084 1391 1140 1415 aut
1165 1384 1190 1413 si
1216 1383 1302 1421 dicit,
1327 1383 1472 1414 nonnihil
1496 1384 1688 1415 mendosum
1711 1386 1870 1416 annectit:
1901 1385 1987 1427 quod

338 1443 443 1467 tamen
477 1434 621 1466 sollercia
652 1435 799 1466 catholici
832 1437 1015 1478 interpretis
1048 1436 1222 1478 prudenter
1253 1435 1345 1465 nobis
1370 1436 1400 1466 in
1427 1435 1541 1466 Latino
1565 1435 1735 1477 subtraxit,
1765 1437 1849 1468 sieut
1876 1436 1988 1468 beatus

338 1487 526 1527 leronimus,
557 1498 629 1517 cum
658 1488 844 1519 transferret
868 1488 1053 1529 Origenem,
1085 1499 1160 1529 sepe
1192 1487 1306 1517 fecisse
1338 1492 1542 1518 monstratur.
1589 1487 1652 1519 Sed
1682 1488 1835 1530 quiequid
1867 1488 1906 1520 (le
1935 1488 1988 1519 illo
2007 1500 2034 1519 25

337 1538 419 1570 libro
451 1539 640 1577 coniciatur,
669 1550 726 1569 nos
759 1545 864 1570 tamen
898 1539 949 1570 illa
974 1540 1000 1570 L
1024 1539 1174 1581 capitula,
1206 1550 1288 1580 quae
1319 1549 1376 1580 per
1406 1545 1552 1569 sanetum
1585 1538 1782 1570 Clementem
1808 1540 1988 1571 Romanum

339 1591 521 1632 pontificem
554 1602 593 1621 ex
626 1590 732 1621 Greco
764 1590 917 1622 translata
949 1591 1093 1632 legimus,
1125 1591 1247 1632 absque
1278 1591 1429 1632 scrupulo
1461 1591 1603 1632 recipere
1634 1602 1815 1632 possumus,
1846 1603 1927 1634 quae
1957 1598 1989 1624 et

338 1648 448 1673 sancta
478 1643 622 1672 Romana
653 1642 788 1674 aeclesia
817 1643 959 1674 custodit
988 1643 1147 1684 nobisque
1180 1642 1391 1673 custodienda
1420 1653 1478 1684 per
1507 1641 1635 1673 beatum
1661 1643 1840 1674 Adrianum
1870 1655 1987 1686 papam

339 1694 512 1725 mandavit.
566 1695 620 1724 Sic
652 1695 759 1736 itaque
789 1694 889 1725 multa
921 1706 961 1726 ex
991 1695 1142 1736 apocrifis
1173 1694 1366 1736 deprompta
1397 1694 1499 1725 sancti
1531 1700 1638 1735 patres
1666 1702 1870 1737 receperunt3
1905 1697 1989 1727 sicut

340 1746 435 1777 Iudas
466 1746 630 1787 apostolus
662 1747 693 1776 in
721 1745 856 1788 epistola
886 1758 944 1777 sua
973 1747 1189 1777 testimonium
1222 1745 1261 1776 dc
1292 1745 1461 1787 prophetia
1485 1745 1596 1776 Enoch
1626 1752 1825 1788 assumptum
1858 1748 1988 1789 recepit,
2007 1758 2034 1778 so

339 1809 433 1839 quam
460 1803 566 1828 tamen
591 1798 792 1839 prophetiam
818 1804 929 1829 sancta
952 1798 1107 1829 aecclesia
1132 1799 1223 1840 quasi
1246 1797 1445 1838 apocrifam⁸
1470 1797 1663 1839 repudiavit.
1708 1798 1863 1840 Apocrifa
1881 1805 1987 1830 autem

339 1849 402 1880 diei
434 1849 642 1880 ecclesiastici
672 1849 819 1880 doctores
854 1850 1000 1889 tradunt3
1036 1862 1098 1881 non
1130 1850 1206 1892 qnia
1237 1850 1345 1880 omnia
1375 1850 1586 1887 mentiantur,
1618 1849 1674 1880 sed
1706 1851 1781 1892 quia
1811 1849 1928 1881 dubiae
1958 1855 1990 1882 et

338 1907 505 1942 suspectae
529 1902 729 1932 auctoritatis
754 1913 824 1932 esse
848 1902 1027 1933 videantur.
1079 1901 1160 1932 Nam
1186 1902 1351 1942 sepissime
1375 1900 1475 1932 multa
1499 1901 1653 1932 canonica
1677 1901 1742 1931 suis
1765 1902 1867 1932 neniis
1891 1903 1986 1933 inter-

338 1960 456 1990 serunt,
487 1964 569 1995 quae
597 1964 801 1995 nequaquam
827 1953 973 1985 catholici
1005 1965 1076 1984 cum
1106 1953 1225 1984 eisdem
1258 1953 1359 1983 neniis
1389 1953 1528 1984 refutare
1554 1952 1728 1984 debebunt.
1774 1953 1867 1985 Unde
1891 1964 1988 1996 supra

338 2005 444 2036 dietus
469 2016 553 2047 papa
570 2005 756 2035 Gelasius⁰t
780 2005 954 2047 Numquid,
979 2007 1092 2048 inquit,
1117 2007 1151 2036 in
1179 2006 1324 2045 ipsorum
1346 2005 1558 2035 hereticorum
1578 2005 1671 2035 libris
1688 2015 1751 2035 non
1770 2005 1881 2046 multa,
1905 2017 1988 2048 quae
2008 2015 2035 2035 ³5

339 2058 383 2088 arl
408 2059 571 2088 veritatem
593 2059 789 2099 pertineant,
818 2059 929 2098 posita
961 2057 1172 2099 releqztntur?
1218 2056 1461 2096 Nunquislnam
1490 2056 1561 2087 ideo
1584 2057 1706 2087 veritas
1730 2056 1910 2097 refutanda
1933 2063 1988 2097 est,

340 2111 414 2150 quin
442 2109 568 2140 illorum
592 2109 678 2144 libri,
706 2108 759 2138 ubi
779 2111 933 2149 pravitas
960 2111 1102 2149 interest,
1125 2108 1338 2148 refutantur?
1377 2108 1442 2138 Ant
1466 2109 1538 2139 ideo
1560 2109 1661 2148 pravi
1683 2107 1761 2139 libri
1783 2109 1989 2150 suscipiendi

340 2167 415 2191 sunt
439 2172 557 2197 eornm,
583 2162 661 2201 quia
686 2161 817 2200 veritas,
842 2172 926 2202 quae
952 2161 1019 2191 illic
1045 2162 1167 2191 inserta
1191 2164 1246 2198 est,
1270 2171 1333 2190 non
1361 2159 1521 2200 negyatur?
1560 2160 1616 2191 Ait
1641 2159 1828 2200 apostolus:
1851 2159 1988 2191 ‘Omnia

338 2213 489 2253 pr‹›l›(1te;
514 2224 597 2252 qnae
621 2212 704 2242 bona
729 2217 814 2249 sunt,
840 2213 957 2243 temte’.
1006 2212 1090 2253 Ergo
1115 2212 1205 2241 iuxta
1228 2210 1364 2241 eundem
1389 2210 1602 2252 apostolicum
1628 2215 1799 2253 utrumque
1823 2210 1988 2251 debemus,

339 2269 369 2294 et
393 2263 507 2293 librum
534 2263 573 2293 de
597 2262 774 2294 canonibus
798 2263 1018 2305 apostolorum
1045 2275 1101 2305 pro
1125 2262 1269 2304 apocrifo
1294 2262 1474 2303 repudiare,
1505 2267 1537 2293 et
1560 2261 1710 2304 capitula,
1741 2263 1767 2293 si
1792 2273 1855 2304 qua
1878 2263 1910 2293 in
1934 2262 1988 2294 illo
2007 2273 2034 2292 (ο

338 2315 378 2346 ad
403 2317 568 2345 veritatem
595 2316 787 2356 pertinentia
805 2316 1020 2353 inveniuntur,
1045 2326 1106 2345 non
1124 2314 1307 2355 reprobare.
1354 2313 1420 2351 Illa,
1446 2315 1586 2356 inquam,
1611 2314 1753 2353 minime,
1778 2324 1860 2355 quae
1885 2314 1988 2345 saneti

340 2374 446 2408 patros
480 2378 535 2407 pro
566 2367 737 2397 autenticis
766 2374 969 2409 ree‹·perunt:
999 2368 1108 2405 immo,
1138 2376 1274 2407 quorum
1299 2366 1489 2396 auctoritate
1514 2376 1587 2395 suas
1610 2365 1792 2396 sanctiones
1820 2365 1989 2407 sepissime

340 2418 557 2448 firmaverunt.
603 2418 704 2449 Multa
735 2418 862 2460 quidem
894 2426 924 2450 ct
952 2419 1014 2450 alia
1043 2417 1205 2459 apostolos
1237 2417 1412 2447 instituisse
1441 2428 1504 2447 non
1535 2416 1737 2455 dubitamns3
1771 2427 1853 2458 quae
1881 2421 1988 2449 tamen

341 2469 428 2500 nullo
464 2481 573 2499 eurum
609 2469 738 2510 speciali
773 2471 892 2512 scripto
928 2470 1133 2512 promulgata
1167 2469 1378 2510 reperimusa.
1443 2467 1537 2499 Unde
1574 2469 1683 2499 beatus
1720 2469 1921 2509 Augustinus
1955 2469 1987 2500 in

452 2554 478 2579 n)
500 2559 552 2575 non
574 2559 637 2583 rep..
658 2552 702 2574 >ml
724 2560 776 2575 non
797 2552 846 2576 drl.
870 2554 892 2576 Τ.
2006 2558 2034 2577 45

451 2617 477 2643 Γ)
507 2617 536 2643 V.
561 2626 646 2650 supra
670 2626 698 2650 p.
721 2619 786 2644 115⁸.
875 2619 904 2643 2»
930 2618 999 2644 lbia'.
1101 2618 1130 2646 3)
1154 2616 1276 2642 Sanctus
1303 2630 1338 2634 —-
1364 2615 1576 2641 communicent
1600 2625 1633 2641 ea:
1657 2615 1814 2642 Hincmaro
1835 2615 1986 2650 (Turn'an.

341 2669 359 2694 I.
379 2669 401 2700 l,
425 2677 448 2695 c.
468 2669 504 2693 ‘22¹
524 2688 529 2694 .
625 2668 654 2698 4)
680 2669 723 2700 Cf.
749 2678 789 2702 ορ,
814 2678 890 2702 spur.
917 2670 938 2701 l,
964 2679 986 2695 v.
1008 2670 1054 2702 ll,
1080 2668 1230 2695 Hinschins
1251 2676 1280 2701 p.
1301 2666 1347 2691 ΤΟ.
1444 2667 1473 2700 5)
1499 2666 1542 2698 Cf.
1568 2675 1610 2700 ep.
1634 2676 1710 2700 spur.
1735 2667 1775 2699 Il,
1800 2676 1823 2693 c.
1845 2667 1891 2700 10,
1915 2667 1987 2693 Hin-

340 2721 431 2746 scln'us
453 2729 481 2754 p.
502 2720 566 2747 138.
635 2721 663 2753 (3)
687 2720 842 2745 Sciendum
863 2736 897 2739 -
916 2720 1076 2746 ret-tissime
1101 2719 1228 2745 creditur
1252 2727 1284 2743 ar
1303 2718 1456 2743 llincmaro
1473 2718 1624 2748 (Turi-ian.
1640 2719 1658 2744 l.
1673 2719 1696 2750 J,
1715 2728 1737 2744 c.
1754 2718 1801 2751 15,
1817 2727 1846 2753 p.
1861 2718 1909 2745 57.
1924 2717 1987 2752 58).

343 2772 371 2804 7)
397 2772 450 2805 la‘p.
475 2771 512 2796 42
542 2772 589 2805 (de
618 2772 785 2805 recipienda*
815 2775 838 2797 ct
867 2781 919 2796 non
950 2773 1034 2805 recip.
1060 2772 1162 2803 libris),
1186 2771 1227 2796 eci.
1257 2769 1332 2795 Tln‘el
1356 2769 1379 2801 I,
1399 2778 1429 2802 μ.
1448 2769 1518 2796 466.
1628 2770 1657 2803 8)
1687 2769 1716 2796 Γ.
1742 2770 1859 2796 Hieron.
1882 2769 1930 2796 lib.
1954 2770 1988 2796 de

342 2823 410 2849 viris
434 2823 533 2848 illustr.
558 2833 582 2851 c.
600 2823 626 2855 4,
654 2824 723 2856 Opp.
741 2823 783 2849 ed.
808 2823 964 2849 Vultur-sins
987 2827 1005 2848 Ι.
1024 2824 1065 2855 ll,
1089 2823 1139 2848 col.
1159 2823 1228 2847 ⁸12⁸.
1316 2821 1345 2852 9)
1372 2821 1464 2847 Trace.
1483 2821 1534 2854 IV,
1560 2830 1582 2847 c.
1601 2821 1628 2853 2,
1653 2822 1696 2847 ed.
1723 2821 1802 2847 Thiel
1825 2821 1849 2854 1,
1869 2829 1898 2854 p.
1917 2821 1986 2848 559.
2006 2827 2034 2847 ⁵0
