2132 3067
81 718 109 738 10

80 974 108 994 1⁵

79 1232 107 1251 20

80 1489 108 1508 25

82 1746 110 1766 30

84 2004 112 2024 35

84 2261 114 2281 «0

85 2553 114 2573 45

586 154 608 180 I.
646 155 697 180 DE
720 153 1030 182 INCONTINENTIA.
1046 156 1311 185 SACERDOTUM.
1747 159 1765 187 9

127 243 178 274 vel
209 242 405 285 apostolicae
435 242 600 273 doctrinae
631 243 825 273 contrarium
861 244 1009 285 suspicer
1043 245 1257 276 constituisse.
1313 246 1413 277 Immo
1444 251 1548 278 omnia
1578 259 1686 279 eorum
1719 249 1767 280 vel

127 294 345 337 apostolorum
370 294 536 325 sententiis
559 294 772 335 repugnantia
794 304 858 324 non
882 294 993 325 dubito
1017 295 1197 327 damnasse.
1244 291 1324 335 Quis
1354 299 1437 329 enim
1469 299 1537 328 sani
1567 300 1679 340 capitis
1703 300 1765 330 duo

127 345 222 377 simul
245 346 410 377 observari
434 346 654 384 constitueret,
678 355 813 386 quorum
839 356 937 376 unum
962 346 1165 378 observatum
1191 348 1278 378 aliud
1303 349 1464 379 observari
1489 349 1694 390 prohiberet?
1733 352 1766 381 Si

125 398 211 429 enim
234 397 327 429 iuxta
349 402 438 428 tuum
456 402 553 438 caput
569 396 754 427 sacerdotes
778 397 912 437 singulis
937 398 1083 438 noctibus
1109 409 1180 429 cum
1204 400 1269 430 suis
1293 401 1446 431 uxoribus
1471 400 1577 432 licitea
1594 402 1765 435 dormiunt.

127 448 300 491 quomodo,
323 459 363 479 ne
386 449 419 478 in
442 459 506 479 una
529 449 625 478 domo
649 447 802 486 habitent,
832 447 1098 486 observabuntb?
1125 449 1282 489 videlicet,
1312 451 1337 480 si
1363 452 1393 481 in
1417 453 1478 481 uno
1501 451 1581 483 lecto
1607 452 1765 493 iacebunt,

127 499 288 543 quomodo
312 510 371 531 nec
394 500 427 530 in
448 510 512 530 una
535 498 630 530 domo
655 498 852 530 manebunt?

233 551 297 582 Sed
327 561 386 582 nec
416 550 477 582 hoc
506 550 664 590 transibo,
696 550 782 598 quod
814 557 887 582 tuae
912 552 993 593 parti
1019 552 1160 583 maxime
1189 558 1282 593 putas
1306 553 1490 594 suffragari,
1521 554 1639 595 quippe
1669 555 1766 596 quiae

125 602 245 644 legitur
267 602 322 633 in‘¹
345 601 484 644 quadam
509 601 645 643 epistola
667 602 769 632 sancti
786 601 967 643 Gregorii1,
993 603 1077 645 quod
1102 604 1171 645 ipse
1195 604 1364 635 diaconese
1390 605 1518 635 Siciliae
1541 605 1581 636 ad
1605 607 1766 636 continen-

126 654 204 685 tiam
232 664 296 684 non
327 654 496 694 coegisset,
526 652 607 692 illos,
638 653 780 695 inquam,
811 659 950 692 tantum,
977 665 1056 696 quos
1088 655 1150 685 iam
1182 660 1255 686 ante
1285 656 1455 687 triennium
1485 667 1566 686 nova
1597 656 1766 697 prohibitio

126 706 376 737 incontinentiae
400 705 591 745 coniugatos
615 705 745 735 invenit.
791 703 943 747 Nunquid
969 711 1074 737 tamen
1104 713 1232 737 sanctus
1258 707 1435 748 Gregorius
1459 707 1576 738 alicubi
1600 708 1631 737 in
1656 708 1766 738 eadem

126 756 263 800 epistola
286 757 441 798 predictis
464 755 624 787 concessit
646 755 846 796 diaconibus,
878 762 913 787 ut
943 757 1083 788 officium
1116 769 1208 788 suum
1233 765 1430 797 exercerent,
1460 760 1485 788 si
1509 769 1541 789 se
1565 759 1655 789 iuxta
1679 765 1766 789 tuum

127 799 228 851 caput
250 808 414 839 continere
436 806 580 838 nollent?
623 807 717 838 Non²
742 808 863 849 utique.
908 807 1004 839 Novit
1027 809 1122 847 enim,
1147 809 1231 851 quod
1255 821 1313 840 nec
1337 809 1426 840 laicis
1450 809 1589 851 quidem,
1612 810 1672 839 nisi
1698 815 1768 850 post

125 859 308 892 triduanam
325 859 564 898 continentiam,
588 858 697 889 divina
719 858 939 902 concedantur
955 866 1163 899 sacramenta,
1188 871 1259 891 cum
1277 867 1308 892 et
1324 862 1392 902 ipse
1409 860 1525 899 David,
1548 871 1641 902 quem
1660 861 1767 891 Domi-

126 922 187 943 nus
210 910 387 943 secundum
412 921 467 941 cor
488 921 581 941 suum
606 909 713 952 elegit,
741 921 841 951 panes
865 911 1094 952 propositionis
1117 923 1180 943 non
1205 913 1391 954 accepisset,
1416 907 1601 953 priusquam
1627 923 1644 942 a
1668 923 1767 942 sacer-

127 963 202 995 dote
223 967 453 1005 percunctatus
482 973 517 993 se
548 961 654 993 triduo
679 962 875 993 continuisse
900 962 1131 1004 respondisset.
1182 964 1351 1002 Quomodo
1376 964 1473 1003 igitur
1496 963 1769 994 incontinentibus

127 1013 317 1046 diaconibus
339 1014 552 1045 ministerium
569 1024 661 1044 suum
680 1024 829 1044 exercere
846 1015 1095 1056 permitteretur,
1119 1015 1173 1056 qui
1190 1015 1281 1046 iuxta
1298 1015 1425 1045 decreta
1442 1020 1624 1045 sanctorum
1642 1020 1767 1056 patrum

127 1077 198 1097 cum
220 1066 301 1107 ipsis
325 1065 548 1096 sacerdotibus
571 1064 612 1095 ad
635 1064 746 1096 divina
769 1072 971 1096 sacramenta
994 1065 1202 1104 conficienda,
1231 1065 1437 1107 percipienda
1464 1064 1514 1096 vel
1538 1065 1655 1096 saltem
1688 1075 1768 1096 trac-

126 1116 225 1148 tanda
247 1128 310 1148 non
333 1117 525 1155 intermisse,
548 1116 746 1148 sed-cotidie
770 1116 888 1148 debent
911 1118 1015 1159 parati
1039 1118 1132 1148 esse?
1170 1118 1319 1148 Preterea
1343 1117 1425 1148 idem
1450 1117 1669 1158 apostolicus-‘³
1692 1118 1768 1148 scri-

127 1168 206 1200 bens
235 1168 276 1199 ad
299 1168 441 1199 Leonem
473 1169 663 1210 episcopum
687 1167 927 1207 Catinensemf,
959 1169 1018 1200 hoc
1047 1170 1143 1200 etiam
1174 1168 1422 1200 subdiaconibus
1452 1179 1521 1199 esse
1553 1174 1728 1199 statutum&
1751 1179 1768 1198 a

125 1219 355 1262 predecessore
379 1231 436 1251 suo
460 1211 604 1259 testatur,
636 1225 670 1250 ut
694 1220 747 1262 qui
772 1230 809 1250 eo
833 1224 977 1261 tempore
1007 1226 1114 1251 essent
1142 1221 1314 1261 coniugati.
1345 1231 1440 1251 unum
1466 1220 1503 1251 eh
1528 1219 1651 1250 duobus
1676 1219 1769 1260 elige-

126 1276 206 1312 rent,
236 1271 270 1302 id
299 1276 358 1311 est,
387 1277 444 1303 aut
467 1283 500 1303 se
523 1271 564 1302 ab
589 1270 745 1302 uxoribus
769 1271 979 1311 abstinerent,
1008 1279 1062 1302 aut
1093 1278 1177 1303 certe
1201 1272 1381 1303 nullatenus
1406 1271 1585 1302 ministrare
1611 1282 1769 1312 presume-

127 1328 208 1354 rent.
252 1322 437 1364 Diligenter
459 1324 555 1354 etiam
586 1322 732 1353 attendas
763 1328 908 1353 sanctum
934 1322 1150 1364 Gregorium⁴
1173 1323 1213 1354 ad
1244 1329 1369 1364 tempus
1393 1328 1514 1353 tantum
1540 1333 1557 1353 a
1581 1322 1768 1353 diaconibus

129 1373 258 1406 Siciliae
282 1375 513 1406 continentiam
538 1385 601 1405 non
624 1375 801 1415 exegisse:
834 1373 915 1404 Nam
940 1375 970 1404 in
995 1375 1106 1405 eadem
1131 1376 1201 1416 ipsa
1224 1374 1357 1416 epistola
1380 1374 1579 1412 deliberavit,
1609 1379 1642 1404 ut
1665 1373 1768 1403 nullus

128 1426 357 1468 episcoporum
381 1426 533 1468 deinceps
556 1425 697 1468 aliquem
721 1425 891 1457 diaconem
916 1425 1063 1457 ordinare
1087 1432 1295 1468 presumeret,
1326 1426 1386 1456 nisi
1419 1426 1472 1468 qui
1502 1436 1535 1456 se
1559 1430 1644 1456 caste
1668 1425 1768 1455 vietu-

127 1488 199 1509 rum
222 1478 433 1519 promisisset,
459 1488 519 1509 nec
548 1477 766 1520 predictorum
792 1478 893 1508 'etiam
925 1477 1133 1508 diaconorum
1163 1477 1279 1519 aliquis
1309 1477 1349 1508 ad
1379 1488 1503 1507 sacrum
1536 1476 1678 1507 ordinem
1702 1487 1770 1516 per>

126 1530 250 1561 veniret
280 1530 335 1572 qui
363 1541 396 1561 se
419 1535 493 1571 post
516 1528 765 1571 prohibitionem
790 1535 866 1560 tunc
890 1534 963 1559 ante
988 1529 1159 1560 triennium
1184 1529 1303 1560 factam
1326 1528 1367 1559 ab
1391 1539 1491 1558 uxore
1515 1538 1576 1557 non
1600 1527 1771 1558 continuis-

128 1586 186 1613 set.
232 1581 439 1623 Quapropter
461 1581 666 1613 manifestum
696 1586 745 1611 est
775 1579 912 1611 eundem
945 1579 1155 1622 apostolicum
1186 1580 1337 1611 diacones
1367 1586 1489 1610 tantum
1515 1578 1596 1609 illius
1620 1579 1772 1620 temporis

129 1638 161 1664 et
182 1631 243 1663 loci
267 1632 307 1663 ad
331 1634 647 1664 continentiam'non
671 1631 875 1673 compulisse,
907 1643 1002 1674 quani
1028 1638 1135 1663 tamen
1160 1632 1311 1674 deinceps
1335 1631 1375 1662 ab
1401 1631 1557 1670 omnibus,
1589 1631 1643 1671 qui
1666 1629 1771 1660 diaco-

128 1695 185 1716 nes
209 1684 328 1717 vellent
349 1685 428 1724 ficri,
455 1697 513 1727 per
535 1685 766 1727 professionem
791 1684 901 1715 statuit
926 1684 1024 1724 exigi.
1082 1684 1245 1722 Quantum
1277 1691 1383 1714 autem
1415 1683 1473 1713 hoc
1504 1690 1576 1714 tuae
1606 1681 1688 1723 parti
1719 1680 1771 1711 ad-

129 1742 286 1778 versetur,
310 1747 437 1768 mecum
459 1742 514 1768 tua
538 1737 654 1768 caritas
678 1735 901 1766 considerarei
929 1745 992 1765 non
1022 1740 1182 1776 gravetur.
1238 1735 1343 1765 Tuum
1375 1735 1457 1765 enim
1489 1738 1585 1775 caput
1615 1732 1772 1769 omnibus,

129 1788 224 1820 etiam
248 1789 420 1833 episcopis,
445 1789 599 1831 cuiusque
623 1788 777 1829 temporis
806 1785 974 1827 coniugale
1006 1797 1087 1828 opus
1110 1787 1314 1828 frequentare
1338 1786 1503 1828 permittit,
1534 1783 1619 1826 quod
1644 1788 1772 1814 sanctus

131 1839 309 1881 Gregorius
338 1841 393 1871 vix
423 1840 456 1870 in
487 1839 681 1882 quibusdam
712 1838 902 1870 diaconibus
933 1837 974 1868 ad
1004 1844 1131 1879 tempus
1161 1837 1318 1877 toleravit,
1348 1849 1406 1868 nec
1435 1842 1541 1868 tamen
1565 1836 1632 1866 sine
1657 1845 1772 1876 poena:

131 1902 204 1923 nam
229 1892 318 1933 spein
342 1892 555 1933 promotionis
577 1892 705 1933 penitus
729 1890 851 1921 ademit
874 1889 1006 1921 eisdem.
1051 1890 1318 1921 Incontinentiam
1343 1889 1480 1930 denique
1504 1886 1652 1918 concedis
1671 1896 1771 1915 sacer-

132 1942 272 1983 dotibus,
295 1944 395 1974 immo
418 1944 589 1985 episcopis,
621 1947 752 1984 propter
775 1953 869 1983 quam
901 1940 1066 1982 predictus
1090 1940 1202 1972 doctor
1226 1952 1314 1982 spem
1339 1940 1512 1981 superioris
1535 1938 1653 1979 gradus
1678 1938 1770 1967 inter-

132 1994 234 2026 cludit
255 1994 459 2026 diaconibus.
511 1994 671 2026 Videlicet
694 1993 839 2036 episcopi
863 1993 952 2023 iuxta
976 1997 1066 2023 tuum
1091 1998 1188 2034 caput
1211 2003 1282 2022 cum
1307 1990 1464 2034 uxoribus
1489 1991 1553 2020 suis
1577 1989 1770 2020 dormientes

132 2045 410 2078 abrenunciabunt
432 2047 582 2086 castitati,
607 2057 703 2088 quam
727 2046 796 2087 ipse
821 2045 916 2076 etiam
941 2043 980 2075 ab
1006 2043 1164 2081 omnibus,
1190 2044 1243 2085 qui
1264 2042 1415 2083 deinceps
1438 2041 1554 2072 vellent
1576 2040 1642 2070 fieri
1666 2039 1770 2069 diaco-

131 2108 201 2138 neS‚
224 2109 282 2140 per
298 2098 528 2140 professionem
552 2097 698 2139 precepit
721 2096 820 2138 exigi.
866 2095 948 2127 Cum
972 2096 1072 2136 ergok
1096 2095 1128 2125 in
1152 2099 1274 2126 tantum
1299 2099 1425 2124 sanctus
1443 2092 1618 2134 Gregorius
1642 2097 1695 2121 tuo
1719 2089 1771 2120 ad-

131 2155 277 2181 versetur
300 2149 441 2192 capitulo
465 2151 561 2181 etiam
586 2150 617 2180 in
643 2149 701 2180 bac
726 2158 832 2187 causa,
863 2147 919 2178 ubi
952 2158 1013 2178 non
1045 2157 1157 2188 parum
1188 2146 1327 2187 rigorem
1357 2155 1514 2177 canonum
1545 2142 1712 2183 mitigavit,
1743 2146 1772 2171 et

131 2200 187 2232 ubi
210 2201 369 2244 quaedam
393 2205 517 2232 tantum
542 2212 579 2232 eo
604 2198 747 2242 tempore
771 2198 937 2230 toleranda
961 2197 1185 2236 dissimulavit,
1208 2202 1297 2239 patet
1313 2197 1408 2228 etiam
1430 2195 1545 2231 idiotis,
1570 2195 1600 2225 in
1618 2198 1770 2235 quantum

131 2256 186 2284 tua
207 2263 284 2295 pars
305 2253 525 2295 impugnetur,
549 2253 647 2283 immo
672 2251 842 2282 damnetur
864 2261 881 2280 a
905 2249 1108 2292 generalibus
1133 2249 1259 2280 statutis
1283 2248 1427 2279 eiusdem
1453 2247 1562 2288 putris,
1594 2255 1675 2287 quac
1704 2244 1772 2284 ipse

131 2304 223 2336 iuxta
245 2305 477 2336 districtionem
502 2314 660 2335 canonum
684 2314 747 2334 non
771 2307 894 2333 tantum
924 2301 964 2333 ad
994 2308 1131 2342 tempus,
1163 2300 1217 2331 sed
1250 2301 1336 2330 omni
1365 2304 1507 2339 tempore
1538 2297 1687 2337 deinceps
1719 2294 1772 2325 ob-

243 2414 269 2445 a)
289 2414 360 2439 licite
378 2417 437 2446 pos!
457 2413 610 2438 sacerdotes
632 2412 662 2436 G.
719 2412 747 2436 bl
769 2411 952 2436 observabitur
972 2410 1003 2434 [γ’.
1062 2412 1086 2439 (·)
1108 2409 1177 2441 quod
1199 2409 1230 2434 G.
1298 2409 1324 2437 d)
1345 2409 1371 2431 in
1394 2406 1511 2438 epistolis
1534 2406 1564 2428 G.
1623 2413 1647 2428 e·
1670 2405 1778 2427 (ἐκ-εἰμι’.

129 2467 159 2491 p.
174 2458 218 2484 38.
237 2457 349 2484 adnotat
369 2460 397 2484 in
416 2459 535 2491 maryine
555 2459 611 2483 cod.
631 2458 769 2482 Ratishon.
795 2457 858 2481 haec
879 2456 957 2481 verba
980 2456 1083 2480 adiecta
1105 2463 1173 2480 esse:
1198 2455 1267 2479 Nota
1294 2454 1363 2486 quod
1391 2454 1417 2477 in
1444 2450 1665 2476 camimum-ibus
1688 2456 1772 2473 exom-

133 2501 254 2538 plaribus
279 2505 334 2530 non
360 2506 500 2536 diacones,
528 2505 575 2529 sed
601 2504 778 2539 subdiacones
797 2504 929 2534 leguntur.
972 2501 1047 2531 Quod
1067 2510 1159 2526 verum
1179 2504 1223 2525 est.
1309 2501 1331 2530 f)
1353 2499 1534 2523 Catinensium
1557 2496 1586 2519 G.
1661 2494 1690 2526 g,
1712 2502 1772 2517 con-

135 2552 188 2577 stit.
210 2551 241 2576 G.
316 2552 350 2583 h)·
367 2552 399 2576 de
421 2551 452 2576 G.
528 2552 548 2581 ἰ)
571 2551 597 2574 in
617 2550 736 2582 moryine
757 2559 777 2574 c.
853 2549 883 2579 k)
905 2548 969 2572 Cum
991 2549 1017 2571 in
1039 2551 1056 2572 t.
1078 2556 1100 2572 e.
1121 2545 1152 2571 (ἶ.

244 2654 273 2689 1)
295 2654 358 2681 Lib.
374 2655 399 2687 I,
423 2663 465 2688 ep.
484 2653 533 2686 44,
557 2654 599 2679 ed.
623 2652 728 2678 Ewald
751 2651 774 2684 I,
795 2659 825 2684 p.
845 2649 1009 2693 67;·Jaf‚t'e'
1031 2658 1073 2676 nr.
1093 2648 1183 2674 1112.
1314 2645 1341 2671 2,
1372 2645 1458 2670 Immo
1487 2641 1701 2676 rcspondendmn
1727 2642 1772 2671 ed,

134 2713 235 2732 revera
257 2705 425 2740 Gregorium
449 2705 473 2732 I.
497 2704 714 2732 subdiaconibus
737 2703 793 2729 iam
817 2701 944 2728 uxoratis
974 2701 1022 2726 hoc
1051 2699 1224 2730 concessisse,
1249 2698 1291 2729 ‘zze
1313 2696 1433 2722 deterius
1457 2693 1576 2725 cadant}
1601 2702 1634 2718 ac
1657 2695 1772 2716 tantum-

134 2757 215 2783 modo
242 2757 267 2783 εἰ
293 2766 309 2783 α
339 2757 397 2784 suis
419 2757 553 2783 umoribus
583 2756 721 2782 continere
750 2754 896 2785 noluerint,
928 2751 1071 2786 quominus
1101 2751 1139 2776 ad
1167 2757 1276 2775 sacrum
1308 2747 1427 2773 ordinem
1456 2747 1679 2779 promoveantur,
1707 2751 1771 2775 pru-

137 2807 266 2836 mouisse.
333 2808 363 2841 3)
379 2808 442 2834 Lib.
455 2807 507 2840 IV,
526 2817 567 2841 ep.
582 2807 640 2841 36;
659 2806 729 2841 Opp.
748 2806 788 2838 ll,
805 2804 856 2831 col.
873 2803 950 2836 716,·
972 2801 1057 2834 «Jafs‘e‘
1074 2811 1116 2827 nr.
1134 2800 1223 2826 1306.
1293 2800 1322 2833 4)
1347 2799 1377 2823 In
1396 2798 1473 2831 epist.
1490 2805 1575 2829 supra
1594 2805 1618 2819 η.
1637 2795 1661 2819 1.
1680 2794 1772 2818 rz'loto.

1530 2850 1544 2864 ο

209 2862 307 2887 Libelli
328 2862 361 2888 de
381 2863 435 2887 lite.
465 2863 502 2888 11.
1531 2866 1543 2872 ⁸

1791 873 1808 890 1.
1819 871 1840 887 ιι,
1852 872 1935 895 :.·21,5.
