2132 3067
209 397 279 414 Mam,
294 396 318 414 2¹3
328 410 331 413 .
341 398 351 413 ¹.'

243 1317 355 1336 10h11.·1.

230 1471 283 1489 Luc.
294 1470 313 1491 6,
325 1471 358 1489 37.

222 1573 358 1597 Romal-1.

212 1982 359 2005 1.c0r.11‚31.

284 2034 314 2052 ib.
325 2034 359 2051 32.

248 2135 283 2153 Pa.
297 2136 358 2155 11],6,

255 2392 359 2413 ib.31.‘.).

386 136 448 167 480
874 133 1042 161 llUGONIS
1067 132 1243 159 MONACHI
1267 131 1542 158 FLORIACENSIS

385 236 414 257 et
440 226 583 257 solvendi
609 225 713 254 officio
739 224 863 254 retinet.
910 222 1117 264 Quapropter
1133 221 1425 251 excommunicatio
1449 225 1481 250 et
1504 219 1703 262 praedicatio
1726 219 1812 251 illius
1828 231 1891 252 non
1908 232 1947 252 ex
1964 221 2033 252 eius

384 289 518 320 persona
545 277 638 306 (lebet
663 275 835 314 contemni,
864 273 920 304 sed
950 285 990 304 ex
1014 273 1203 304 auctoritate
1227 272 1343 302 summi
1369 271 1483 302 iudicis
1507 270 1682 302 observari.
1727 271 1809 302 Nam
1835 278 1945 314 pastor
1967 273 2033 303 ani-

384 340 504 359 marum
524 334 702 358 nostrarum
723 326 869 356 Christus
894 336 963 355 esse
989 324 1206 365 cognoscitur,
1231 323 1284 364 qui
1310 323 1340 353 in
1359 321 1563 363 praesulibus
1586 323 1717 354 auditur
1739 329 1836 366 atque
1860 325 2033 355 contemni-

382 390 439 411 tur.
488 380 535 409 De
560 378 676 420 quibus
702 377 861 407 Dominus
886 377 916 406 in
941 375 1108 416 euangelio
1133 375 1226 405 dicit:
1258 374 1367 415 Super
1390 374 1579 405 cathedram
1603 375 1712 416 Illoysi
1734 375 1887 406 sederunt
1908 375 2034 407 scribae

381 437 406 460 Α
427 431 587 472 pharis-131⁴.
636 428 727 464 Quae
751 429 866 459 dicunt
892 427 1130 468 vobis,facite;
1156 437 1239 467 quae
1264 430 1369 456 aulem
1386 425 1537 465 faciunt,
1560 425 1657 457 nolite
1670 426 1797 467 facere.
2053 437 2066 457 5

489 481 527 511 lit
553 492 614 510 non
640 480 741 510 solum
769 479 926 520 episcopi,
952 479 1007 509 sed
1033 483 1063 509 et
1087 488 1197 508 omnes
1223 477 1404 518 presbyteri
1428 483 1458 508 et
1482 476 1590 508 clerici
1613 477 1653 508 ab
1671 478 1830 508 universis
1849 477 1910 508 Dei
1935 476 2035 509 fideli-

383 535 439 563 hus
465 539 537 563 sunt
562 532 737 562 honorandi
763 531 845 561 sicut
870 530 931 561 Dei
955 530 1133 568 domestici,
1158 529 1208 559 cui
1234 529 1354 560 servire
1372 536 1464 560 nocte
1481 528 1597 570 dieque
1615 529 1774 560 videntur.
1819 529 1919 560 Porro
1944 539 2033 570 prae-

381 584 462 615 sules
487 590 581 625 atque
607 584 785 625 presbyteri
814 582 906 613 bases
931 587 961 612 ct
985 580 1198 622 columpnac¹
1225 580 1374 611 videntur
1397 591 1467 611 esse
1492 586 1621 611 sanetae
1651 581 1837 620 aecclesiae,
1867 586 1898 612 et
1926 580 2033 611 cleriei

380 642 411 666 et
443 634 589 665 monachi
621 636 690 665 eius
719 634 869 665 videntur
900 645 968 663 csse
1004 633 1150 666 ministri,
1205 632 1352 662 Horum²
1384 632 1468 662 enim
1503 631 1653 662 manibus
1687 632 1906 663 ministrorum
1941 642 2033 663 sacro

380 687 574 728 baptismate
600 687 735 728 quisque
761 685 863 716 fidelis
888 684 1040 724 abluitur,
1065 690 1096 714 et
1120 684 1232 715 horum
1258 684 1374 714 iterum
1399 683 1548 714 manibus
1573 684 1825 714 sacratissimum
1843 684 2032 725 mysterium
2054 695 2081 714 ιο

381 739 524 779 corporis
548 744 579 769 et
602 738 769 778 sanguinis
793 737 912 767 Christi
938 737 1122 774 coniicitur,
1146 746 1205 776 per
1229 746 1311 777 quae
1335 735 1479 766 misteria
1499 735 1567 766 Deo
1592 746 1819 776 regeneramur
1840 742 1938 778 atque
1961 746 2033 767 con-

381 791 553 831 iungimur.
599 788 724 829 Omnis,
749 789 889 830 inquam,
915 787 1027 830 quide
1045 787 1164 818 Christi
1188 798 1323 828 corpore
1347 792 1406 824 est,
1429 787 1474 818 eis
1499 787 1614 817 merito
1638 786 1732 818 subdi
1749 786 1846 818 debet
1867 793 1899 819 et
1921 797 2032 819 eorum

379 841 572 872 salutaribus
603 841 732 871 monitis
761 839 891 871 obedire
915 845 946 870 et
969 845 1133 880 paternam
1159 840 1205 870 eis
1229 839 1441 870 reverentiam
1469 837 1634 870 exhibere.
1679 838 1756 880 Ipsi,
1786 839 1928 881 inquam,
1957 845 2033 871 sunt

380 894 434 935 qui
459 898 640 923 nostrorum
658 903 790 923 munera
808 897 962 933 precuma
988 891 1101 922 offerre
1125 896 1156 922 et
1173 891 1243 922 Deo
1268 901 1325 932 pro
1349 891 1442 921 nobis
1467 891 1663 921 incessanter
1686 889 1869 932 supplicare
1891 901 2030 922 noscun-

380 952 440 975 tur.
488 944 580 986 Ipsisy
603 945 745 985 inquam,
771 954 828 985 pro
853 943 969 973 nostris
995 942 1185 974 criminibus
1208 942 1315 974 Deum
1340 941 1551 973 exorantibus
1575 941 1610 972 fit
1632 942 1725 973 nobis
1750 943 1819 984 ipse
1843 941 1933 974 Deus
1957 953 2028 984 pro·
2050 953 2077 973 ιε»

381 996 494 1037 picius,
523 1000 552 1026 ct
580 996 694 1026 avertit
724 995 802 1025 iram
833 1006 922 1025 suam
948 1007 966 1025 a
990 995 1092 1026 nobis.
1138 995 1204 1036 Ipsi
1230 1005 1288 1036 pro
1311 994 1396 1024 vivis
1419 1004 1457 1024 ac
1480 993 1641 1024 defunctis
1670 998 1744 1024 ante
1766 993 1874 1025 Deum
1903 1005 2030 1037 semper

380 1047 547 1078 indefessis
572 1046 721 1088 precibus
745 1047 874 1079 instant,
899 1053 929 1078 et
954 1047 1014 1088 ipsi
1040 1046 1132 1078 nobis
1156 1046 1286 1087 frugum
1307 1046 1485 1077 ubertatem
1503 1045 1658 1084 obtinent,
1683 1051 1714 1076 et
1737 1046 1799 1087 ipsi
1822 1050 2030 1088 tempestates

380 1105 411 1130 et
435 1109 560 1140 queque
585 1098 771 1129 discrimina
794 1110 812 1129 a
837 1098 957 1129 Christi
980 1109 1078 1139 grege
1103 1097 1270 1139 repellunt.
1316 1097 1399 1139 Ipsis
1422 1097 1519 1128 etiam
1542 1103 1643 1128 mater
1666 1102 1786 1136 nostra,
1809 1104 1921 1129 sancta
1943 1097 2031 1130 vide—

378 1150 453 1180 licet
476 1149 640 1188 aecclesia,
665 1151 757 1191 quasi
782 1149 946 1181 nobilibus
970 1149 1162 1181 satellitibus
1182 1150 1362 1187 decoratur,
1387 1148 1575 1179 inlustratur
1597 1154 1694 1190 atque
1717 1149 1894 1180 servaturb.
1939 1149 1983 1181 Et
2005 1150 2031 1181 si

378 1201 644 1243 reprehensibiles
673 1201 802 1243 quidam
834 1201 959 1232 illorum
989 1201 1056 1233 fore
1084 1202 1322 1244 repperiuntur,
1353 1199 1425 1231 ideo
1455 1200 1573 1231 caeteri
1604 1201 1832 1243 cotempnendi
1859 1212 1922 1232 non
1945 1207 2030 1238 sunt,
2049 1211 2078 1231 20

379 1254 452 1294 quia
476 1259 506 1284 et
530 1253 560 1282 in
586 1253 708 1294 angelis
733 1254 874 1294 pravitas
899 1259 1026 1295 reperta
1049 1259 1107 1284 est.
1342 1249 1347 1253 ’

483 1304 725 1336 consideranda
750 1305 872 1346 quippe
897 1310 945 1335 est
968 1304 1152 1336 hominibus
1176 1304 1229 1334 illa
1254 1303 1339 1335 beati
1364 1303 1422 1335 Iob
1453 1304 1613 1335 sententia
1641 1304 1796 1335 dicentis:
1823 1303 1905 1340 Quis
1925 1309 2030 1346 potest

378 1356 533 1387 mundum
557 1361 693 1387 statuere
717 1357 755 1387 de
771 1357 962 1388 inmnzmdoc
979 1361 1166 1398 conceptum
1182 1357 1312 1395 semine,
1335 1357 1404 1387 nisi
1427 1361 1459 1385 tu
1486 1356 1543 1397 qui
1565 1355 1652 1387 solus
1675 1355 1729 1387 es?
1753 1355 1918 1396 subaudis,
1941 1366 2032 1387 mun-

378 1407 448 1438 dus.
483 1407 715 1449 Unusquisque
733 1407 878 1449 proinde,
902 1409 969 1439 sive
986 1407 1097 1448 laicus,
1122 1409 1190 1438 sive
1208 1407 1354 1449 clericus,
1379 1408 1442 1439 Dei
1459 1419 1592 1439 munere
1615 1412 1664 1438 est
1687 1407 1773 1449 quod
1791 1414 1850 1447 est,
1873 1407 1901 1438 si
1924 1412 2030 1439 tamen

380 1459 502 1500 aliquid
527 1466 583 1490 est.
622 1459 712 1490 Unde
737 1459 854 1490 dicitur
878 1461 909 1490 in
933 1459 1119 1501 euangelio:
1143 1459 1253 1491 Nolite
1276 1461 1439 1500 iudicare,
1463 1465 1490 1491 et
1514 1471 1580 1490 non
1604 1459 1859 1498 iudicabimini;
1883 1463 1911 1490 et
1933 1458 2032 1490 nolite
2051 1470 2079 1490 ετ,
2115 1470 2120 1505 J

381 1511 630 1551 condempnare,
660 1516 686 1541 et
716 1522 779 1542 'non
804 1512 1138 1554 condempnabimini.
1183 1511 1315 1552 Verum,
1346 1512 1494 1553 quamvis
1525 1511 1566 1542 de
1597 1509 1670 1541 filiis
1692 1510 1755 1542 Dei
1787 1511 1942 1552 scriptum
1973 1511 2032 1542 sit:

383 1561 542 1603 Quotquot
566 1563 685 1604 spiritu
711 1562 774 1593 Dei
796 1569 953 1603 (tf-quatur,
988 1563 1045 1594 laid
1061 1563 1132 1603 filii
1154 1568 1231 1594 sunt
1255 1563 1319 1594 Dei
1350 1569 1455 1594 tamen
1481 1574 1591 1594 omnes
1616 1562 1777 1602 mortales,
1809 1561 1974 1604 quandiue
1998 1563 2030 1594 in

380 1613 439 1644 hac
473 1613 673 1655 corruptibili
708 1624 804 1645 carne
836 1620 994 1656 tenentur,
1028 1620 1174 1656 peccant.
1229 1614 1293 1645 Sed
1324 1626 1363 1646 ne
1394 1614 1540 1646 facinora
1570 1614 1610 1645 ad
1642 1616 1835 1646 immensum
1866 1613 2030 1645 cumulum

378 1672 582 1706 peccatorum
608 1671 831 1707 prorumpant,
855 1666 963 1709 aliqua
987 1677 1071 1708 pena
1093 1667 1125 1697 in
1149 1666 1208 1697 hoc
1231 1666 1338 1698 seculo
1362 1666 1459 1708 plecti
1483 1666 1602 1698 debent
1612 1666 1633 1696 f.
1680 1665 1774 1698 Unde
1798 1676 1856 1708 pro
1879 1664 1953 1707 illis,
1977 1666 2032 1709 qui

378 1716 622 1748 sceleratissime
648 1717 756 1748 vivere
789 1717 1002 1749 decreverunt
1034 1729 1092 1750 nee
1121 1717 1232 1748 volunt
1259 1719 1358 1749 vitam
1391 1729 1481 1749 suam
1515 1729 1686 1760 moresque
1715 1719 1888 1759 corrigere,
1918 1717 1950 1749 id
1973 1723 2031 1757 est,
2049 1729 2076 1748 so

379 1773 510 1808 propter
533 1768 740 1799 fornicatores
764 1775 795 1799 ct
818 1769 990 1811 adulteros,
1021 1771 1087 1801 sive
1112 1776 1244 1811 propter
1267 1770 1353 1801 fures
1376 1775 1473 1811 atque
1499 1769 1674 1811 sacrilegos
1698 1775 1730 1801 et
1752 1768 1831 1800 alios
1853 1769 2031 1811 flagitiosos

380 1819 638 1860 comprimendos
663 1824 694 1850 et
718 1821 936 1861 corrigendos,
966 1833 1076 1862 regem
1101 1821 1193 1852 Deus
1218 1821 1401 1853 hominibus
1425 1832 1577 1863 praeesse
1600 1821 1711 1861 voluit,
1740 1832 1780 1852 ne
1802 1821 1924 1853 aeterni
1947 1831 2032 1863 pena

376 1870 529 1912 supplicii
553 1871 598 1901 eis
623 1878 807 1903 reservetur
831 1874 861 1903 in
887 1879 1061 1914 posterum.
1107 1872 1188 1904 Nam
1214 1872 1268 1903 illa
1291 1874 1436 1912 erimina,
1464 1884 1546 1915 quae
1570 1874 1603 1904 in
1627 1873 1686 1904 hoc
1711 1872 1820 1904 seculo
1844 1873 2031 1915 puniuntur,

380 1921 524 1962 profecto
549 1923 579 1952 in
604 1922 709 1954 futuro
733 1924 841 1955 seculo
866 1936 928 1955 non
952 1925 1124 1956 nocebunt.
1169 1925 1222 1956 Fit
1250 1925 1348 1966 igitur
1378 1926 1408 1956 in
1437 1925 1486 1956 his
1497 1931 1520 1964 8,
1551 1925 1635 1967 quod
1663 1924 1705 1956 ab
1733 1924 1878 1966 apostolo
1907 1924 2028 1956 dictum

380 1978 442 2003 cst:
473 1974 511 2004 Si
538 1980 660 2005 uosmet
678 1976 769 2016 ipsos
793 1976 1065 2015 diiudicat-emus,
1089 1988 1153 2008 non
1178 1978 1288 2019 utique
1312 1978 1549 2008 iudicaremur.
1597 1977 1676 2009 Cum
1700 1977 1892 2008 iudicamur
1915 1974 2031 2016 autem,
2049 1986 2078 2007 π

381 2036 401 2055 α
418 2025 559 2056 Domino
576 2027 789 2067 corripimur,
812 2032 846 2057 ui
872 2039 936 2059 non
961 2039 1032 2059 cum
1056 2029 1114 2058 hoc
1138 2029 1261 2059 mundo
1285 2029 1511 2060 damnemurh.
1557 2028 1661 2060 Multa
1690 2029 1775 2059 enim
1807 2027 1891 2060 bona
1919 2028 2030 2059 invitis

381 2081 592 2116 praestantur,
618 2077 747 2118 quando
770 2089 880 2109 eorum
905 2079 1083 2110 consulitur
1107 2079 1246 2121 utilitati,
1275 2091 1338 2110 non
1362 2079 1529 2121 voluntati,
1557 2091 1620 2122 qua
1643 2080 1703 2111 sibi
1728 2081 1938 2111 inveniuntur
1959 2090 2030 2111 esse

381 2127 511 2158 inimici.
557 2129 718 2169 Scriptum
744 2130 864 2171 quippe
888 2136 945 2170 est,
970 2132 1046 2172 quia
1070 2133 1126 2173 qni
1150 2132 1260 2173 diliqit
1283 2133 1500 2173 iniquitatem,
1525 2133 1593 2164 odit
1614 2133 1760 2163 animam
1777 2143 1883 2163 suam.
1927 2131 2032 2173 Igitur

380 2179 474 2208 amici
504 2178 745 2220 malignantium
776 2180 941 2212 hominum
972 2189 1046 2213 sunt
1074 2182 1128 2222 illi,
1159 2183 1212 2224 qui
1243 2194 1352 2214 corum
1381 2185 1568 2226 iniquitates
1593 2184 1782 2226 corripiunt,
1810 2189 1841 2215 et
1865 2193 1922 2225 pro
1946 2193 2030 2214 com—

381 2230 485 2260 missis
509 2231 696 2278 criminibus
719 2243 828 2263 eorum
847 2244 982 2275 corpora
1005 2234 1114 2276 aliqua
1138 2245 1221 2275 pena
1245 2235 1465 2266 emendatoria
1490 2236 1637 2277 puniunt.
1672 2235 1809 2266 Peccata
1831 2235 1927 2274 enim,
1947 2244 2030 2276 quae
2048 2244 2077 2264 ιο

383 2280 467 2311 feriri
487 2281 652 2319 gehennae
676 2283 806 2324 ignibus
823 2291 968 2325 possunt,
993 2285 1182 2327 disciplinae
1206 2292 1280 2317 sunt
1295 2286 1429 2318 verbere
1447 2287 1655 2327 corrigendag
1680 2292 1715 2318 ut
1730 2288 1784 2329 qui
1801 2286 1863 2318 Dei
1880 2285 2032 2317 mandata

381 2336 612 2373 contempnunt
641 2334 827 2375 temporalia
852 2336 1011 2377 supplicio
1036 2343 1225 2368 terreantur.
1271 2338 1366 2377 Quod
1392 2338 1559 2380 psalmista
1582 2339 1688 2370 dicere
1712 2338 1848 2378 videtur,
1871 2348 1945 2369 cum
1969 2337 2029 2369 ait:

384 2382 418 2412 In
445 2383 556 2413 chamo
581 2384 764 2424 etfraenoi
792 2387 946 2418 maxillas
971 2399 1078 2418 eorum
1104 2391 1301 2431 constrinye,
1325 2392 1382 2431 qui
1408 2402 1470 2421 non
1496 2392 1735 2433 approaeima‘nt
1759 2391 1804 2422 ad
1826 2395 1864 2422 te.
1897 2389 2028 2430 Verum,

382 2434 462 2464 sicut
486 2434 544 2464 sub
569 2435 640 2475 igne
665 2446 776 2466 aurum
803 2438 910 2468 rutilat
933 2444 963 2469 et
988 2439 1079 2480 palca
1102 2440 1213 2481 fumat,
1243 2447 1274 2472 et
1302 2442 1575 2483 quemadmodum
1607 2442 1666 2474 sub
1695 2441 1807 2474 eadem
1831 2441 1944 2473 tritura
1966 2440 2028 2472 fru-

2109 2045 2118 2069 -·
2109 1968 2117 2023 ⁴⁶2·
2105 1878 2118 1939 α’,
2109 1836 2121 1857 r
2107 1747 2125 1815 κη*
2110 1567 2125 1730 ‚eo-0⁴v

2106 2240 2115 2268 ἰ

2102 2294 2115 2357 ξ
2130 2305 2132 2339 1

493 2547 517 2562 n·
542 2541 656 2571 proeinin
677 2542 697 2564 1.
714 2541 738 2564 2.
815 2542 842 2565 bn
864 2548 982 2567 ι«ιί-ιιοιιιι·
1001 2547 1021 2568 1.
1038 2545 1061 2568 2.
1138 2552 1164 2569 c!
1186 2546 1313 2571 inmundo
1335 2550 1359 2571 2.
1439 2548 1465 2579 dv)
1489 2548 1523 2572 hii
1546 2549 1570 2572 2.
1647 2549 1671 2579 e)
1691 2547 1819 2579 quamdiu
1839 2547 1863 2572 2.
1939 2547 1961 2576 f)
1981 2546 2027 2571 de·
2046 2550 2074 2571 ⁴⁶
2130 2528 2132 2544 Ι

498 2585 512 2597 ⁸)

383 2584 476 2608 lwntur
500 2601 520 2609 -.
596 2591 625 2615 g!
647 2586 695 2609 hiis
718 2588 741 2610 2.
819 2587 847 2611 h!
870 2589 1043 2620 dampnemur
1065 2591 1087 2614 2.
1166 2592 1183 2614 ii
1208 2592 1282 2616 freno
1305 2594 1328 2616 2.

492 2683 515 2710 Ι)
541 2682 583 2713 (ss.
609 2683 742 2716 Grvyurt't'
766 2684 827 2710 1ἸΙ.
854 2686 930 2718 νμιᾉῑ.
956 2687 993 2711 md
1021 2687 1197 2714 'I‘lwurnn1·co.=
1225 2700 1251 2715 ιι.
1275 2690 1361 2723 ΙΟῙῙ,
1387 2691 1480 2724 Febr„
1510 2691 1588 2724 Jaffe'
1613 2691 1651 2723 II,
1673 2701 1703 2726 p.
1726 2691 1803 2725 546;
1834 2691 1919 2725 Huqo
1941 2690 2025 2718 Flav-

379 2732 500 2765 p.4·16:
524 2732 570 2767 qui
596 2732 623 2758 in
648 2734 770 2759 ecclesia
797 2735 848 2761 1)οῐ
874 2736 1045 2770 ι-«ιῐιιιιηιιιηυ
1071 2747 1132 2763 esse
1158 2739 1329 2766 debuerunt.
1399 2742 1427 2767 2»
1453 2742 1496 2774 Cf.
1522 2743 1598 2776 epo'si.
1624 2743 1662 2769 ad
1687 2743 1891 2769 Herimannum
1908 2742 2025 2769 Metten-

2102 2421 2108 2436 ι

2099 2484 2115 2598 i

380 2792 433 2809 scm
459 2784 476 2810 Ι.
501 2785 537 2812 Ι..·
564 2784 645 2818 Huyn
672 2786 751 2810 Flam
775 2795 802 2819 1).
823 2787 891 2812 ¹¹36.
2088 2764 2114 3067 ί
