2132 3067
54 735 82 755 10

54 992 81 1011 15

52 1249 79 1269 2⁰

52 1507 79 1526 25

50 1764 78 1784 ³0

50 2023 78 2042 35

51 2280 80 2299 40

53 2537 82 2557 45

559 171 581 197 1.
620 171 670 197 DE
694 171 1002 200 INCONTINENTIA
1026 174 1290 203 SACERDOTUM.
1701 176 1741 206 ‘25

208 258 359 301 Amplius
383 259 494 290 beatus
512 258 683 290 Gelasius¹
710 271 794 301 papa
816 261 848 291 in
871 262 1047 303 apostolica
1072 264 1146 294 sede
1170 275 1241 294 cum
1259 265 1352 296 LXX
1370 267 1529 308 episcopis
1553 268 1739 298 nominatim

101 310 294 342 Nicholaum
307 310 392 342 beati
407 310 560 352 Stephani
574 313 819 353 protomartyris
834 312 1076 353 condiaconum,
1094 314 1227 345 Paulum
1242 315 1507 348 Samosathcnum
1527 318 1739 359 patriarcham

102 363 338 394 Antiochenum
355 373 531 404 omnesque
548 361 705 393 hereticos
723 363 789 393 sive
809 365 1008 395 scismaticos
1025 371 1056 396 et
1074 377 1182 396 ornnes
1201 378 1311 398 eorum
1329 374 1501 399 sectatores
1519 369 1740 400 inremediabi-

102 414 173 445 liter
187 413 472 445 anathematizatos
490 424 560 444 esse
580 415 805 455 pronunciavit
823 426 894 446 cnm
913 416 1073 453 omnibus,
1095 428 1176 458 quae
1194 417 1371 449 docuerunt
1387 421 1453 450 sive
1471 422 1740 461 cmiscripscrunt.

102 465 307 507 Quicumque
335 470 442 496 autem
477 464 594 496 docent
620 464 795 506 capitulum
824 467 993 498 Sozomeni
1026 479 1083 509 pro
1113 470 1274 500 autentico
1305 470 1420 501 debere
1452 473 1548 512 recipi
1580 478 1741 502 scetantur

101 516 237 548 Paulum
268 522 300 547 et
322 515 510 547 Nicholaum
541 516 768 555 heresiarchas,
796 528 868 548 cum
893 519 924 549 in
949 519 1060 549 eodem
1086 522 1190 561 capite
1220 521 1438 552 sacerdotibus
1469 523 1644 554 assei-ibant
1670 534 1740 553 con-

102 568 207 610 iugale
236 579 326 610 opus.
382 567 555 606 Quomodo
589 569 709 609 igitur³
744 569 815 610 ipsi7
851 570 912 600 nisi
947 571 1154 611 resipiscant,
1184 582 1292 602 eorum
1323 573 1491 603 anathema
1522 574 1741 612 subterfugere

101 624 260 662 poterunt,
284 629 420 661 quorum
447 619 604 650 nefarium
630 619 747 661 dogma
770 620 960 651 confirmare
984 626 1014 652 et
1037 621 1246 653 disseminare
1270 634 1332 654 non
1358 625 1550 655 timuerunt?

207 671 372 712 Amplius:
397 670 617 702 heresiarches
634 671 823 702 Iovinianus
840 683 857 702 a
875 673 967 703 beato
981 673 1130 704 Gelasio²
1145 674 1226 705 inter
1238 674 1376 716 reliquos
1392 676 1547 707 hereticos
1561 676 1742 717 specialiter

101 722 399 763 anathematizatus,
430 721 506 753 licet
535 722 674 753 heretice
705 723 968 754 incontinentiam
1001 725 1215 756 continentiae
1239 726 1417 767 adequarit,
1446 739 1606 768 nunquam
1635 734 1741 758 tamen

100 773 180 805 adeo
209 773 360 815 desipuit,
389 778 425 804 ut
453 773 638 815 episcopale
669 773 821 813 officium,
853 775 1046 816 singularem
1076 777 1185 817 utique
1215 783 1246 807 et
1273 778 1482 819 principalem
1510 780 1740 809 continentium

100 825 301 867 dignitatem,
325 825 599 856 incontinentibus
623 825 758 856 asscribi
780 837 874 867 posse
898 826 1133 867 dogmatizarit.
1180 827 1288 858 Satius
1312 830 1396 860 enim
1421 830 1480 859 sibi
1506 830 1683 867 videbatur,
1709 836 1742 861 ut

100 876 161 908 hoc
184 876 388 919 reprobando
417 888 494 908 suae
517 876 621 908 heresi
645 877 872 918 refragaretur,
900 889 996 920 quain
1021 879 1282 910 incontinentiam
1308 882 1519 912 continentiae
1545 882 1573 911 in
1583 882 1595 901 ὓ
1619 887 1741 912 tantum

100 928 291 971 adequaret,
329 934 364 960 ut
400 933 512 960 contra
550 929 597 959 fas
633 934 664 960 et
698 929 747 959 ius
787 930 881 960 etiam
922 930 1185 961 incontinentiam
1222 931 1339 962 divinis
1376 933 1536 973 mysteriis
1577 932 1742 962 admitten-

101 980 174 1011 dam
204 986 371 1014 assereret.
417 980 507 1025 Ergo
535 980 794 1021 Sozomenistae,
818 981 872 1022 qui
902 980 961 1011 hoc
985 981 1191 1023 impudenter
1221 982 1393 1013 asserendo
1423 983 1559 1014 cundem
1592 983 1743 1014 heresiar-

101 1031 194 1063 cham
232 1032 374 1063 inerrore
412 1031 609 1073 precedunt,
645 1031 808 1074 quomodo
846 1033 947 1073 ipsius
983 1032 1167 1064 inevitabile
1201 1033 1371 1065 anathema
1405 1034 1626 1075 subterfugere
1660 1034 1742 1065 vale-

100 1083 202 1115 bunt?
308 1083 376 1114 Has
414 1084 514 1125 igitur
554 1083 800 1124 inrefragabiles
837 1090 1020 1115 sanctorum
1060 1091 1188 1125 patrum
1227 1086 1399 1116 sententias
1439 1085 1609 1126 diligenter
1646 1086 1742 1127 inspi-

99 1136 175 1171 cias,
197 1140 258 1166 ne'c
280 1141 393 1166 contra
427 1134 562 1166 salutem
597 1140 684 1166 tuam
718 1134 888 1166 Sozomeni
918 1141 1015 1177 caput
1045 1135 1197 1177 deinceps
1226 1147 1283 1178 pro
1314 1138 1474 1168 autentico
1504 1138 1646 1179 recipere
1674 1149 1742 1179 pre-

99 1198 217 1218 sumas.
273 1186 337 1218 Sed
371 1187 526 1217 forsitan⁰
561 1186 666 1217 adhuc
700 1185 780 1217 dicis
818 1192 847 1217 te
881 1186 960 1217 illud
998 1197 1055 1228 pro
1092 1188 1252 1218 autentico
1291 1189 1450 1230 recipere,
1490 1200 1551 1219 non
1590 1200 1647 1231 pro
1682 1189 1743 1219 alia

99 1249 207 1279 causa,
230 1239 293 1270 nisi
317 1249 376 1280 pro
392 1237 595 1280 quorundam
619 1237 819 1268 infirmorum
845 1239 1080 1280 compassione.
1121 1240 1225 1278 Quam
1251 1239 1475 1279 obiectioncm‚
1500 1240 1572 1271 licet
1595 1241 1625 1271 in
1651 1252 1743 1282 supe-

99 1290 239 1322 rioribus
262 1290 340 1321 satis
362 1289 598 1321 rationabiliter
621 1289 846 1328 annullarimd,
871 1295 976 1321 tamen
1002 1290 1116 1320 iterum
1142 1290 1243 1321 eidem
1269 1302 1326 1332 pro
1351 1298 1404 1322 tua
1428 1292 1559 1323 caritate
1586 1303 1648 1322 non
1672 1303 1742 1331 gra-

98 1341 200 1373 vabor
223 1341 365 1373 obviare.
411 1341 530 1373 Beatus
554 1345 646 1383 pater
669 1342 874 1382 Augustinus
885 1346 906 1381 ³,
936 1342 1033 1371 immo
1065 1353 1121 1383 per
1151 1342 1254 1383 ipsum
1281 1343 1419 1383 Spiritus
1444 1346 1590 1383 sanctus(
1607 1344 1636 1373 in
1662 1343 1740 1374 libro

99 1399 209 1425 contra
238 1393 442 1424 mendacium
474 1397 611 1425 testatur
638 1393 682 1424 ita
713 1393 836 1424 dicens:
867 1392 966 1433 Illae,
995 1404 1075 1434 quae
1106 1399 1228 1424 constat
1259 1405 1323 1424 esse
1351 1399 1496 1434 peccata,
1525 1395 1614 1425 nullo
1642 1395 1742 1425 bonae

99 1457 219 1476 causae
242 1445 380 1484 obtentu,
404 1445 493 1476 nullo
517 1446 617 1487 quasi
638 1445 720 1476 bono
736 1445 816 1485 fine,
842 1443 934 1475 nulla
958 1444 1042 1474 velut
1065 1445 1148 1476 bona
1172 1446 1351 1476 intentione
1366 1446 1532 1485 facienda
1555 1451 1640 1477 snm.
1685 1446 1742 1476 Rc-

99 1497 206 1538 cipere
228 1502 333 1528 autem
352 1495 522 1528 sozomeni
547 1501 645 1538 caput
669 1507 731 1527 non
756 1502 878 1527 tantum
904 1507 962 1538 pro
986 1507 1072 1536 vero,
1096 1496 1151 1527 sed
1174 1497 1268 1527 etiam
1294 1507 1350 1538 pro
1373 1497 1534 1527 autentico
1559 1498 1625 1527 sive
1649 1508 1741 1528 cano-

99 1549 181 1588 nico,
204 1546 387 1579 damnabile
411 1552 579 1589 peccatum
604 1559 673 1579 esse
697 1547 866 1589 probatum
890 1558 961 1578 cum
986 1548 1070 1578 idem
1095 1554 1192 1588 caput
1221 1553 1250 1578 et
1278 1549 1449 1578 canonicae
1474 1549 1597 1579 veritati
1622 1554 1742 1579 contra-

98 1601 191 1639 rium,
222 1604 253 1630 et
281 1598 340 1630 sub
371 1598 574 1630 anathemate
604 1610 623 1630 a
654 1600 774 1630 sanctis
806 1599 951 1640 patribus
983 1599 1178 1640 prohibitum
1211 1610 1273 1629 non
1305 1599 1477 1631 dubitetur.
1523 1599 1617 1630 Nullo
1646 1601 1743 1640 igitur

99 1652 202 1683 bonae
235 1661 350 1682 causae
378 1650 521 1691 obtentu,
552 1650 637 1682 nullo
662 1652 753 1693 quasi
779 1651 862 1682 bono
886 1651 957 1689 tine,
988 1650 1074 1681 nulla
1097 1651 1188 1692 quasi
1214 1652 1297 1681 bona
1321 1652 1495 1682 intentione
1520 1657 1567 1682 cst
1591 1652 1742 1692 recipien-

98 1702 190 1734 dum:
215 1713 291 1744 ergo
315 1713 374 1734 nec
396 1713 454 1744 pro
478 1703 701 1744 compassione
725 1702 915 1744 aliquorum.
962 1702 1057 1732 Hunc
1082 1703 1188 1743 itaque
1212 1701 1327 1732 librum
1353 1703 1525 1744 Augustini
1558 1703 1582 1733 si
1610 1708 1642 1732 tu
1668 1702 1741 1732 tide-

97 1753 168 1786 liter
183 1753 367 1794 attenderis,
391 1765 556 1795 nunquam
574 1753 667 1785 nobis
684 1753 813 1796 aliquod
833 1760 998 1795 peccatum
1016 1754 1198 1784 faciendum
1217 1765 1285 1784 esse
1304 1755 1351 1784 vel
1376 1765 1432 1795 pro
1456 1753 1590 1784 alicuius
1614 1760 1743 1784 aeterna

97 1805 200 1838 salute
221 1804 391 1837 iudicabis.
437 1806 508 1845 Qua
539 1805 578 1837 de
608 1817 641 1836 re
669 1805 839 1846 diligenter
868 1811 899 1836 et
922 1805 1040 1836 obnixe
1065 1811 1151 1836 tuam
1175 1805 1404 1836 fraternitatem
1434 1816 1494 1835 non
1519 1816 1607 1835 cesso
1632 1804 1742 1846 implo-

97 1868 177 1898 rare,
201 1862 237 1889 ut
253 1857 364 1889 saltem
382 1857 477 1888 modo
501 1858 618 1888 totiens
635 1856 866 1888 rationabiliter
881 1856 1064 1888 admonitus
1081 1857 1206 1887 animae
1230 1862 1303 1887 tuae
1326 1856 1419 1887 saluti
1445 1856 1635 1898 prox-ideass
1648 1862 1740 1897 teque

97 1920 116 1940 a
141 1914 206 1941 tam
230 1909 521 1951 perniciosissimof
543 1909 748 1941 anathemate
772 1909 953 1949 subtrahas,
983 1920 1086 1950 neque
1116 1908 1330 1949 simpliciores
1362 1909 1392 1938 in
1422 1913 1506 1938 tuam
1538 1913 1568 1938 ct
1599 1909 1738 1948 ipsorum

97 1961 273 2003 perniciem
304 1972 362 2002 per
394 1961 656 1992 anathematizati
691 1961 806 2002 capitis
842 1961 1058 2002 receptionem
1090 1960 1234 1994 seducas.
1280 1959 1457 1999 Vigilanter
1485 1970 1560 1989 sane
1593 1958 1738 1989 attendas

98 2012 196 2044 verba
224 2012 356 2043 Domini
385 2012 572 2044 terribiliter
600 2013 823 2043 comminantis
853 2012 891 2050 ei,
922 2012 975 2053 qui
1000 2011 1139 2052 aliquem
1164 2011 1202 2042 de
1227 2010 1350 2052 pusillis
1374 2011 1441 2041 eius
1465 2010 1738 2041 scandalizavcrit.

98 2064 215 2095 Precor
237 2064 333 2095 etiam
357 2068 398 2105 te,
422 2069 457 2095 ut
479 2069 511 2095 et
533 2065 566 2095 in
589 2063 648 2095 hoc
671 2075 775 2094 meam
800 2063 1050 2094 admonitionem
1076 2063 1222 2103 recipias,
1245 2073 1302 2093 nec
1327 2067 1356 2092 te
1378 2063 1467 2094 iuxta
1491 2067 1635 2092 sanctum
1660 2060 1739 2091 Gre-

97 2115 222 2156 gorium
246 2115 440 2157 apostolicae
464 2116 665 2147 auctoritatis
689 2126 777 2145 rcum
803 2114 935 2145 ulterius
952 2115 1082 2153 efficias,
1107 2114 1190 2155 quod
1216 2114 1277 2143 iam
1300 2112 1420 2143 dudum
1446 2113 1560 2143 fecisse
1584 2112 1740 2153 probaris,

98 2176 170 2197 cum
200 2166 309 2197 domni
332 2167 502 2209 apostolici
532 2172 717 2208 preceptum
747 2167 987 2207 contempsisse,
1017 2171 1047 2196 ct
1074 2165 1201 2196 eidem&
1226 2165 1333 2195 verbis
1362 2170 1392 2194 ct
1415 2165 1542 2205 scriptis
1570 2164 1739 2204 derogasse

98 2228 161 2249 non
192 2218 364 2250 dubiteris:
395 2219 449 2261 qui
478 2219 573 2250 etiam
603 2223 634 2249 et
662 2217 741 2249 alios
773 2229 831 2259 per
853 2217 1155 2248 anathematizatum
1182 2221 1278 2257 caput
1305 2228 1323 2246 a
1347 2222 1376 2247 tc
1401 2217 1481 2257 inter
1504 2216 1665 2245 autentica
1689 2216 1739 2244 ‹lc-

98 2270 253 2312 scriptum
277 2270 474 2301 confortasse
498 2270 671 2307 infamaris,
695 2275 729 2300 ut
751 2268 936 2310 apostolicis
960 2272 1141 2309 repugnent
1164 2268 1298 2299 statutis.
1345 2267 1529 2298 Certis-sime
1546 2272 1650 2296 autem
1669 2265 1738 2295 volo

99 2327 130 2353 te
157 2322 249 2361 scire,
281 2321 368 2364 quod
397 2333 456 2352 nec
489 2315 631 2353 moderni
657 2321 805 2361 Gregorii
837 2320 1007 2351 anathema
1037 2319 1093 2349 tibi
1118 2319 1228 2359 dccrit‚
1261 2320 1286 2349 si
1316 2319 1354 2349 ad
1381 2320 1484 2360 ipsum
1511 2319 1586 2348 hacc
1611 2318 1739 2348 infamia

100 2373 162 2403 iam
180 2373 220 2404 de
236 2378 267 2404 te
284 2372 382 2414 vulgo
398 2373 608 2404 disseminata
627 2372 819 2414 pervenerit,
844 2383 925 2414 quae
950 2378 978 2402 te
1004 2371 1192 2411 precipuum
1214 2370 1386 2407 doctorem,
1411 2369 1619 2402 defensorem,
1644 2371 1738 2399 immo

99 2434 212 2456 vocem
235 2435 304 2456 esse
327 2425 444 2456 asserit
467 2425 620 2463 omnium,
644 2424 698 2466 qui
722 2424 894 2462 canonicis,
919 2428 949 2453 et
972 2421 1156 2463 apostolicis
1180 2420 1435 2452 institutionibus
1453 2420 1610 2452 obstinato
1630 2419 1739 2450 'animo

100 2476 257 2508 resistant.
301 2476 396 2507 Hanc
419 2477 519 2518 igitur
541 2476 716 2515 infamiam,
748 2474 885 2505 fideliter
908 2468 1065 2504 adnioneo
1094 2479 1134 2509 tc,
1166 2480 1198 2503 ut
1231 2484 1427 2513 compescas,
1459 2484 1561 2513 neque
1590 2471 1739 2512 deinceps

100 2526 286 2569 apostolicis
309 2528 436 2559 statutis
459 2528 491 2558 in
507 2524 687 2569 periculum
712 2531 800 2557 tuum
819 2525 1021 2567 aliquatenus
1044 2525 1197 2565 refragari
1221 2534 1396 2565 presumas.
1434 2523 1475 2554 L't
1491 2530 1595 2554 autem
1614 2523 1740 2552 damna-

212 2633 240 2663 a)
261 2641 323 2665 ergo
343 2633 375 2658 G.
450 2633 476 2663 b)
500 2632 570 2657 deese
591 2632 622 2656 G.
699 2639 723 2662 c)
744 2632 833 2655 forsan
855 2630 884 2655 G.
962 2630 989 2654 ‹l›
1011 2630 1175 2653 annuli-‘trem
1196 2629 1220 2653 3.
1297 2630 1319 2659 (χῖ
1343 2638 1372 2652 ι·;ι
1394 2630 1425 2651 (l.
1499 2628 1517 2651 fi
1541 2629 1687 2660 pernicioso
1710 2629 1740 2651 (l,

102 2678 132 2710 g)
153 2678 177 2703 ci
198 2678 229 2703 de
250 2678 282 2703 G.

211 2776 239 2811 1)
261 2769 296 2802 Ῑη
311 2777 421 2803 decreto
445 2777 478 2802 de
499 2775 669 2809 recipiendis
692 2778 715 2801 ct
738 2783 791 2800 non
815 2773 983 2807 recipiendis
1007 2772 1094 2804 libris,
1118 2774 1132 2803 ξ
1152 2772 1197 2804 10,
1221 2772 1262 2799 ed.
1282 2771 1358 2797 'l'ltirl
1382 2771 1403 2802 I,
1425 2780 1454 2804 p.
1476 2770 1544 2796 4139.
1620 2772 1645 2803 2)
1672 2770 1738 2797 1,,ῖ.

101 2835 132 2860 p.
155 2826 225 2854 470.
313 2827 342 2861 3)
367 2827 472 2854 Contra
494 2827 620 2854 mendac.
651 2829 665 2857 ἓ
692 2826 737 2858 18,
769 2824 839 2859 Opp.
864 2828 882 2851 l.
907 2824 952 2856 VJ,
983 2824 1033 2849 eol.
1058 2823 1127 2849 456.

177 2882 273 2906 Libani
293 2882 326 2907 de
346 2882 400 2906 lite.
433 2883 468 2906 11.
1495 2876 1510 2897 4

1759 2016 1908 2040 Matth.1s,‹;.
