2132 3067
627 142 750 171 GESTA
774 146 961 175 ROMANAE
985 150 1190 180 ECCLESIAE
1215 155 1251 181 ΙΙ.
1700 162 1763 191 379

215 223 243 253 9.
289 223 398 255 Bruno
427 227 541 267 igitur,
574 231 627 271 qui
657 237 687 262 et
711 232 795 274 Leo,
824 247 864 266 ex
893 237 1026 268 consilio
1059 241 1267 274 cardinalium
1295 246 1426 279 Romam
1462 251 1602 282 invitusss
1632 260 1763 285 coactus

111 273 268 314 dirigitur.
313 275 350 305 In
375 278 463 308 cuius
489 281 642 312 comitatu
666 284 765 314 nimia
789 286 991 328 imperatoris
1016 291 1214 333 indulgentia
1238 300 1412 337 permissus
1438 308 1486 332 est
1509 304 1627 334 reverti
1652 304 1760 336 Hilde

110 324 281 365 brandus¹‚
306 326 364 358 hae
380 331 592 369 permissione
609 335 824 368 sacerdotium
849 340 968 379 pariter
992 349 1022 372 et
1046 353 1178 384 regnum
1203 348 1262 378 sub
1280 351 1386 390 specie
1403 352 1565 394 religionis
1591 367 1759 388 eversurus

106 382 137 407 et
158 377 336 409 iuramenta
359 380 547 422 imperatori
570 387 705 425 prestita
737 399 799 418 non
823 389 876 420 diu
901 400 1096 425 servaturus.
1142 397 1285 429 ssrunoni
1317 401 1414 442 igitur
1436 406 1490 435 inb
1522 407 1634 438 itinere
1660 408 1758 440 multa
1782 421 1844 441 ww.

73 439 86 457 5
106 426 264 469 loquendo
289 441 322 460 sc
346 431 526 473 subposuit.
572 435 623 476 Et,
648 444 681 468 ut
704 438 838 471 Romam
863 443 964 483 venit,
990 446 1148 485 optinuitc
1172 448 1212 479 ab
1238 461 1291 489 eo,
1317 458 1350 483 ut
1374 454 1463 486 tieret
1488 468 1569 488 unus
1593 458 1631 489 de
1656 466 1756 491 custo-

104 477 198 509 dibus
221 479 329 512 altaris
355 481 438 515 beati
464 485 560 517 Petri.
606 487 647 518 Et
678 491 709 520 in
734 490 824 522 brevi
854 492 977 525 loculos
1005 496 1178 538 impleviffl,
1208 506 1238 530 et
1272 504 1322 534 cui
1354 508 1523 546 pecuniam
1554 509 1640 541 illam
1672 522 1755 542 com-

103 531 251 572 mitteret,
276 532 374 564 filium
400 536 567 568 cuiusdam
592 539 684 570 Iudei
709 543 837 573 noviter
867 546 995 586 quidem
1022 547 1233 589 baptizatum,
1257 554 1311 585 sed
1338 567 1442 588 mores
1466 561 1751 594 nummulariorum

101 582 204 614 adhuc
228 585 436 625 retinentem,
460 587 650 621 familiarem
675 593 736 623 sibi
760 593 845 626 fecit.
892 596 933 627 Et
955 598 1017 628 iam
1044 599 1098 630 diu
1124 603 1350 638 conciliaverat
1381 609 1441 640 sibi
1472 612 1630 653 quendam
1655 614 1751 645 alium

99 634 407 676 incomparabilibus
424 639 590 671 maleficiis
607 650 782 685 assuetum,
809 645 1010 680 Gerhardum
1028 653 1167 693 nomine,
1186 656 1239 696 qui
1257 661 1547 699 cognominabatur
1563 664 1719 696 ssrazutus
1730 672 1751 701 ³,

53 695 79 714 ιο
98 686 235 717 amicum
266 687 506 732 Theophilacti,
538 694 591 734 qui
625 694 763 726 subdola
794 698 1012 732 familiaritate
1045 703 1163 735 dicitur
1193 717 1249 737 sex
1276 709 1437 743 Romanos
1470 717 1638 755 pontifices
1671 718 1751 749 infra

98 738 239 778 spacium
270 740 422 772 tredecim
452 753 609 775 annorum
641 757 765 778 veneno
796 750 985 791 suffocasse,
1023 765 1158 795 quorum
1192 761 1321 791 nomina
1354 763 1431 794 haec
1462 772 1552 798 sunt:
1588 767 1748 809 Clemens,

97 790 150 830 qui
173 797 264 821 sexto
289 791 450 833 Gregorio
473 795 647 837 dampnato
671 804 702 828 et
726 799 958 842 Theophilacto
990 806 1135 846 expulso,
1165 809 1249 841 sedit
1280 814 1444 846 mensibus
1475 828 1588 849 novem
1620 825 1649 850 et
1680 821 1747 853 dies

95 847 231 882 septem3
254 850 328 883 post
351 844 550 878 Clementem
574 848 748 891 Damasus,
772 853 827 893 qui
851 854 936 885 sedit
958 855 1026 886 dies
1050 858 1164 899 viginti
1189 866 1266 901 tres3
1292 870 1363 904 post
1386 866 1562 900 Damasum
1590 870 1666 911 Leo,
1692 874 1744 914 qui

94 892 177 923 sedit
192 895 286 924 annis
305 896 460 939 quinque,
484 906 558 940 post
574 899 715 932 Leonem
734 903 856 943 Victor,
880 906 934 947 qui
951 907 1033 938 sedit
1049 911 1140 941 annis
1158 912 1293 947 duobus.
1312 918 1474 949 mensibus
1492 921 1605 961 tribus,
1631 923 1745 955 diebus

48 953 74 972 ιε
93 949 254 986 septem43
278 954 352 988 post
372 948 534 981 Victorem
561 951 755 994 Stephanus,
779 957 833 997 qui
857 957 939 989 sedit
964 970 1089 992 menses
1113 971 1245 1004 septem,
1270 966 1337 997 dies
1357 969 1471 1010 viginti
1496 983 1609 1004 novem
1621 975 1647 1004 ⁴¹:
1673 984 1744 1016 post

93 995 290 1037 Stephanum
318 998 523 1040 Benedictus,
547 1004 601 1044 qui
627 1005 709 1036 sedit
733 1017 859 1038 menses
883 1015 1016 1051 septem,
1040 1012 1107 1044 dies
1132 1016 1256 1056 viginti.
1302 1018 1365 1050 Hic
1388 1032 1451 1052 non
1476 1034 1608 1063 veneno,
1633 1026 1688 1057 sed
1712 1029 1742 1058 vi

91 1052 122 1078 et
143 1047 224 1078 dolis
249 1049 462 1084 Hildebrandi
492 1054 552 1085 fuit
582 1056 713 1089 eiectus.
760 1058 836 1090 Post
859 1060 1068 1094 Benedictum
1095 1065 1265 1101 Nicolaus.
1295 1071 1348 1112 qui
1373 1073 1456 1104 sedit
1487 1077 1578 1107 annis
1606 1077 1741 1115 duobus,

91 1100 253 1131 mensibus
277 1112 349 1143 seiz,
374 1103 488 1136 diebus
513 1107 626 1146 viginti
651 1110 803 1152 quinque.
852 1112 955 1144 Huius
986 1121 1130 1158 tempore
1155 1119 1396 1153 Hildebrandus
1426 1127 1580 1166 predictis
1612 1130 1739 1161 duobus

88 1150 300 1184 familiaribus
319 1155 384 1185 suis
401 1158 571 1196 pecuniam
596 1170 685 1190 suam
710 1168 741 1192 et
757 1163 889 1194 consilia
906 1176 965 1196 sua
980 1170 1237 1210 communicavit,
1263 1179 1293 1204 et
1309 1185 1369 1215 per
1385 1187 1439 1206 eos
1458 1179 1585 1210 venales
1610 1181 1738 1223 linguas

41 1211 68 1230 κο
87 1202 257 1235 multorum
282 1205 343 1236 sibi
369 1210 575 1249 comparavit.
626 1211 667 1242 Et
689 1220 761 1254 post
792 1215 849 1245 hec
873 1215 1151 1262 Theophilactum,
1183 1224 1350 1266 antiquum
1377 1236 1492 1259 suum‘³
1518 1231 1680 1263 dominum
1707 1240 1738 1266 et

85 1255 284 1296 magistrum,
316 1257 518 1290 simulantem
548 1263 768 1305 penitentiam,
799 1266 898 1298 Leoni
924 1281 1027 1310 papae
1051 1272 1083 1302 in
1107 1273 1180 1304 dolo
1204 1277 1430 1318 reconciliavit,
1459 1288 1489 1312 et
1513 1283 1735 1325 Theophilacti

85 1306 217 1338 consilio
248 1314 279 1339 et
308 1309 447 1341 factione
478 1313 584 1353 ipsum
615 1326 731 1356 papam
765 1316 905 1350 Leonem
938 1327 1050 1353 contra
1077 1323 1295 1358 Nortmannos
1326 1331 1491 1365 animavit.
1536 1335 1639 1375 Igitur
1670 1336 1735 1368 Leo

84 1368 168 1399 papa
197 1370 309 1390 eorum
340 1361 452 1392 dolos?
480 1364 586 1396 minus
610 1366 792 1410 intelligens
822 1376 853 1401 et
876 1371 1011 1404 Romam
1044 1374 1208 1416 deserens,
1241 1379 1340 1421 Alpes
1369 1384 1532 1419 transivit,
1564 1392 1594 1417 et
1624 1388 1733 1420 multis
1756 1406 1818 1424 μω,

83 1409 267 1442 Teutonicis
292 1412 354 1443 sibi
377 1417 580 1456 aggregatiS,
605 1418 643 1448 ad
670 1422 906 1462 expugnandos
930 1424 1133 1458 Normannos
1157 1429 1291 1461 Romam
1317 1433 1412 1465 rediit
1439 1441 1486 1475 et,
1512 1437 1733 1471 Hildebrando

36 1467 62 1487 2⁵
81 1465 113 1492 et
128 1461 362 1504 Theophilacto
379 1465 618 1507 instigantibus.
642 1471 674 1501 in
692 1472 842 1513 Apuliam
865 1482 976 1506 contra
993 1477 1195 1511 Normannos
1220 1484 1376 1516 transivit.
1416 1486 1457 1517 Et
1481 1489 1556 1530 quia
1572 1489 1732 1533 Theophi

80 1511 181 1544 lactus
205 1522 299 1545 eumg
328 1518 496 1550 manifeste
519 1519 626 1552 ledere
655 1533 717 1553 non
748 1524 903 1565 audebat,
936 1528 1084 1561 simulato
1108 1531 1264 1574 obsequio
1294 1546 1366 1567 cum
1392 1549 1429 1568 eo
1453 1550 1603 1579 manens,
1633 1548 1663 1573 et
1687 1543 1731 1574 in-

79 1575 208 1605 gressus
237 1572 269 1597 et
292 1578 440 1608 egressus
471 1571 538 1601 eius
563 1574 750 1614 explorans,
775 1577 901 1619 singula
923 1590 982 1620 per
1004 1588 1143 1613 secretos
1171 1587 1307 1617 nuncios
1332 1589 1502 1622 intimabat
1525 1592 1729 1635 NorinanniS,

79 1620 109 1647 et
131 1617 163 1647 in
187 1628 300 1649 manus
323 1631 430 1651 eorum
458 1622 680 1655 Hildebrando
705 1626 846 1659 dictante
870 1630 976 1671 ipsum
1003 1643 1118 1674 papam
1144 1636 1285 1669 tradidit.
1339 1640 1389 1671 De
1417 1653 1552 1683 quorum
1578 1645 1726 1677 manibus
1749 1664 1812 1684 1053,

77 1669 131 1698 vix
155 1680 250 1711 papa,
273 1671 450 1704 interfectis
474 1685 530 1715 per
554 1677 772 1717 prodicionem
798 1680 1039 1724 Theutonicis⁵,
1062 1685 1225 1719 desolatus
1249 1693 1359 1722 evasit.

31 1725 58 1744 ³⁰
182 1721 230 1753 10.
275 1722 383 1755 Leone
406 1735 478 1766 post
495 1727 656 1759 modicum
677 1729 839 1772 defuncto,
857 1733 1109 1776 Theophilactus
1134 1739 1173 1769 de
1190 1748 1358 1781 parentum
1376 1747 1519 1786 potentia
1536 1758 1724 1788 presumens
1746 1766 1809 1785 nsi.

77 1771 250 1803 Romanam
267 1774 468 1816 aecclesiam,
493 1789 588 1820 quam
606 1781 696 1822 prius
719 1784 842 1814 tociens
858 1794 1043 1827 vexaverat,
1067 1789 1184 1821 iterum
1202 1803 1320 1825 vexare
1338 1806 1399 1826 non
1417 1796 1548 1829 destitit.
1593 1800 1721 1832 Interim

75 1822 332 1865 Hildebrandus,
361 1838 463 1859 novus
487 1830 674 1871 P1·otheus⁶,
705 1835 796 1865 novis
829 1847 1017 1876 presumens
1042 1842 1376 1882 tergiversationibus.
1408 1848 1447 1879 de
1472 1849 1573 1881 Roma
1601 1852 1640 1882 ad
1666 1853 1722 1883 im—

74 1881 268 1916 peratorem,
299 1877 339 1908 de
362 1880 555 1922 imperatore
579 1883 618 1914 ad
644 1884 778 1916 Romam
803 1886 925 1929 absque
957 1891 1090 1922 consilio
1113 1893 1278 1927 Romanae
1308 1899 1484 1931 aecclesiae
1510 1901 1718 1935 discurrebat.

73 1925 114 1957 Et
136 1928 161 1957 si
186 1929 258 1970 quis
280 1929 361 1961 alius
384 1931 415 1961 in
439 1940 594 1974 papatum
618 1937 734 1977 quamh
758 1938 827 1979 ipse
844 1939 1024 1982 eligeretur,
1049 1944 1214 1985 predictus
1233 1948 1419 1981 Gerhardus
1437 1955 1628 1993 cognomine
1644 1955 1720 1986 Bra-

26 1981 53 2002 ³⁵
72 1982 173 2018 zutus,
196 1979 362 2013 familiaris
385 1984 463 2023 eius,
487 1985 516 2015 in
542 1985 632 2017 brevi
656 1987 744 2019 illum
768 2001 892 2021 veneno
915 1993 1102 2030 suffocabat,
1149 1998 1323 2041 Postquam
1341 2008 1447 2033 autem
1465 2004 1549 2035 sedit
1566 2005 1717 2037 Nic-olaus
1740 2021 1803 2040 iuss.

70 2039 164 2072 papa,
179 2030 430 2073 Hildebrandus,
456 2037 530 2078 quia
547 2044 699 2079 papatum
717 2040 854 2082 adipisci
879 2054 940 2074 non
959 2047 1073 2085 potuit,
1097 2047 1136 2078 ad
1153 2050 1448 2085 archidiaconatum
1474 2066 1603 2098 quoquo
1622 2058 1715 2089 modo

69 2081 303 2115 invadendum*
324 2097 357 2116 se
375 2089 542 2120 convertit.
586 2089 629 2121 Et
644 2090 819 2131 Manciam,
842 2099 918 2126 tunc
934 2097 1194 2131 archidiaconum
1213 2101 1376 2136 Romanae
1399 2106 1582 2148 aecclesiae,
1608 2109 1714 2140 multis

68 2132 192 2165 iniuriis
219 2135 336 2168 afflixit
364 2143 395 2169 et
424 2140 661 2182 circumveniffl,
695 2145 748 2185 qui
782 2146 887 2177 victus
917 2150 1117 2182 contumeliis
1145 2157 1174 2183 et
1204 2152 1300 2195 dolis,
1331 2162 1361 2187 et
1394 2159 1530 2199 pecunia
1561 2159 1713 2203 deceptus

69 2183 289 2227 Hildebrandi‚
313 2189 353 2219 ad
371 2189 518 2222 ultimum
541 2195 708 2235 concessit,
733 2200 766 2226 ut
783 2196 1026 2231 Hildebrandus
1050 2203 1119 2234 vice
1143 2205 1210 2235 eius
1231 2207 1493 2240 archidiaconatu
1518 2210 1712 2253 fungeretur.

21 2239 48 2258 ⁴⁰
68 2234 138 2267 Hac
159 2240 367 2271 concessione
385 2241 628 2275 Hildebrandus
644 2252 781 2288 arrepta,
804 2248 970 2281 Nicolaum
995 2263 1111 2295 papam
1137 2267 1176 2287 ex
1202 2257 1376 2298 improviso
1399 2272 1581 2302 aggressus,
1606 2265 1711 2305 coegit

64 2287 288 2322 inverecundis
319 2293 470 2334 precibus
496 2300 527 2326 et
551 2297 644 2327 minis
668 2297 813 2338 militum,
843 2313 922 2343 quos
954 2306 1090 2345 pecunia
1122 2307 1301 2350 collegerat,
1334 2317 1453 2342 metum
1479 2314 1573 2344 etiam
1600 2317 1709 2346 mortis

65 2338 257 2379 quibusdam
281 2344 479 2376 terribilibus
503 2347 793 2388 significationibus
818 2352 1019 2393 incutiendo,
1048 2363 1082 2388 ut
1105 2369 1176 2389 eum
1201 2360 1463 2394 archidiaconum
1490 2365 1651 2399 ordinaret
1680 2376 1709 2399 et

172 2446 201 2475 a)
220 2447 274 2473 inv.
295 2452 321 2473 et
341 2458 363 2474 c,
384 2449 412 2474 S.
490 2452 515 2480 b)
540 2462 572 2477 m.
595 2454 612 2478 l.
633 2455 659 2478 in
680 2456 707 2480 it.
731 2456 754 2479 9.
776 2458 802 2480 S.
875 2465 901 2486 c)
922 2460 954 2483 ab
976 2470 1006 2483 en
1029 2470 1051 2486 o.
1073 2464 1098 2487 Ν.
1167 2465 1194 2494 <ly
1218 2466 1333 2490 XXVIII
1354 2470 1377 2492 2.
1400 2468 1427 2494 5.
1495 2470 1520 2497 οὶ
1542 2472 1567 2495 d.
1589 2483 1608 2496 >A
1631 2474 1655 2497 2.
1678 2474 1705 2497 15.

63 2488 85 2520 f)
104 2489 143 2515 ita
163 2490 205 2522 S.;
226 2493 286 2519 dolo
310 2497 333 2520 1.
355 2497 379 2520 ⁴2.
454 2504 481 2529 gl*
505 2507 538 2523 m.
561 2510 582 2524 ν.
604 2500 628 2525 2.
650 2500 677 2526 5.
755 2502 780 2526 h}
805 2512 826 2527 (κ
849 2514 872 2536 q.
895 2506 911 2529 i.
934 2506 957 2530 2.
978 2508 1004 2531 ‚5.
1081 2510 1101 2533 i»
1122 2511 1293 2536 invalendum
1317 2514 1339 2537 1.

167 2590 195 2623 1)
226 2591 270 2624 Cf.
293 2593 398 2619 Bonizu
427 2595 446 2621 l.
469 2596 487 2621 l.
513 2606 544 2630 p.
570 2598 639 2625 587.
686 2599 783 2626 Erum
814 2601 842 2628 V.
867 2604 969 2629 Leonis
998 2615 1043 2640 ap.
1075 2607 1221 2634 walterich
1252 2610 1273 2641 l,
1301 2620 1331 2644 p.
1357 2612 1405 2638 96.
1432 2613 1479 2640 5³7.
1605 2617 1620 2641 ‘2
1659 2618 1701 2649 (ss.

67 2688 95 2721 V,
114 2699 145 2723 p.
165 2692 231 2720 134.
355 2696 383 2724 4)
412 2698 457 2723 De
486 2700 564 2725 euius
593 2702 664 2727 obitu
694 2702 731 2734 cf.
756 2700 863 2738 Jlmtpt,
888 2706 1061 2740 ‘Zeitsclirift
1079 2709 1133 2741 siir
1158 2711 1312 2738 Deum-hes
1335 2715 1495 2741 Alter-clauus
1522 2718 1603 2745 Xll'.
1625 2728 1653 2751 p.
1676 2721 1699 2745 l.

61 2740 91 2775 5)
112 2742 158 2769 De
173 2753 273 2779 puyna
298 2747 462 2774 Civitatensi
484 2751 616 2785 loquitur.
732 2754 760 2787 6)
785 2756 899 2782 Proteus
922 2758 1004 2785 eliam
1030 2769 1046 2785 a
1073 2761 1197 2787 Benzone
1220 2765 1258 2789 ad
1282 2765 1442 2792 Ileiwricum
1468 2768 1530 2801 imp.
1555 2768 1600 2795 ΓΙ,
1625 2779 1647 2796 ε,
1673 2770 1698 2796 G.

60 2799 85 2818 v.
104 2793 140 2819 10
164 2794 232 2826 (SS.
250 2797 304 2830 XI,
325 2808 355 2832 p.
375 2800 450 2834 6136)
473 2801 586 2830 dieitur.
620 2804 652 2831 S.
742 2806 770 2838 7)
796 2807 839 2840 Cf.
864 2811 933 2834 Aeta
960 2810 1064 2837 Concil.
1093 2811 1271 2840 Bri-rincum&
1293 2817 1311 2842 l.
1330 2817 1348 2843 l.
1370 2827 1399 2851 p.
1422 2818 1488 2844 134.

16 2587 43 2606 45

0 2632 2 2711 ἱ
69 2637 145 2665 Wt‘do
167 2641 284 2669 Feri-ar.
309 2645 349 2678 II,
372 2646 390 2671 l.
409 2656 431 2672 c.
453 2656 483 2680 p.
502 2648 571 2675 554.
639 2650 669 2683 3)
695 2651 738 2683 Cf.
763 2653 900 2679 decretum
926 2657 1037 2683 concilii
1061 2658 1254 2693 llriaez'neasis;
1279 2662 1362 2694 Juffe',
1391 2664 1464 2690 nihl.
1490 2674 1543 2693 rer.
1569 2667 1700 2694 Gay-mv.

1 2801 24 2902 ξ,
1411 2872 1462 2895 w

3 2907 5 2923 ι

3 2928 5 2954 Ι

4 3043 7 3061 1
