2101 3072
431 155 619 182 GOFFRIDI
642 154 807 182 ABBATIS
834 154 1135 182 VINDOCINENSIS
1159 155 1346 182 LIBELLUS
1369 155 1420 183 III.
1688 151 1747 181 68?

750 244 999 281 LIBELLUS
1026 245 1093 280 III.

228 311 531 356 [TRACTATUSa
557 312 703 343 DOMNI
729 312 971 354 GJJFFRIDI]
997 312 1189 343 ABBATIS
1216 312 1277 343 DE
1301 313 1615 344 ORDINATIONE

379 363 697 395 EPISCOPORUM
723 364 779 394 ET
807 363 864 393 DE
890 363 1191 395 INVESTITURA
1217 363 1474 407 LAICORUM]

207 424 398 467 G[offridus]
424 423 674 455 Vindocinensis
705 425 890 455 monasterii
922 424 1072 454 humilisb
1103 435 1213 455 servus
1246 424 1389 455 dilecto*
1419 424 1508 455 fratri
1540 431 1570 455 et
1601 425 1750 456 coabbati

69 489 82 508 5
104 476 281 518 B[ernerio]
311 475 507 506 honorabilis
532 477 616 507 vitae
639 477 709 506 viro
739 475 928 506 catholicam
961 475 1057 506 fidem
1089 480 1155 506 toto
1186 476 1281 507 corde
1313 475 1456 517 diligere,
1488 481 1518 507 et
1548 487 1602 507 eos
1634 477 1688 517 qui
1720 477 1748 506 ei

101 527 326 560 contradicunt
350 528 425 558 totis
449 527 571 558 viribus
595 528 796 568 impugnare.

210 579 344 610 Vestrae
361 579 526 620 petitionis
550 584 581 610 et
604 589 693 610 meae
718 579 940 620 promissionis
965 589 1027 609 non
1052 580 1230 617 immemor,
1255 580 1280 609 si
1304 589 1366 609 non
1392 584 1425 609 ut
1449 579 1555 618 debui,
1580 579 1691 610 saltem
1716 584 1751 610 ut

102 631 202 674 potui,
231 631 389 672 temptavi
413 630 537 661 solvere
561 635 592 661 et
615 630 700 672 quod
725 642 744 661 a
766 630 857 661 vobis
881 631 1061 672 quaesitum
1087 636 1134 660 est
1157 636 1189 661 et
1211 641 1230 660 a
1253 642 1304 661 me
1328 631 1533 672 promissum,
1563 630 1602 661 de
1626 630 1750 661 ordina-

101 683 188 714 tione
204 682 358 713 videlicet
381 683 526 724 episcopi
550 687 582 713 et
606 682 645 713 de
669 683 860 712 investitura
882 681 1047 712 laicorum.
1083 681 1236 724 Inprimis
1255 682 1387 713 firmiter
1403 682 1533 713 credere
1552 693 1609 712 nos
1626 688 1752 724 oportet

56 746 84 766 ιο
102 740 133 766 et
162 733 342 765 nullatenus
373 733 532 773 dubitare,
564 740 599 764 ut
630 733 904 775 quemadmodum
938 733 1118 774 baptismus
1149 733 1355 764 christianum
1387 734 1471 770 facit,
1503 734 1546 764 ita
1576 733 1689 764 electio
1720 739 1751 764 et

102 786 303 817 consecratio
331 785 410 817 facit
439 787 640 827 episcopum,
670 791 701 816 et
728 787 813 816 sicut
835 785 1034 826 impossibile
1058 791 1106 816 est
1130 786 1197 816 sine
1221 785 1417 826 baptismate
1441 786 1648 816 christianum
1672 785 1751 825 fieri,

101 838 147 869 ita
175 843 224 869 est
251 837 452 879 impossibile
482 838 670 879 episcopum
701 838 768 868 sine
798 837 953 868 electione
981 842 1013 867 et
1043 837 1286 868 consecratione
1316 837 1427 868 creari.
1473 837 1529 867 Inc
1553 837 1753 868 ordinatione

103 890 248 932 episcopi
271 889 386 921 electio
409 894 441 920 et
464 889 663 919 consecratio
687 889 733 919 sic
749 894 797 920 est
814 895 947 930 utraque
964 889 1156 929 necessaria,
1181 888 1266 930 quod
1284 889 1483 920 consecratio
1507 889 1575 919 sine
1599 889 1753 920 electione

103 946 135 972 et
157 942 225 972 sine
248 941 489 972 consecratione
519 940 631 972 electio
660 941 848 982 episcopum
874 940 980 971 facere
1005 939 1072 971 sola
1095 951 1158 970 non
1183 940 1349 971 suffieitssss.
1395 939 1568 971 Sciendum
1593 951 1670 971 vero
1694 946 1752 979 est,

57 1005 83 1024 15
103 992 190 1036 quod
214 992 264 1024 hic
287 992 338 1024 vel
361 992 558 1034 ubicumque
581 992 621 1023 de
645 992 800 1023 electione
827 992 973 1033 episcopi
1002 993 1119 1033 agitur,
1149 992 1336 1022 canonicam
1366 1003 1499 1022 necesse
1528 998 1578 1022 est
1605 999 1636 1023 et
1659 1004 1754 1023 euan-

102 1044 238 1086 gelicam
263 1043 475 1076 electionemd
498 1043 646 1086 intelligi,
673 1050 708 1075 ut
731 1044 786 1086 qui
811 1045 891 1075 bene
914 1043 1032 1074 electus
1056 1050 1104 1074 est
1126 1049 1157 1074 et
1179 1044 1262 1074 iuste
1285 1049 1498 1075 consecretur.
1544 1043 1696 1085 Alioquin
1720 1045 1755 1074 fit

104 1096 284 1139 quaedame
313 1107 414 1138 prava
437 1095 598 1128 simulatio
627 1097 658 1126 in
689 1095 845 1127 aecclesia
868 1102 899 1126 et
921 1094 1201 1126 aecclesiasticaef
1225 1095 1394 1136 dignitatis
1417 1094 1522 1125 illusio
1552 1106 1614 1126 non
1644 1106 1753 1137 parva.

103 1147 187 1179 Nam
217 1148 412 1190 quicumque
444 1149 599 1179 canonice
629 1158 693 1178 non
725 1147 844 1178 electus
874 1147 966 1189 quasi
996 1147 1173 1178 sacrandus
1201 1147 1336 1185 accedit,
1366 1152 1536 1178 execratus
1566 1147 1694 1187 recedit,
1724 1153 1754 1179 et

102 1198 183 1231 falso
210 1200 396 1230 nominatur
418 1200 601 1241 episcopus,
632 1200 687 1242 qui
717 1198 883 1230 adnullare
915 1203 1049 1229 conatur
1075 1198 1242 1230 electionis
1265 1204 1295 1229 et
1319 1199 1569 1229 consecrationis
1599 1198 1755 1238 ordinem,

56 1265 84 1284 20
104 1262 200 1294 quem
221 1250 370 1283 Christus
394 1261 452 1292 per
475 1257 579 1282 semet
602 1251 707 1292 ipsum
732 1251 855 1292 primus
880 1251 1028 1281 instituit.
1067 1250 1142 1292 Ipse
1166 1250 1250 1280 enim
1275 1251 1398 1291 primus
1421 1255 1452 1281 et
1474 1249 1570 1291 elegit
1593 1249 1755 1291 apostolos

103 1308 135 1334 et
157 1304 367 1343 consecravit,
391 1314 472 1345 quos
495 1304 556 1334 nisi
580 1303 670 1344 prius
691 1301 808 1334 electos
825 1313 1014 1333 consecrare
1033 1313 1096 1333 non
1114 1301 1222 1332 voluit.
1257 1301 1329 1332 Hoc
1345 1306 1489 1332 sanctum
1507 1306 1754 1342 sacramentum,

103 1353 292 1386 electionem
316 1355 470 1387 videlicet
492 1360 524 1386 et
546 1355 820 1386 consecrationem
845 1353 1077 1396 apostolorum,
1101 1353 1250 1385 Christus
1274 1353 1397 1395 primus
1420 1354 1558 1395 primum
1583 1353 1669 1394 fecit,
1698 1365 1755 1395 per

104 1407 191 1448 quod
207 1412 333 1438 caetera
350 1407 462 1438 fierent
478 1411 690 1438 sacramenta.
735 1405 847 1437 Nullus
871 1411 977 1436 autem
1001 1404 1221 1448 apostolorum
1245 1404 1458 1446 apostolatum
1483 1405 1637 1435 audacter
1658 1415 1755 1446 appe-

104 1458 164 1498 tiit,
193 1458 297 1489 nullus
326 1470 437 1490 eorum
468 1470 501 1490 se
525 1458 729 1500 impudenter
753 1456 890 1499 optulit&
914 1457 1110 1498 eligendum.
1155 1463 1224 1487 Tota
1244 1463 1334 1495 itaque
1358 1462 1488 1487 ordinatio
1512 1463 1630 1494 episcopi
1652 1470 1706 1486 non
1727 1463 1754 1486 in

57 1520 84 1540 25
103 1521 162 1542 sua,
180 1513 229 1538 sed
249 1514 275 1537 in
289 1514 402 1538 aliorum
419 1513 553 1538 electione
568 1514 690 1538 consistit
711 1516 737 1536 et
758 1513 971 1543 consecratione,
991 1513 1013 1536 si
1035 1515 1123 1536 tamen
1143 1511 1217 1535 illam
1240 1512 1337 1536 electio
1358 1514 1431 1535 recta
1451 1512 1638 1543 praecesserit.
1678 1511 1754 1536 Haec

104 1564 193 1587 autem
216 1563 289 1595 prius
305 1571 353 1595 per
368 1565 453 1587 semet
467 1563 564 1594 ipsum,
590 1560 625 1587 ut
648 1555 768 1586 dietum
794 1562 852 1596 est,
877 1562 997 1586 Christus
1021 1561 1098 1591 fecit;
1123 1560 1218 1584 deinde
1235 1568 1299 1585 vero
1315 1561 1407 1584 vicarii
1423 1561 1488 1584 eius.
1527 1561 1562 1584 Et
1584 1561 1610 1584 in
1626 1561 1753 1592 apostolis

105 1611 213 1643 quidem
235 1620 251 1637 a
268 1611 374 1636 Christo
394 1611 468 1636 facta
488 1615 557 1639 suut,
578 1611 704 1643 quoniam
725 1611 759 1634 ab
781 1611 839 1642 ipso
860 1614 887 1635 et
907 1610 986 1635 electi
1008 1614 1034 1634 et
1055 1610 1206 1634 consecrati
1226 1609 1341 1633 fuerunt.
1380 1609 1412 1633 In
1432 1609 1493 1633 aliis
1514 1617 1575 1633 vero
1597 1609 1718 1633 omnibus
1739 1619 1754 1633 a

104 1658 186 1683 nullis
205 1657 267 1682 aliis
287 1657 344 1682 fieri
365 1657 438 1688 licet,
459 1658 510 1682 nisi
530 1665 546 1681 a
565 1658 673 1682 vicariis
689 1657 797 1681 Christi.
837 1657 905 1681 Sunt
925 1660 1012 1681 autem
1034 1657 1128 1680 vicarii
1144 1655 1242 1680 Christi
1263 1655 1355 1679 clerici
1376 1656 1402 1679 in
1424 1655 1567 1686 electione,
1589 1656 1708 1688 episcopi
1728 1657 1753 1679 in

105 1705 318 1729 consecratione.
347 1705 455 1729 Caeteri
469 1712 560 1728 omnes
574 1707 666 1736 petere
687 1703 795 1736 quidem
811 1704 967 1735 episcopum
988 1706 1106 1735 possunt,
1129 1702 1228 1733 eligere
1244 1709 1306 1726 vero
1321 1701 1362 1725 vel
1384 1710 1542 1726 consecrare
1563 1710 1615 1726 non
1635 1706 1755 1734 possunt.

56 1756 84 1776 3⁰
104 1751 273 1783 Quicumque
294 1751 377 1783 igitur
397 1751 450 1775 alio
466 1750 554 1781 modo,
576 1750 651 1782 quasi
672 1749 720 1774 sub
742 1750 848 1773 nomine
869 1748 1003 1781 pontificis
1024 1747 1185 1773 aecclesiam
1206 1747 1249 1771 vel
1270 1751 1429 1780 potestatem
1451 1748 1683 1772 aecclesiasticam
1705 1748 1754 1772 sibi

105 1797 243 1822 vindicare
263 1797 418 1830 praesumit,
440 1797 483 1821 hic
503 1797 555 1820 iam
577 1804 630 1820 non
650 1804 698 1828 per
712 1796 807 1819 ostium
829 1796 918 1823 intrat,
939 1795 986 1819 sed
1008 1794 1117 1818 aliunde
1137 1794 1269 1822 ascendit,
1290 1798 1318 1818 ut
1339 1795 1433 1818 merito
1454 1803 1507 1818 non
1526 1795 1595 1818 inter
1615 1795 1755 1826 episcopos

105 1849 284 1878 computetur,
307 1847 355 1871 sed
375 1847 445 1870 inter
467 1846 539 1870 fures
563 1848 590 1870 et
612 1845 729 1869 latrones
753 1838 989 1869 eonnumereturb.
1036 1838 1100 1868 Iste
1128 1836 1198 1867 aliis
1231 1836 1486 1868 benedictionem
1517 1849 1578 1868 non
1609 1838 1754 1878 porrigit,

107 1892 163 1923 sed
186 1897 321 1934 pestem,
350 1896 381 1923 et
404 1891 520 1922 vulnus
552 1891 660 1932 potius
690 1890 807 1921 inferre
830 1890 957 1920 videtur
985 1899 1081 1931 quam
1111 1888 1257 1929 salutem,
1290 1889 1342 1930 qui
1374 1894 1462 1920 tanta
1490 1890 1754 1931 praesumptione

226 1985 253 2024 *)
277 1997 328 2015 suo
352 1988 546 2023 praecordiali
571 1988 663 2014 amico
687 1987 773 2013 Petro
798 1986 906 2013 Leonis
930 1989 1048 2012 sanctae
1073 1986 1223 2012 Romanae
1248 1986 1390 2012 ecclesiae
1414 1986 1554 2012 cardinali
1579 1986 1701 2012 diacono
1723 1991 1754 2020 23

59 2047 86 2067 35
277 2040 429 2066 karissimo
455 2040 571 2066 domino
597 2043 626 2066 ot
647 2048 745 2074 praec.
771 2048 824 2064 am.
850 2039 881 2067 P.
905 2039 938 2065 L.
963 2048 985 2065 s.
1009 2038 1043 2064 R.
1069 2037 1138 2063 cccl.
1164 2037 1242 2063 card.
1266 2037 1352 2069 (diac.
1373 2036 1455 2071 deest)
1475 2037 1500 2061 3.

213 2089 256 2127 *-*)
278 2093 351 2118 Nam
383 2091 457 2118 sicut
486 2091 515 2117 in
546 2091 722 2126 baptismate
754 2099 830 2125 aqua
861 2093 890 2116 et
918 2090 1064 2116 invocatio
1095 2088 1219 2123 Spiritus
1251 2089 1343 2115 saneti
1373 2092 1439 2115 sunt
1469 2089 1648 2122 neccssaria,
1681 2098 1755 2124 quae

276 2143 389 2170 faciunt
411 2143 610 2179 christianum,
638 2143 679 2168 ita
702 2142 730 2168 in
755 2142 917 2168 ordinando
942 2141 1080 2175 episcopo
1106 2140 1210 2167 electio
1236 2143 1264 2166 ct
1288 2141 1468 2167 consecratio
1493 2143 1559 2166 sunt
1581 2141 1755 2167 necessitate

278 2195 441 2228 coniuncta,
467 2203 541 2229 quae
566 2197 666 2220 creant
689 2194 867 2228 episcopum.
913 2193 948 2218 Et
977 2192 1052 2218 sicut
1080 2201 1156 2227 aqua
1184 2192 1247 2218 sola
1279 2194 1328 2218 aut
1357 2192 1420 2218 sola
1447 2192 1632 2218 invocatione
1663 2193 1755 2218 sancti

277 2247 401 2281 Spiritus
425 2255 479 2273 nec
503 2246 664 2281 baptismus
688 2245 750 2271 fieri
774 2248 881 2279 potest,
905 2252 959 2270 nec
982 2243 1069 2269 homo
1094 2252 1157 2270 esse
1182 2244 1364 2276 christiamw,
1389 2244 1430 2269 ita
1453 2243 1516 2269 sola
1539 2243 1682 2270 electione
1707 2247 1756 2270 aut

58 2307 87 2325 40
278 2298 341 2324 sola
365 2298 585 2324 consecratione
608 2306 695 2323 nemo
720 2296 848 2323 ordinari
870 2295 915 2322 vel
938 2295 1001 2321 fieri
1018 2295 1096 2321 valet
1112 2295 1276 2330 episcopus.
1315 2295 1451 2329 Magnum
1469 2295 1584 2329 quidem
1602 2298 1631 2321 et
1645 2295 1755 2330 baptis-

278 2349 363 2375 matis
395 2353 423 2376 et
454 2349 606 2376 electionis
638 2353 667 2374 et
698 2347 926 2374 consecrationis
957 2346 1088 2381 episcopi
1117 2350 1344 2372 sacramentum:
1375 2347 1426 2373 scd
1456 2346 1527 2372 illud
1551 2343 1752 2373 solummodo*

276 2398 449 2435 praecepitk
469 2400 610 2436 Christus,
635 2403 663 2426 et
684 2400 740 2426 hoc
766 2399 825 2434 egit
847 2407 900 2433 per
922 2402 1013 2424 semet
1036 2398 1140 2432 ipsum.
1186 2399 1219 2424 In
1243 2398 1293 2424 illo
1319 2397 1509 2431 spiritualiter
1532 2402 1647 2424 creatur
1668 2398 1754 2425 homo

277 2455 306 2479 ct
329 2461 345 2478 a
368 2452 482 2479 Christo
512 2452 686 2478 christianus
718 2451 831 2479 dicitur,
869 2451 897 2476 in
929 2451 984 2476 isto
1015 2458 1083 2475 vcro
1115 2449 1247 2475 dominus
1271 2453 1302 2475 et
1324 2450 1483 2483 imperator
1505 2453 1619 2475 creatur
1643 2449 1753 2475 christi-

277 2512 407 2537 anorum,
432 2504 480 2538 qui
504 2512 562 2530 non
587 2503 679 2529 solum
703 2500 841 2529 vocatur¹
869 2502 1043 2528 christianus
1068 2510 1084 2527 a
1107 2501 1231 2534 Christo⁷
1256 2501 1307 2527 sed
1332 2501 1418 2527 etiam
1437 2500 1543 2527 Christi
1566 2501 1643 2527 vices
1668 2510 1754 2536 agere

59 2563 88 2583 45
277 2555 405 2582 creditur
426 2563 459 2578 m,
476 2555 491 2577 2
511 2554 539 2578 in
560 2563 644 2586 marq.
665 2554 728 2579 add.
752 2555 779 2584 13
799 2553 827 2577 in
848 2556 919 2577 textu
941 2553 964 2576 2.
986 2552 1011 2576 3.

218 2642 243 2673 a)
265 2642 407 2666 Tractatus
421 2642 598 2666 -1aicorum
619 2640 674 2666 cles.
698 2642 727 2671 1;
747 2640 814 2664 Item
835 2639 953 2664 eiusdem
974 2642 1103 2663 tractatus
1124 2639 1159 2662 ad
1178 2639 1285 2663 Petrum
1306 2639 1405 2664 Leonis
1424 2639 1545 2671 Romane
1566 2639 1677 2671 ecclesis?
1699 2647 1755 2662 car-

108 2687 224 2712 dinalem
245 2687 277 2712 de
299 2688 466 2712 ordinatione
489 2688 675 2720 episcoporum
696 2690 722 2710 et
742 2686 774 2710 de
795 2686 951 2710 investitura
971 2685 1099 2709 laicorum
1119 2684 1143 2709 2.
1201 2685 1229 2715 b)
1250 2685 1320 2709 deest
1335 2686 1359 2710 2.
1418 2686 1444 2715 c)
1465 2685 1545 2709 verba
1564 2685 1595 2709 In
1612 2699 1641 2701 —
1659 2685 1755 2709 sufficit

108 2734 201 2759 eadem
218 2742 302 2758 ‘manu
321 2734 349 2758 in
368 2742 452 2766 marq.
472 2734 559 2765 suppl.
581 2734 606 2757 3.
707 2732 733 2763 d)
757 2732 826 2756 elect
845 2732 872 2756 in
893 2732 946 2756 loco
966 2740 1028 2756 raso
1051 2733 1074 2755 1.
1177 2730 1202 2761 e)
1224 2731 1339 2764 quadam
1361 2731 1385 2755 3.
1485 2731 1507 2762 f)
1528 2731 1708 2763 ecclesiastice
1730 2732 1753 2754 2.

107 2781 137 2812 g)
157 2781 253 2805 obtulit
273 2780 297 2805 2,
318 2780 344 2805 3.
419 2780 449 2811 h)
470 2783 546 2804 entur
566 2788 634 2804 corr.
655 2788 688 2803 m.
712 2779 740 2809 13
759 2778 806 2802 sed
826 2787 843 2802 n
863 2778 914 2803 del.
933 2786 966 2802 m.
988 2778 1013 2803 2.
1037 2778 1060 2802 1.
1136 2777 1157 2808 i)
1178 2777 1250 2802 deest
1269 2778 1294 2802 3.
1376 2777 1406 2809 k)
1427 2780 1460 2802 et
1480 2785 1539 2809 per
1559 2777 1649 2801 aiios
1669 2777 1755 2801 facit

60 2829 88 2848 50
109 2826 173 2851 add.
195 2827 226 2857 ὃς
245 2834 335 2859 praee.
355 2839 391 2844 —-
410 2826 475 2851 facit
494 2826 548 2851 loco
568 2834 640 2850 raso.
717 2824 738 2857 l)
757 2833 886 2856 superscr.
911 2825 932 2850 1.

1775 1455 1878 1474 Libellus
1888 1455 1916 1479 n,

1803 1491 1824 1508 p.
1837 1485 1886 1504 684.

1776 1797 1926 1821 cf.10h.10,1.
