2132 3067
384 162 443 193 180
806 162 858 189 DE
880 161 1053 189 UNITATE
1075 159 1283 188 ECCLESIAE
1306 157 1602 187 CONSERVANDA.

380 266 441 297 quo
460 264 593 284 causam
614 252 766 283 Heinrici
789 254 987 292 susceperat,
1010 254 1092 280 certe
1110 253 1245 290 praeter
1269 259 1377 280 omnes
1391 247 1522 288 fratres
1545 258 1619 279 suos
1633 247 1786 290 florebat,
1809 248 1839 278 ei
1859 247 2027 288 monacho,

381 316 472 347 quem
489 306 699 345 suspicamur
715 302 864 334 coenobio
880 300 1107 342 Hersfeldensi
1125 300 1316 342 praefuisse
1331 299 1398 331 illis
1415 300 1526 340 annis,
1545 310 1607 341 per
1623 309 1704 340 quos
1721 299 1906 340 Hartviyus
1923 299 2028 330 archi-

380 357 554 397 episcopus
579 354 873 397 Maqdeburqensis
896 357 976 391 erat,
1006 356 1034 382 et
1057 352 1124 393 qui,
1154 352 1239 383 sicut
1262 363 1352 383 anno
1379 351 1468 383 1086.
1493 351 1537 382 ad
1560 362 1665 392 regem
1692 350 1933 381 Herimannum
1955 351 2029 382 mis-

381 418 437 438 sus
461 411 530 437 erat
553 406 615 446 (II,
639 418 664 437 c.
692 406 757 445 16),
784 406 829 435 ita
851 403 1012 446 legationi
1037 403 1193 434 Veronam
1217 404 1336 434 missae
1350 403 1499 444 fortasse
1518 401 1712 445 praefectus
1734 405 1812 432 erat.

486 457 621 487 Praeter
647 457 708 488 Izas
739 467 823 498 quas
851 455 1095 486 commemoravi
1125 466 1244 485 causas
1275 455 1357 485 mihi
1388 459 1563 486 occurrunt
1591 453 1710 493 nullae,
1739 452 1856 494 quibus
1889 463 2028 492 movear,

381 513 416 539 ut
454 508 651 539 lValranzum
685 509 875 550 episcopum
909 506 1191 547 Numburyensem
1228 505 1415 547 apoloyiam
1453 505 1626 546 scripsisse
1665 504 1867 535 contendam.
1929 504 2030 536 Nunc

383 565 489 591 autem
519 561 718 602 quaerimus,
749 570 826 590 num
858 558 939 600 quid
968 559 1025 596 sit,
1057 557 1143 599 quod
1174 568 1231 588 nos
1262 557 1421 598 impediat
1451 557 1569 595 dicere,
1607 555 1807 587 Walramum
1840 557 2030 597 scriptorem

382 612 482 642 liuius
512 611 590 642 libri
619 622 695 642 esse.
747 610 805 641 Est
835 609 963 652 quidem
994 608 1087 640 nihil.
1139 608 1227 639 Nam
1259 609 1443 640 Walramus
1464 608 1539 649 fuit
1567 608 1740 648 episcopus
1766 607 2031 648 Numburqensis

382 663 460 694 inde
484 674 504 694 a
526 673 632 693 mense
655 662 838 694 Februario
866 662 950 692 anni
975 660 1052 692 1091
1080 663 1133 700 (ut
1155 671 1260 701 supra
1285 660 1443 698 vidimus)
1467 670 1567 700 usque
1591 659 1635 690 ad
1659 670 1781 689 annum
1810 659 1886 689 llll
1903 664 1922 689 ¹.
1967 658 2031 690 De·

386 715 461 746 inde
492 719 602 745 notum
631 719 686 754 est,
722 714 922 744 Walramum
949 723 1072 743 summo
1096 712 1204 742 studio
1235 717 1348 752 partes
1374 711 1526 742 Heinrici
1548 711 1754 752 imperatoris
1783 714 1926 740 secutum
1955 721 2031 741 esse.

383 766 471 797 Nam
495 770 599 797 eaestat
627 767 696 796 eius
719 764 857 806 epistola
880 763 1043 805 quaedam
1067 763 1111 793 ad
1134 764 1277 794 comitem
1301 763 1502 794 Ludovicum
1525 762 1730 803 leurinqiae
1752 762 1849 802 infra
1871 761 2000 793 edenda
2010 766 2032 802 ²,

385 829 449 860 qua
473 829 542 849 eum
566 818 696 856 invitat,
726 822 761 847 ut
791 827 926 847 causam
950 816 1160 856 imperatoris
1185 815 1401 855 amplectatur
1423 819 1450 845 et
1474 825 1589 856 papae
1613 813 1750 844 deserat.
1802 813 1921 844 Eodem
1950 813 2032 844 libro

385 873 432 912 (p.
450 871 504 909 15)
522 870 560 901 cle
578 868 727 900 Anselmo
744 868 988 909 archiepiscopo
1008 866 1274 907 Cantabri-aiensi
1297 871 1479 897 narratur:
1502 865 1552 896 Ad
1569 864 1767 895 Walramum
1787 875 1915 907 quoque
1931 863 2032 895 Num·

384 921 578 962 burgensem
602 920 793 962 episcopum
819 918 858 950 de
882 918 1086 960 processione
1110 917 1250 959 Spiritus
1274 918 1375 948 sancti
1399 918 1529 958 scripsit
1551 916 1730 959 epistolam,
1760 917 1792 947 in
1815 917 1906 947 cuius
1929 915 2033 958 eapite

385 973 488 1014 ipsum
517 971 713 1002 walramum
738 971 936 1012 episcopum,
961 969 1118 1001 fautorem
1144 968 1286 1007 Henrici,
1310 968 1518 1000 vehementer
1540 969 1706 1010 redarguit
1728 973 1783 1000 etc.
1836 967 1939 1000 Cuius
1967 968 2033 1009 epi-

385 1025 485 1056 stolae
510 1025 641 1055 initium
665 1024 784 1054 severis
808 1021 912 1053 verbis
935 1021 1107 1063 plenisque
1129 1022 1359 1063 castz'yationis
1381 1021 1539 1062 scriptum
1565 1021 1620 1051 hoc
1648 1025 1709 1052 est:
1740 1019 1863 1051 Scienti
1895 1019 2034 1051 breviter

385 1075 508 1117 loquor.
555 1075 588 1105 Si
621 1081 726 1105 certus
758 1085 873 1113 essem,
904 1072 1106 1114 prudentiam
1136 1079 1277 1103 vestram
1310 1083 1372 1102 non
1404 1072 1512 1102 favere
1535 1072 1712 1103 successori
1736 1070 1811 1102 Iulii
1833 1071 1982 1102 Caesaris
2005 1075 2035 1101 et

385 1127 523 1159 Neronis
547 1132 578 1158 et
602 1126 715 1157 Iuliani
733 1126 912 1167 Apostatae
937 1130 1048 1155 eontra
1071 1135 1289 1155 successorem
1313 1131 1344 1155 et
1368 1124 1520 1154 vicarium
1546 1124 1631 1154 Petri
1654 1122 1802 1165 apostoli,
1825 1121 2034 1154 libentissime

386 1189 443 1209 vos
467 1183 502 1209 ut
525 1177 755 1209 amicissimum
781 1182 811 1208 et
834 1176 1044 1207 reverendum
1070 1177 1257 1218 episcopum
1279 1175 1482 1206 salutarem-³⁵.
1523 1175 1682 1217 Lepsius⁴
1704 1179 1812 1216 putat,
1834 1174 2033 1206 lValramum

386 1231 587 1262 consuluisse
611 1229 798 1260 Anselmum
823 1228 861 1258 (le
885 1228 1049 1258 erroribus
1073 1228 1225 1259 ecclesiae
1251 1227 1397 1258 Graecae
1421 1231 1449 1258 et
1471 1238 1510 1257 ea:
1533 1238 1568 1258 eo
1592 1227 1802 1268 quaesivisse,
1825 1237 1935 1257 nonne
1956 1231 2035 1257 tunc

386 1281 659 1313 accommodatum
683 1285 761 1311 esset
788 1284 912 1320 tempus
942 1279 1081 1310 tollendo
1109 1279 1286 1319 schismati,
1317 1279 1403 1320 quod
1431 1277 1583 1310 ecclesiae
1609 1278 1781 1309 Romanae
1809 1289 1879 1309 cum
1905 1277 2034 1309 Graeca

386 1335 621 1364 intercesserat.
670 1332 731 1363 Cui
753 1332 930 1362 sententiae
955 1332 985 1361 si
1009 1331 1267 1372 adstipulamur,
1290 1331 1448 1372 sequitur,
1472 1335 1506 1360 ut
1537 1330 1722 1361 lValramus
1746 1340 1811 1361 non
1834 1329 1934 1360 solum
1959 1329 2034 1361 uni·

387 1386 448 1415 tati
470 1384 620 1415 ecclesiae
644 1384 821 1423 Romanae,
851 1383 906 1413 sed
929 1384 1026 1413 etiam
1054 1383 1137 1423 paci
1160 1384 1245 1413 inter
1268 1387 1440 1422 utramque
1462 1382 1627 1412 ecclesiam
1651 1381 1873 1412 restituendae
1894 1382 2036 1412 maoeime

387 1447 520 1477 operam
541 1435 674 1465 dederit.
713 1435 799 1465 Nanz
822 1434 1022 1465 Walramum
1045 1433 1183 1476 epistola
1206 1445 1265 1464 sua
1291 1434 1335 1464 ad
1358 1434 1501 1464 comitem
1523 1433 1725 1464 Ludovicum
1741 1433 1822 1463 data
1839 1433 1925 1464 nihil
1942 1432 2037 1464 aliud

389 1487 598 1529 appetivisse,
627 1487 696 1517 nisi
724 1491 759 1516 ut
789 1487 902 1516 unitas
935 1487 968 1517 in
999 1486 1131 1517 ecclesia
1156 1486 1308 1516 Romana
1340 1487 1575 1523 restitueretur,
1605 1496 1644 1516 eae
1672 1486 1756 1526 ipsis
1785 1486 1855 1515 eius
1882 1483 2036 1525 epistolae

387 1538 492 1570 verbis
515 1537 624 1568 elucet.
674 1537 792 1568 Nonne
815 1539 899 1568 enim
923 1539 958 1569 in
983 1550 1021 1568 ea
1047 1538 1136 1568 nobis
1161 1541 1335 1567 occurrunt
1362 1536 1454 1567 rerba
1486 1536 1655 1576 IValrami‚
1684 1536 1801 1578 quibus
1824 1537 1966 1568 comitem
1991 1535 2036 1567 ad

384 1602 500 1632 pacem
524 1589 675 1620 ecclesiae
698 1589 893 1619 servandam
919 1588 1103 1631 compellit?
1129 1593 1181 1618 ut:
1206 1588 1291 1618 omni
1316 1598 1416 1628 regno
1441 1587 1525 1618 utilis
1550 1594 1599 1617 cst
1615 1587 1787 1618 concordia
1809 1592 1838 1619 et
1862 1587 1927 1619 alio
1951 1587 2037 1619 loco:

388 1641 437 1672 Tu
462 1641 568 1682 igitur,
591 1639 820 1681 gloriosissime
840 1641 1000 1682 princeps,
1024 1639 1204 1677 attendens,
1229 1639 1391 1681 quomodo
1408 1639 1498 1669 Deus
1520 1640 1608 1680 pacis
1625 1644 1720 1670 estet
1736 1650 1799 1669 non
1817 1638 2036 1679 dissensionis,

389 1692 475 1735 quod
500 1703 540 1723 ex
564 1697 594 1723 te
618 1698 675 1730 cst,
706 1701 818 1732 pacem
844 1702 915 1722 eum
943 1692 1090 1722 omnibus
1115 1691 1244 1722 habeas.
1295 1691 1366 1721 Iam
1390 1702 1464 1721 vero
1489 1691 1534 1722 ad
1558 1691 1646 1721 alias
1668 1690 1912 1723 similitudines.
1965 1689 2035 1727 Quo

389 1745 494 1775 utitur
516 1755 660 1775 sermone
682 1747 709 1773 et
732 1754 848 1784 9enere
872 1743 1014 1782 dicendi,
1044 1755 1132 1786 quem
1165 1747 1244 1774 tenet
1274 1743 1399 1773 modum
1431 1742 1629 1784 disputandi
1651 1747 1678 1773 et
1702 1742 1888 1774 disserendi
1910 1743 1946 1774 in
1969 1743 2036 1784 epi-

388 1795 470 1826 stola
500 1796 544 1826 acl
574 1795 773 1825 Ludovicunz
806 1796 903 1825 missa
936 1795 1129 1834 ll'alramus,
1159 1795 1284 1825 easdem
1316 1805 1364 1824 res
1393 1797 1540 1835 sequitur
1567 1795 1710 1835 scriptor
1736 1793 1814 1825 libri
1841 1795 1898 1836 qui
1926 1798 1971 1824 est
1997 1793 2036 1825 de

388 1848 514 1878 unitate
536 1847 686 1878 ecclesiae
709 1846 943 1876 conservanda.
996 1846 1134 1886 Deinde,
1158 1850 1193 1876 ut
1217 1846 1359 1876 omnium
1384 1847 1440 1887 qui
1464 1851 1541 1876 tunc
1564 1850 1658 1876 erant
1683 1845 1846 1876 hominum
1871 1846 2035 1877 doctorum

391 1899 633 1939 disputationes
657 1898 879 1928 auctoritatem
905 1898 1092 1938 scripturae
1115 1909 1230 1928 sacrae
1253 1897 1483 1937 seqiwbantur,
1507 1902 1602 1939 atque
1625 1908 1665 1927 em
1688 1909 1725 1928 ea
1749 1901 1945 1939 aryumenta
1961 1908 2038 1939 yra—

390 1951 524 1981 vissirna
549 1949 707 1989 petebant,
731 1950 777 1980 ita
794 1960 895 1990 neque
916 1949 1100 1979 ll'alramus
1122 1950 1158 1980 in
1183 1949 1241 1980 illa
1264 1949 1394 1988 epistola
1420 1960 1521 1990 neque
1543 1950 1686 1989 scriptor
1708 1948 1884 1991 apologiae
1905 1953 2037 1980 nostrae

391 2002 564 2043 quicquam
591 2001 754 2031 diuinitus
769 2006 877 2031 ratum
895 2000 1023 2040 liabent,
1046 2001 1134 2042 quod
1150 2012 1215 2031 non
1233 2000 1364 2031 ductum
1381 2001 1424 2031 sit
1441 2012 1480 2031 ez·
1494 2000 1652 2031 librorum
1668 2011 1837 2032 sacrorum
1854 2001 2036 2040 sententia,·

390 2053 446 2084 secl
474 2054 591 2083 mirum
621 2057 675 2090 est,
706 2053 794 2094 quod
816 2063 856 2082 ecc
877 2051 955 2083 locis
978 2062 1102 2091 novem,
1133 2064 1212 2095 quos
1243 2052 1429 2083 IValramus
1453 2063 1492 2082 ecc
1514 2053 1684 2093 scriptura
1708 2063 1807 2083 sacra
1835 2051 1940 2094 affert,
1970 2063 2035 2084 non

391 2105 500 2136 minus
524 2104 667 2146 quinque
690 2105 725 2134 in
749 2103 832 2135 libro
856 2104 894 2134 de
917 2104 1042 2134 unitate
1071 2104 1144 2135 eccl.
1169 2115 1256 2135 cons.
1280 2104 1483 2135 invenimus:
1510 2103 1602 2135 Rom.
1624 2103 1788 2144 13,1—2;
1821 2103 1912 2135 Rom.
1933 2103 1980 2144 10,
1995 2102 2036 2143 3,·

394 2157 420 2186 1.
445 2156 512 2187 Iolz.
535 2157 566 2195 4,
594 2155 651 2193 16;
678 2156 704 2186 1.
730 2155 798 2186 Iob.
821 2155 851 2195 3,
877 2156 935 2194 15;
961 2154 1034 2186 Gal.
1063 2157 1089 2196 1,
1111 2155 1140 2186 8.
1186 2155 1348 2196 Denique,
1371 2160 1406 2185 ut
1433 2155 1620 2186 lValramus
1645 2156 1677 2186 in
1702 2154 1761 2186 illa
1784 2153 1922 2196 epistola
1945 2155 2037 2195 dicit,

391 2207 477 2249 quod
500 2205 759 2246 Hildebrandus,
784 2207 990 2248 Rudolplzus,
1014 2207 1251 2247 Herimannus,
1275 2206 1485 2248 Eyyebestus,
1510 2207 1676 2238 innumeri
1693 2207 1874 2249 principes,
1897 2206 1956 2248 qui
1974 2205 2038 2237 Dei

392 2259 598 2290 ordinationi
628 2259 662 2289 in
687 2258 846 2289 Heinrico
876 2259 1070 2299 imperatore
1093 2259 1295 2298 restitissent,
1325 2263 1388 2289 tam
1409 2258 1512 2299 foede
1539 2259 1726 2299 periissent,
1756 2257 1871 2289 divino
1897 2257 2038 2300 quodam

391 2310 518 2341 iudicio
533 2310 666 2349 factum
690 2320 765 2349 esse,
788 2310 834 2340 ita
858 2310 995 2351 leqimus
1020 2311 1052 2341 in
1077 2310 1159 2341 libro
1182 2314 1290 2341 nostro
1313 2310 1383 2349 (lib.
1400 2310 1445 2350 II,
1469 2322 1494 2343 c,
1512 2310 1590 2350 35).·
1618 2308 1732 2352 Neque
1757 2309 1842 2341 enim
1870 2308 1925 2340 diu
1953 2309 2039 2340 eirca

392 2360 570 2402 Egbcrtum
596 2360 812 2391 marchionem
838 2360 916 2392 ultio
940 2361 1048 2392 divina
1073 2362 1220 2400 cessavit,
1243 2366 1271 2392 et
1296 2361 1365 2401 (lib.
1383 2361 1409 2402 I,
1427 2374 1452 2392 c.
1468 2361 1526 2400 3).-
1551 2372 1687 2403 quorum
1710 2371 1792 2392 unus
1809 2360 2038 2402 (Rudolpkus)

393 2413 424 2443 in
443 2411 562 2454 praelio
581 2411 711 2449 cecidit,
735 2411 815 2442 alter
831 2413 1094 2453 (Herimannus)
1119 2413 1149 2443 in
1174 2413 1415 2454 expugnatione
1439 2413 1533 2443 unius
1557 2412 1678 2444 castelli
1702 2411 1925 2444 miserabiliter
1947 2421 2037 2443 occu-

393 2463 472 2495 buit.
519 2464 592 2493 lam
617 2465 756 2505 scriptor
778 2465 951 2506 apoloyiae
982 2470 1111 2495 nostrae
1140 2464 1211 2503 (lib.
1236 2464 1281 2504 II,
1305 2477 1329 2495 c.
1354 2464 1401 2505 7),
1431 2470 1465 2494 ut
1491 2464 1738 2496 Hildebrandus
1767 2465 1803 2496 in
1832 2463 1931 2495 eccilio
1954 2463 2035 2495 diem

394 2526 577 2556 supremum
604 2515 712 2555 obiret,
736 2517 863 2546 iustitia
887 2516 1003 2546 divina
1028 2517 1233 2547 constitutum
1253 2516 1365 2557 fuisse
1383 2520 1481 2557 putat
1504 2520 1531 2547 et
1556 2516 1594 2547 de
1618 2515 1735 2558 Sergio
1764 2526 1947 2547 successore
1969 2515 2039 2546 eius

503 2615 529 2641 1}
560 2614 588 2640 V.
615 2615 716 2641 Clnron.
743 2615 820 2641 Citis.
840 2624 870 2648 p.
893 2615 964 2649 178;
996 2616 1143 2650 Scleo‘ttyen
1174 2620 1198 2642 et
1221 2617 1349 2650 Kreysiy,
1383 2616 1598 2650 Diplomataria
1621 2619 1645 2642 et
1666 2617 1818 2650 scriptores
1846 2615 1943 2643 histor.
1967 2614 2037 2642 Ger-

395 2666 506 2691 maniae
529 2666 612 2691 medit'
634 2667 698 2691 aet-i
720 2666 761 2699 II,
781 2675 811 2700 p.
835 2666 995 2692 154—156
1015 2666 1053 2700 C',·
1083 2668 1196 2694 Nccrot.
1215 2668 1378 2702 Bamber9.:
1401 2667 1438 2693 II.
1455 2667 1499 2694 Id.
1515 2667 1608 2702 April.
1632 2667 1797 2693 W'alramus
1819 2665 1949 2694 Cicensis
1977 2664 2037 2701 epi-

396 2725 501 2751 scopus
524 2717 623 2751 (Jaffe,
647 2717 721 2743 Bibt.
746 2717 774 2750 V,
797 2726 825 2751 p.
845 2717 930 2750 557).
1041 2718 1069 2751 22)
1094 2719 1215 2745 Annales
1239 2719 1270 2745 S.
1289 2719 1390 2751 Dieib„
1416 2720 1470 2746 SS.
1488 2719 1588 2751 XVII,
1609 2728 1639 2753 p.
1659 2719 1706 2746 10.
1815 2718 1846 2753 3)
1869 2719 1900 2746 S.
1917 2716 2038 2745 Amelmi

398 2767 489 2802 Opera
513 2769 555 2796 cd.
580 2768 731 2799 Gerberon,
759 2768 877 2794 l‘arisiis
903 2769 991 2800 1721,
1013 2778 1041 2802 p.
1063 2770 1131 2795 135.
1208 2770 1238 2803 4)
1263 2770 1433 2797 ‘Gescliichte
1455 2771 1506 2797 der
1528 2770 1662 2804 Bischofe
1684 2771 1731 2797 des
1754 2769 1911 2802 Hochstifte
1931 2769 2040 2796 Naum-

395 2819 465 2854 burq
488 2828 538 2846 vor
560 2820 610 2845 der
633 2819 844 2852 Resormation’,
872 2820 960 2852 1846,
982 2829 1012 2853 p.
1031 2820 1080 2848 31.

2053 719 2079 738 1⁰

2055 977 2080 996 1⁵

2055 1237 2082 1257 20

2055 1495 2083 1515 2⁵

2055 1751 2084 1772 ³⁰

2055 2009 2084 2030 ³⁶

2055 2267 2086 2287 4⁰

2055 2523 2087 2544 45
