2101 3072
486 139 671 166 GOFFRIDI
697 140 864 167 ABBATIS
890 140 1187 168 VINDOCINENSIS
1210 141 1373 168 LIBELLI.
1690 137 1750 168 677

106 228 344 259 transscendit¹
370 233 418 258 ter
442 229 475 258 in
500 229 552 259 liis
577 229 760 268 itineribus,
785 231 856 270 ipso
880 235 1025 270 testante,
1047 235 1175 270 captus,
1198 229 1300 261 multa
1324 230 1412 261 mala
1433 241 1557 272 passus
1579 235 1632 262 est.
1674 230 1751 261 Non

107 278 199 310 semel
221 278 392 310 duodecim
423 285 481 310 aut
503 281 654 311 tredecim
676 280 771 311 milia
795 281 975 312 solidorum
997 293 1030 312 se
1060 283 1095 312 in
1119 282 1305 321 beneficium
1331 282 1500 312 Romanae
1523 282 1675 312 ecclesiae
1699 293 1752 312 eae-

106 330 259 372 pendisse
277 331 482 372 profitetur2.

211 381 250 412 A.
274 382 362 421 1095,
386 381 469 413 Νου.
488 382 621 413 18-28.
646 382 783 414 concilio
810 383 1061 414 Claromontano
1085 385 1253 422 adstitit³;
1283 385 1428 425 sequenti
1452 396 1551 424 anno,
1575 383 1643 415 scil.
1664 385 1753 424 1096,

75 446 87 465 ⁵
107 433 287 464 Februario
316 445 423 463 mense
460 433 628 474 Urbanus,
665 435 722 476 (lui
751 434 896 465 abbatem
926 437 1023 476 quasi
1061 437 1194 466 unicum
1218 435 1330 475 fllium
1360 435 1506 475 ‹lileaeit⁴‚
1544 436 1656 476 plures
1685 436 1754 466 dies

113 484 285 515 Vindocini
317 490 463 515 moratus
498 491 552 523 est,
586 486 643 516 ubi
677 487 869 526 crucifixum
905 488 1138 518 consecrauits.
1184 487 1286 517 Paulo
1319 492 1390 527 post
1423 487 1548 529 synodo
1578 486 1754 518 Sanctensi

107 534 287 576 inter-fuit‘.
333 536 373 567 A.
393 536 484 575 1198,
508 537 592 568 Nov.
607 537 657 569 24.
689 537 842 568 Urbanus
858 538 902 568 II.
927 539 1094 568 ecclesiam
1118 538 1152 569 S.
1170 538 1304 569 Priscae
1328 544 1512 579 ceterasque
1530 540 1754 579 possessiones

105 589 223 619 iterum
239 587 473 627 confirmaviffl.
518 588 632 630 Neque
656 589 765 619 minus
781 589 948 629 Pasclzali,
972 591 1026 620 cui
1050 595 1116 620 octo
1133 590 1283 631 epistolas
1299 591 1444 631 scripsit,
1459 590 1650 630 familiaris
1673 595 1753 620 erat.

107 639 146 670 A.
164 639 256 679 1102,
279 639 380 670 Mart.
395 639 443 670 12.
467 641 538 670 sine
562 641 660 671 dubio
684 641 807 682 synodo
824 641 995 671 Romanae
1019 640 1125 682 affuit,
1149 653 1221 672 cum
1245 642 1297 672 die
1309 642 1525 682 praecedente
1538 641 1751 682 privileyium

62 702 87 721 ιο
105 690 315 732 apostolicum
342 691 481 732 adeptus
504 696 613 722 esset&
658 691 840 723 Nonnullis
868 695 968 723 annis
989 698 1074 734 post,
1103 693 1222 732 (1107)
1252 704 1358 723 mense
1381 693 1495 734 Aprili
1518 694 1659 733 ineunte,
1688 693 1755 723 nisi

97 741 218 784 fallor,
250 742 435 782 Pasclzahs,
464 745 500 774 in
532 745 730 774 monasterio
763 743 910 785 Goffredi
938 744 1160 783 morabatur-⁹,
1192 756 1263 774 cum
1302 744 1436 775 Turonis
1469 744 1646 775 Carnotum
1674 756 1752 785 pro-

100 794 328 834 fiscisceretur.
380 795 446 825 Sed
478 796 627 826 amicitia
668 807 750 837 quae
783 796 868 826 inter
901 801 1069 837 utrumque
1098 797 1277 826 intercessit
1307 796 1449 827 abbatem
1486 808 1550 826 non.
1576 796 1754 836 impedivit,

106 846 278 888 quominus
287 846 390 886 fldem
413 846 605 877 catholicam
630 851 657 877 et
674 847 826 878 ecclesiae
843 848 1035 889 dignitatem
1052 847 1161 888 pluris
1177 849 1362 878 aestimaret
1378 848 1497 878 bonore
1510 859 1622 888 papae
1639 847 1753 877 debito.

109 897 187 929 Cum
209 898 295 928 enim
318 897 491 928 Paschalis
508 898 552 928 II.
577 910 607 930 a.
627 900 717 930 llll.
742 899 900 930 Heinrico
919 899 950 930 V.
969 900 1183 940 privileyium
1207 900 1377 940 episcopos
1400 899 1597 930 investiendi
1620 899 1754 929 necessi-

61 959 86 979 ιε
106 953 169 980 tate
197 953 328 980 coactus
357 951 576 988 concessisset,
613 950 786 991 Goffredus
819 962 941 992 papam
975 951 1246 981 vehementissime
1273 951 1471 992 perstrinoeit
1502 950 1661 990 (Libellus
1690 949 1753 988 L).-

106 1001 306 1042 vituperavit
333 1012 402 1031 eum
427 1001 520 1041 filios
550 1013 626 1032 suos
656 1003 816 1044 ‘martyrio
845 1003 1060 1042 subtraxisse,
1087 1003 1283 1043 postulavit,
1314 1007 1348 1032 ut
1383 1003 1469 1043 quod
1487 1003 1623 1042 fecisset
1655 1011 1752 1041 quam

107 1053 268 1083 celerrime
297 1058 509 1084 revocaret¹⁰.
560 1053 712 1084 Attamen
744 1065 764 1083 a
794 1054 1004 1095 praesulibus
1036 1053 1177 1084 Gallicis
1207 1056 1398 1085 commoveri
1426 1065 1491 1084 non
1522 1054 1638 1094 potuit,
1668 1057 1702 1082 ut
1733 1064 1752 1082 a

106 1103 262 1135 Paschali
292 1104 438 1143 dejiceret
462 1105 553 1145 eique
577 1105 812 1136 oboedientiam
843 1110 1066 1143 recusaret¹¹,·
1096 1107 1192 1136 immo
1225 1106 1257 1136 in
1289 1106 1362 1146 ipso
1387 1117 1475 1136 anno
1501 1106 1591 1136 1111.
1615 1104 1752 1135 Romam

104 1156 269 1196 profectus
300 1167 366 1186 esse
398 1157 571 1196 videtur¹²,
596 1162 630 1187 ut
656 1167 786 1197 papam
818 1157 862 1187 ad
886 1157 1101 1199 privilegium
1132 1157 1394 1198 recuperandum
1426 1158 1618 1188 admoneret.
1665 1155 1754 1185 Inter

59 1220 86 1239 ιο
106 1219 136 1238 α.
167 1207 399 1239 1116-1118.
436 1208 608 1239 Rainaldo
651 1210 805 1250 episcopo
846 1209 1082 1250 Andeqavensi
1122 1209 1288 1250 epistolam
1325 1209 1458 1249 scripsit
1499 1208 1658 1247 (Libellus
1689 1207 1753 1245 II),

106 1270 171 1300 qua
202 1270 285 1300 quae
314 1260 477 1299 insidiae,
508 1261 566 1302 qui
597 1260 754 1291 tumultus
786 1261 821 1290 in
853 1259 1004 1290 electione
1036 1260 1126 1290 illius
1157 1261 1413 1291 intercessissent
1451 1271 1574 1291 necnon
1605 1259 1686 1300 quid
1715 1258 1753 1287 de

104 1311 302 1341 investitura
325 1311 487 1342 laicorum
508 1312 703 1342 censendum
723 1316 816 1352 esset,
831 1312 950 1352 fusius
975 1312 1170 1352 eaeposuitw.
1217 1311 1349 1343 Similia
1375 1311 1534 1352 (Libellus
1557 1311 1628 1351 III)
1647 1309 1752 1352 paulo

99 1366 186 1403 post,
210 1362 324 1403 a.fere
344 1364 434 1403 1119,
458 1364 496 1394 de
513 1363 699 1405 quaestione
722 1362 780 1394 illa
801 1365 1012 1394 investiturae
1029 1363 1191 1394 Bernerio
1209 1363 1320 1394 abbati
1337 1362 1751 1404 Bonaevallensifamilia-

103 1414 232 1444 rissimo
255 1414 536 1446 denionst⁷·avit¹⁴.
588 1415 705 1446 Postea
730 1426 801 1446 cum
826 1414 958 1446 Gelasio
983 1420 1108 1445 mortuo
1133 1414 1243 1446 Guido
1267 1416 1537 1456 archiepiscopus
1562 1414 1753 1445 Viennensis

57 1479 83 1498 25
103 1467 140 1496 in
165 1464 279 1496 Gallia
299 1466 453 1507 pontifeoe
476 1466 649 1497 Romanus
672 1467 847 1497 ordinatus
870 1471 964 1506 esset,
995 1466 1181 1507 GoffricIuS,
1204 1478 1267 1508 quo
1287 1468 1513 1508 propinquior
1537 1477 1618 1497 novo
1640 1477 1753 1507 papae

103 1517 171 1547 iam
201 1522 298 1548 antea
318 1518 481 1558 fuerat¹⁵,
511 1530 545 1549 eo
568 1520 675 1560 mayis
698 1519 791 1549 rebus
814 1519 956 1558 publicis
980 1517 1169 1559 implicatus
1193 1530 1258 1549 esse
1281 1519 1420 1549 videtur.
1467 1518 1630 1558 Sperabat
1658 1518 1752 1548 etiam

103 1579 135 1599 se
157 1569 323 1600 ecclesiam
347 1569 458 1600 beatae
481 1570 631 1608 Priscae,
656 1582 740 1612 quae
765 1570 926 1601 interdum
952 1569 992 1600 ab
1017 1569 1095 1600 aliis
1119 1575 1282 1610 occupata
1306 1575 1390 1610 erat,
1409 1581 1472 1610 per
1497 1569 1663 1602 Calioetum
1686 1580 1752 1600 esse

103 1626 316 1662 receptarum.
364 1620 442 1653 Cum
468 1622 572 1663 igitur
597 1621 748 1653 Galia-tus
767 1626 843 1662 post
873 1622 1053 1652 electionem
1078 1621 1224 1652 Galliam
1244 1627 1453 1663 perayraret,
1477 1621 1577 1652 abbas
1607 1620 1752 1651 Vindoci-

104 1673 215 1703 nensis
244 1673 281 1703 in
313 1678 471 1704 autumno
503 1685 534 1704 a.
560 1674 658 1713 1119,
689 1678 724 1704 ut
756 1674 893 1712 videtur,
923 1674 953 1704 ei
984 1674 1137 1704 occurrit.
1191 1673 1279 1714 Sept.
1303 1673 1332 1704 7.
1365 1674 1466 1704 altari
1493 1673 1528 1704 S.
1552 1673 1683 1703 Mariae
1714 1673 1752 1703 de

55 1781 82 1799 so
213 1775 240 1809 1)
264 1775 392 1801 Honorio
420 1776 534 1808 scripsit
556 1775 592 1809 (I,
620 1775 687 1809 14).-
716 1778 838 1809 propter
865 1774 1020 1800 utilitatem
1044 1775 1192 1801 Romanae
1223 1775 1375 1808 ecelesiae,
1405 1784 1459 1809 pro
1491 1783 1547 1809 qua
1576 1778 1620 1800 ter
1650 1778 1751 1808 eaptus

104 1834 166 1852 sum
189 1829 218 1852 et
240 1829 285 1852 ter
308 1829 411 1861 quater
433 1825 654 1861 transalpinavi.
728 1826 759 1858 2)
782 1826 876 1860 Epist.
902 1827 926 1861 l,
951 1827 979 1852 8.
1005 1827 1042 1852 ad
1065 1827 1244 1852 Pasckalem:
1267 1827 1345 1861 quod
1367 1830 1521 1861 postquam
1545 1826 1750 1852 monasterium

105 1877 264 1912 regendum
287 1877 412 1912 suscepi,
442 1877 582 1904 tredecim
612 1876 703 1903 millia
732 1877 891 1903 solidorum
914 1881 1032 1904 nostrae
1056 1881 1190 1904 monetae
1214 1878 1242 1903 in
1266 1878 1415 1904 Romanae
1439 1877 1581 1904 ecclesiae
1604 1877 1751 1903 servitium

105 1929 246 1963 expendi3
281 1930 361 1963 epist.
386 1930 410 1962 I.
435 1930 469 1955 9:
499 1929 528 1954 in
552 1928 670 1955 servitio
694 1929 843 1955 Romanae
873 1929 1015 1955 eeclesiae
1045 1929 1168 1963 amplius
1193 1938 1278 1963 quam
1303 1929 1455 1956 duodecim
1479 1929 1569 1954 millia
1592 1928 1750 1954 solidorum

104 1984 204 2007 nostra
226 1984 385 2015 paupertas
410 1981 562 2015 expendit:
586 1981 666 2015 epist.
683 1981 708 2013 J,
730 1981 775 2008 13.
801 1982 839 2007 ad
864 1981 1021 2007 C'atiztum:
1045 1980 1169 2014 amplius
1193 1989 1277 2015 quam
1302 1981 1455 2007 duodecim
1479 1980 1569 2006 millia
1592 1979 1750 2006 solidorum

57 2039 83 2058 ss
105 2035 171 2058 ante
194 2041 246 2059 vos
270 2036 300 2059 et
322 2033 351 2058 in
375 2036 506 2067 tempore
529 2035 636 2065 vestro,
666 2032 742 2067 quod
766 2032 857 2058 valuit
879 2035 994 2058 eentum
1018 2040 1129 2058 marcas
1153 2032 1276 2066 argenti,
1300 2036 1399 2058 nostra
1422 2036 1580 2066 paupertas
1604 2031 1750 2066 expendit.

103 2085 176 2110 Eum
199 2085 320 2111 codicem
345 2085 580 2116 Vindocinensem,
611 2085 659 2118 qui
686 2083 811 2110 ordinem
834 2084 990 2110 Romanum
1022 2084 1150 2116 continet,
1176 2084 1265 2109 Roma
1295 2085 1420 2110 retulisse
1442 2084 1592 2115 Matalon,
1622 2083 1751 2109 Museum

103 2135 235 2162 Italicam
259 2136 302 2172 II,
321 2145 353 2170 p.
372 2141 410 2161 IX.
433 2136 600 2162 arbitratur.
688 2136 717 2169 2)
740 2135 832 2169 Epist.
848 2135 890 2168 II,
911 2135 960 2161 29.
984 2136 1023 2161 ad
1047 2135 1204 2167 Goffridum
1228 2136 1310 2169 episc.
1337 2136 1468 2162 Carnot.:
1491 2135 1648 2161 Praeterea
1670 2134 1749 2161 novi-

103 2195 166 2213 mus
196 2186 245 2222 qui
272 2190 443 2221 praesentes
467 2196 580 2213 eramus
611 2186 758 2213 dominum
781 2195 888 2221 papam
911 2186 1060 2213 Urbanum
1085 2186 1113 2212 in
1138 2187 1315 2213 Arvernensi
1338 2187 1462 2213 concilio
1486 2196 1574 2221 super
1596 2186 1652 2213 hoc
1675 2185 1748 2212 diffi-

102 2238 192 2264 nitam
217 2258 224 2265 .
249 2258 255 2264 .
281 2259 287 2264 .
313 2238 428 2264 dedisse
457 2238 644 2271 sententia1n3
679 2239 757 2272 epist.
782 2239 841 2271 III,
869 2239 915 2264 12.
940 2239 978 2264 ad
1003 2238 1164 2272 Ulyerium:
1193 2247 1244 2264 vos
1267 2238 1309 2264 illi
1333 2247 1391 2264 non
1415 2238 1549 2264 adfuistis
1573 2238 1697 2264 coneilio
1722 2243 1751 2264 et

54 2298 82 2316 40
103 2299 158 2325 ego
182 2289 310 2316 interfui.
441 2290 470 2324 4)
493 2290 584 2324 Epist.
609 2291 632 2322 I,
661 2291 707 2316 11.
731 2290 769 2316 ad
795 2290 945 2316 Caliaetum.
1076 2290 1106 2323 5)
1130 2290 1221 2323 Epist,
1244 2290 1269 2323 I,
1298 2290 1344 2317 18.
1371 2291 1410 2316 ad
1434 2290 1587 2316 Cononem.-
1615 2289 1749 2324 Optimae

103 2341 259 2368 memoriae
282 2350 360 2376 papa
383 2340 520 2368 Urbanus
543 2345 572 2367 et
596 2341 643 2376 qui
667 2350 743 2367 nune
768 2345 812 2368 est
835 2341 968 2367 domiuus
991 2340 1141 2367 Paschalis
1164 2350 1243 2376 papa
1265 2341 1293 2367 in
1319 2341 1444 2368 eeclesia
1466 2344 1575 2374 nostra,
1605 2341 1655 2367 ubi
1679 2349 1748 2367 suae

102 2393 231 2419 caritatis
253 2393 349 2429 gratia
371 2401 424 2427 per
446 2392 580 2419 undecim
605 2392 667 2419 dies
691 2395 874 2425 manserunt3
899 2393 1000 2419 Chron.
1020 2392 1135 2422 Vindoc,
1152 2394 1172 2420 I.
1185 2394 1203 2419 l.
1218 2402 1247 2427 p.
1265 2393 1332 2419 171.
1400 2394 1429 2426 6)
1454 2394 1487 2420 A.
1504 2393 1597 2426 1196,
1619 2393 1707 2420 Mart.
1722 2394 1750 2418 2.

100 2446 217 2472 Amatne
245 2445 370 2479 archiep.
395 2445 552 2478 Bardeqal.
575 2444 759 2479 privilegium
788 2444 956 2470 monasterio
986 2444 1182 2471 Vindocinensi
1207 2445 1237 2470 in
1265 2445 1319 2471 hac
1341 2445 1444 2479 synodo
1468 2444 1619 2479 concessit;
1652 2445 1750 2471 sslansi

101 2500 120 2525 t.
134 2497 204 2529 XX,
229 2497 280 2524 col.
295 2497 366 2524 931.
435 2496 463 2530 7)
484 2496 563 2528 Jaffe'
580 2496 672 2523 5714.
740 2496 770 2529 8)
791 2495 871 2528 Jaffe'
887 2495 986 2527 5899;
1009 2495 1047 2528 cj.
1072 2499 1154 2522 etiam
1172 2497 1307 2531 Compain
1326 2506 1357 2530 p.
1371 2496 1443 2523 259.
1510 2496 1539 2531 9)
1558 2497 1647 2530 Epist.
1661 2497 1684 2529 I,
1703 2497 1749 2523 18.

53 2554 81 2573 ⁴⁵
104 2548 153 2583 10)
177 2549 268 2583 Epist.
288 2549 313 2581 Ι,
337 2548 373 2580 7,·
396 2548 433 2581 cs.
451 2548 476 2581 I,
498 2548 525 2574 6.
637 2548 686 2582 11)
710 2547 790 2578 Quod
813 2556 949 2581 exponam
973 2546 1076 2574 ‘Neues
1091 2547 1203 2574 Archiv'
1227 2548 1344 2574 XVIII.
1456 2548 1505 2583 12)
1525 2548 1618 2582 Epist.
1635 2548 1676 2580 IIy
1697 2549 1750 2581 18,-

101 2599 140 2633 cf.
171 2601 273 2626 ‘Neues
301 2599 414 2626 Archiv'
446 2599 563 2625 XVIII.
690 2599 738 2633 13)
769 2598 864 2633 Epist.
891 2599 955 2632 III,
987 2599 1037 2631 11,
1070 2608 1152 2632 quam
1182 2599 1261 2632 infra
1292 2600 1417 2632 edemus;
1450 2609 1474 2627 v.
1506 2600 1609 2626 ‘Neues
1639 2600 1749 2626 Arclzie'

102 2651 220 2678 XVIII.
288 2652 338 2685 14)
364 2651 465 2685 Opusc.
479 2651 521 2680 II,
550 2650 630 2681 Quod
645 2654 751 2676 tantum
768 2650 796 2675 in
812 2651 873 2677 cod.
891 2650 1024 2676 Vaticano
1038 2650 1138 2677 Christ.
1151 2660 1210 2685 rey.
1222 2660 1266 2678 nr.
1279 2652 1332 2678 59.-
1347 2651 1380 2678 B.
1398 2651 1498 2678 abbati
1515 2652 1676 2685 inscriptum
1695 2656 1748 2678 est:

101 2703 250 2730 secundum
275 2705 378 2728 ceteros
399 2703 472 2729 idem
495 2703 577 2728 Petro
599 2703 702 2728 Leonis
729 2701 874 2728 cardinali
896 2701 1027 2736 scripsit,·
1058 2702 1095 2735 ‘'f-
1119 2703 1154 2728 de
1175 2703 1293 2735 ratione,
1323 2712 1394 2738 quae
1416 2703 1488 2729 inter
1511 2704 1603 2738 Epist.
1621 2703 1679 2735 III,
1703 2705 1747 2729 11.

102 2758 126 2781 et
152 2754 252 2789 Opuw.
270 2754 312 2781 II.
334 2754 490 2787 intercedit,
515 2764 541 2782 υ.
566 2754 668 2780 ‘Neues
692 2753 802 2780 Arcltiv'
826 2753 943 2780 XVIII.
1034 2753 1082 2788 15)
1108 2753 1152 2786 Cs.
1177 2754 1268 2788 Epist.
1286 2755 1309 2787 I,
1332 2756 1379 2783 11.
1401 2755 1448 2781 12.
1472 2755 1510 2781 ad
1534 2755 1684 2782 Calixtnm.
