2132 3067
607 164 724 190 LIBER
746 164 797 190 DE
820 164 977 191 HONORE
1000 164 1217 192 ECCLESIAE.
1677 161 1736 191 587

471 253 510 283 A.
1329 253 1364 285 B.

93 304 317 348 praevidentes
340 303 379 335 de
399 315 513 335 manus
536 304 742 345 impositione
765 304 883 334 aliuma
946 311 1006 345 zat,
1036 304 1218 346 spiritualia
1248 316 1304 346 per
1334 304 1528 346 spirituales,
1560 303 1739 345 corporalia

92 355 265 398 capitulum
289 356 435 386 fecerunt
458 355 600 386 dicentes
613 361 635 386 ¹:
945 367 1020 386 vero
1038 367 1094 397 per
1108 356 1266 387 seculares
1281 357 1442 397 principes
1460 356 1595 397 optineri
1611 355 1737 394 debere,

945 408 1036 448 quasi
1068 407 1130 438 duo
1161 409 1241 438 ostia
1271 409 1376 438 ovium
1402 408 1522 439 Christi
1546 408 1740 438 constituere

61 464 74 484 ⁵
92 449 228 490 QUOdb
249 459 327 479 non
349 447 533 479 debeant
554 447 699 505 Officia
722 447 881 504 aeccle-
945 459 1043 499 cupit.
1104 459 1198 498 Quod
1238 459 1279 490 illi
1319 460 1373 500 qui
1412 469 1509 489 unum
1549 470 1582 489 se
1622 459 1737 489 ostium
1760 470 1921 494 cf.10h.10‚9.

175 500 349 531 Sia-mica
377 500 566 541 pecuniis
597 504 789 540 ⁰Ptln‘31'1·
945 509 1028 540 dixit
1045 515 1155 551 aperte
1179 512 1373 541 contrarium
1397 516 1453 541 est.
1501 509 1592 541 Unde
1609 516 1639 541 et
1656 510 1738 540 sacri

133 561 173 593 Si
192 563 266 603 quis
283 562 456 602 episcopus
481 566 539 591 aut
554 560 712 601 presbiter
735 564 793 590 aut
810 559 880 589 dia·
946 571 1086 592 canones
1099 561 1200 592 seculi
1219 563 1380 603 principes
1397 562 1492 592 etiam
1507 561 1599 592 valde
1613 561 1737 602 religio-

93 625 191 645 conus
202 625 264 654 per
275 613 442 655 pecunias
466 612 552 643 hanc
577 611 758 652 optinuerit
774 611 881 652 Atqui·
946 623 997 643 sos
1022 624 1084 643 non
1109 613 1277 654 disponere
1302 613 1540 644 aecclesiastica
1570 613 1680 644 iubent
1709 618 1739 643 et

91 670 193 706 tatem,
223 665 388 696 deiciatur
410 665 481 705 ipse
510 668 537 694 et
561 663 735 694 ordinator
762 663 832 692 eius
856 667 884 693 et
946 664 1070 694 irritum
1100 664 1211 695 haberi
1238 665 1263 695 si
1289 664 1364 706 quid
1389 664 1615 696 aecclesiarum
1647 675 1739 705 reges

47 730 73 750 ιο
92 729 112 748 α
135 717 360 748 communione
390 715 495 746 modis
519 714 667 746 omnibus
691 713 885 744 abscidatur
947 715 1044 746 seculi
1067 714 1230 757 aliquibus
1255 715 1330 746 dare
1355 716 1523 747 voluerint.

91 769 174 800 sicut
197 768 311 799 Simon
334 767 458 809 Blayus
483 778 503 797 α
527 766 632 797 Petro.

93 859 222 905 [XLII.]
247 860 395 892 Gratia
412 860 489 890 Dei
510 870 586 890 non
605 858 734 889 solum
757 859 883 900 spiri·
948 859 1066 890 XLII.·2
1097 859 1154 890 De
1179 871 1236 894 ec,
1255 861 1351 901 quia
1367 860 1503 900 gratia
1521 859 1591 889 Dei
1618 859 1736 889 etiam

91 913 242 953 tualia,
274 912 343 943 sed
373 912 499 943 etiam
530 916 695 942 terrena
726 910 882 941 donari.
1105 917 1267 942 terrena
1296 911 1416 942 nobis
1448 911 1579 941 donat.

194 973 286 1004 Nune
308 974 427 1015 itaque,
451 972 577 1014 [fratres
587 971 612 1015 d]
637 970 811 1010 karissimi,
843 971 903 1002 hoc
927 970 1110 1002 adtenditee
1135 977 1166 1003 et
1189 982 1290 1002 vanas
1315 972 1533 1002 contentiones
1557 970 1685 1008 abicite,
1709 975 1738 1000 et
1761 980 1799 1003 Ex
1821 976 1947 1004 rationef.

46 1036 72 1056 1⁵
91 1025 175 1068 quod
200 1025 262 1055 Dei
287 1030 336 1056 est
359 1025 429 1055 Deo
454 1023 655 1055 solummodo
680 1023 793 1054 dantes
817 1024 884 1054 eius
908 1024 1012 1064 gratia
1028 1023 1119 1055 vobis
1144 1035 1207 1054 non
1225 1023 1326 1054 solum
1346 1022 1537 1064 spiritualia,
1563 1022 1618 1053 sed
1643 1023 1738 1053 etiam

89 1082 215 1109 terrena
238 1077 351 1108 donari
374 1076 549 1107 certissime
574 1075 705 1107 credite.

395 1179 540 1210 XLIIIe.
575 1179 633 1210 De
664 1179 936 1220 possessione
968 1177 1156 1209 sanctaeh
1186 1177 1432 1208 aecclesiae.

195 1240 277 1272 Sunt
299 1246 408 1271 autem
433 1240 488 1282 qui
511 1240 642 1271 dicant²
672 1239 841 1270 aecclesiis
867 1251 929 1270 non
953 1244 1137 1281 competere
1168 1239 1229 1268 nisi
1254 1238 1425 1275 deeimasi,
1450 1238 1608 1279 primitias
1632 1243 1663 1268 et
1686 1237 1740 1267 ob·
1762 1247 1800 1270 Ex
1821 1243 1948 1271 rationes.

89 1291 232 1333 lationes,
264 1292 296 1323 in
320 1291 493 1323 mobilibus
525 1298 648 1323 tantum
674 1290 801 1323 scilieet
823 1291 932 1322 rebus.
977 1290 1059 1322 Nam
1087 1289 1296 1328 immobiliak,
1325 1289 1476 1320 videlicet
1501 1295 1616 1328 castra,
1646 1289 1739 1319 villae

44 1355 70 1374 2⁰
89 1343 138 1375 vel
163 1355 237 1375 rura
260 1344 288 1375 ei
312 1355 376 1375 non
399 1344 569 1385 pertinent,
594 1343 655 1374 nisi
679 1342 717 1374 de
741 1354 838 1374 manu
862 1343 1065 1386 imperatoris
1090 1348 1200 1384 pastor
1223 1342 1414 1383 susceperit.
1460 1341 1555 1380 Quod
1579 1341 1661 1371 male
1686 1352 1740 1372 eos

89 1395 194 1427 dicere
224 1395 332 1426 multis
362 1395 465 1426 modis
495 1401 527 1426 et
550 1395 685 1426 diversis
715 1401 896 1427 sanctorum
927 1395 1094 1426 sententiis
1126 1405 1223 1435 supra
1254 1393 1432 1424 docuimus.
1479 1392 1541 1423 Sed
1573 1398 1678 1423 tamen
1710 1398 1741 1423 et

90 1458 175 1478 nunc
203 1447 393 1486 inferamus,
425 1448 501 1489 quia
532 1448 646 1479 omne¹
680 1448 766 1490 quod
797 1446 894 1479 semel
919 1447 990 1478 Deo
1021 1446 1152 1477 offertur
1180 1446 1212 1476 in
1237 1450 1428 1487 perpetuum
1460 1445 1528 1476 eius
1560 1445 1621 1475 iuri
1654 1455 1739 1475 nian-

89 1499 224 1541 cipatur.
466 1541 495 1571 A
1326 1539 1351 1569 B

44 1603 71 1622 25
131 1592 226 1632 Quod
250 1592 441 1624 confirmant
464 1594 565 1624 sancti
590 1598 697 1635 patres
721 1592 881 1624 dicentes:
987 1592 1041 1622 Sic
1065 1592 1150 1623 enim
1175 1596 1206 1622 et
1229 1597 1358 1622 sanctus
1381 1590 1511 1632 Moyses
1536 1590 1568 1620 in
1593 1589 1739 1620 Levitico
1792 1590 1821 1612 lu
1842 1587 2002 1631 peritios·

944 1644 1002 1674 ait:
1032 1643 1132 1674 Omne
1155 1643 1242 1686 quod
1261 1643 1404 1674 Domino
1429 1647 1648 1679 consecratur,
1673 1643 1740 1671 sive
1761 1629 1931 1685 ξ’ζξρῗὸᾞὲρω
1946 1625 2011 1648 hb'i'

101 1686 187 1718 De¹¹¹
212 1685 508 1718 Oblationibus
532 1687 865 1728 parrochiarum,
945 1695 1034 1726 bomo
1073 1696 1135 1726 erit
1171 1696 1237 1726 sive
1281 1695 1406 1725 animal
1443 1695 1510 1724 sice
1548 1704 1638 1734 (tyer,
1675 1704 1739 1723 non

258 1749 378 1769 CUIUS
405 1749 495 1769 GSSG
519 1738 595 1769 deb
607 1743 712 1769 eant·
945 1747 1065 1778 venalin
1089 1758 1146 1778 nec
1162 1747 1281 1778 redimi
1295 1747 1423 1787 poterit.
1461 1744 1627 1787 Quicquid
1647 1745 1740 1774 semel

115 1803 156 1827 Ex
177 1803 291 1827 concilio
367 1798 477 1835 Quae-³¹
492 1799 537 1830 acl
547 1800 798 1841 parrochianos
815 1811 883 1830 aec·
936 1800 1067 1840 fuerit⁰
1105 1803 1324 1830 consecratum
1364 1802 1509 1828 sanctino
1552 1800 1738 1827 sanctorum

45 1861 72 1880 ιο
125 1839 266 1864 T⁰¹et¹³¹¹⁰'
322 1849 437 1882 clesias
477 1851 660 1893 offerantur
705 1852 739 1882 in
777 1851 883 1890 terris,
946 1851 1007 1881 erit
1031 1850 1183 1882 Domino.
1229 1850 1343 1881 Omnes
1367 1850 1510 1880 decimae
1542 1853 1647 1877 terrac
1673 1848 1739 1877 sive

91 1902 204 1941 vineis,
248 1903 438 1943 mancipiis)
471 1903 624 1944 peculiis,
671 1903 883 1944 antiquorum
945 1903 984 1934 de
998 1901 1163 1944 frugibus
1195 1903 1260 1932 sive
1292 1901 1329 1932 de
1355 1901 1461 1941 pomis
1493 1900 1643 1930 arborum
1676 1899 1738 1929 Do-

92 1964 254 1985 canonum
278 1955 431 1985 instituta
454 1959 633 1994 serventur,
656 1959 691 1985 ut
712 1955 823 1985 omnia
847 1955 882 1985 in
946 1955 1029 1986 mini
1051 1959 1128 1985 sant
1157 1958 1184 1984 et
1208 1953 1258 1984 illi
1285 1952 1554 1991 sanctificantur,
1585 1956 1615 1981 et
1646 1951 1738 1981 item:

91 2005 236 2047 episcopi
255 2010 410 2047 potestate
434 2007 624 2037 consistant.
944 2006 1110 2037 Possessio
1135 2009 1323 2036 consecrata
1348 2003 1489 2034 Domino
1522 2003 1566 2033 ad
1593 2003 1644 2033 ius
1667 2013 1737 2042 per·
1759 2015 1834 2039 mm,
1847 2016 1880 2034 21.

944 2058 1023 2088 tinet
1046 2057 1259 2088 sacerdotum.

46 2168 72 2188 πε
185 2158 340 2190 XL1111.1›
374 2159 481 2198 Quot
508 2160 724 2201 portiones
753 2159 797 2190 de
826 2159 1037 2191 reditibus
1067 2158 1305 2190 aecclesiae
1335 2158 1430 2189 fieri
1460 2156 1644 2187 debcant.

198 2218 370 2255 Quatuor⁴
394 2224 501 2251 autem
524 2225 589 2251 tam
613 2221 652 2252 cle
675 2221 833 2252 reditibus
856 2232 953 2263 quam
971 2221 1010 2252 sle
1027 2220 1245 2252 oblationibus
1261 2218 1423 2259 fidelium,
1443 2222 1544 2259 prout
1567 2215 1738 2248 cuiuslibet
1777 2217 1816 2241 Ex
1838 2217 1950 2260 epistola

92 2271 266 2303 aecclesiae
282 2271 435 2313 facultas
467 2272 617 2312 admittit,
645 2273 728 2303 sicut
759 2272 884 2303 dudum
915 2271 1157 2304 rationabiliter
1187 2277 1251 2302 estr
1277 2271 1435 2301 decretum
1469 2269 1617 2299 convenit
1640 2267 1737 2308 fieris
1759 2254 1964 2323 ῦῖἓῖζῧᾶξῗῗρ

87 2323 266 2363 portiones.

203 2436 231 2467 a)
251 2437 288 2462 sic
307 2436 342 2462 A.
418 2438 444 2468 b)
468 2438 545 2468 Quod
566 2452 601 2455 —
623 2441 676 2470 opt.
696 2438 777 2462 rubro
798 2438 830 2463 A.
898 2439 922 2469 c)
946 2439 1018 2462 XLV
1040 2438 1065 2462 B
1080 2440 1102 2461 1.
1170 2437 1195 2467 d)
1219 2437 1290 2461 deest
1310 2435 1340 2460 A.
1363 2435 1424 2459 ΒΞ.
1492 2436 1516 2466 e)
1540 2438 1586 2459 att.
1607 2433 1638 2459 A.
1660 2434 1742 2458 Rea?

47 2487 74 2506 40
92 2482 115 2516 s)
131 2481 171 2507 ita
184 2483 224 2512 A,·
244 2484 310 2508 ratio
331 2484 393 2509 131.
408 2485 452 2514 2³3
473 2485 576 2508 ratione
597 2482 674 2508 Beb.
732 2485 759 2516 g)
782 2485 869 2509 XLVI
890 2484 914 2509 Β
928 2486 949 2508 1.
1008 2484 1036 2508 h>
1057 2484 1127 2508 deest
1148 2482 1179 2507 A.
1194 2479 1272 2506 821⁷.
1329 2482 1348 2507 i)
1372 2484 1397 2505 et
1417 2481 1481 2505 aad.
1502 2480 1533 2505 A.
1591 2480 1621 2511 k)
1642 2481 1741 2505 inmob.

93 2527 125 2553 Α.
145 2527 221 2555 B2b.
307 2530 326 2561 l)
346 2531 417 2555 deest
437 2530 462 2554 Β
476 2532 498 2556 l.
587 2532 624 2562 m)
643 2531 684 2555 De
705 2544 740 2548 —
761 2531 877 2556 debeant
896 2530 977 2554 minio
997 2529 1030 2554 A.
1118 2532 1146 2552 nl
1167 2529 1256 2552 veniet
1276 2527 1301 2552 B
1314 2529 1336 2552 1.
1432 2527 1460 2557 o)
1482 2535 1602 2551 consecr.
1623 2527 1658 2551 fu.
1680 2526 1705 2550 Β
1720 2528 1741 2550 1.

94 2576 122 2608 p)
141 2576 244 2601 XLVII
265 2576 289 2600 B
302 2577 324 2601 l.
402 2575 429 2609 q)
451 2585 473 2601 e.
487 2576 554 2600 VIII
575 2576 627 2601 des.
644 2577 684 2605 B;
706 2577 741 2602 al.
761 2585 794 2601 m.
816 2577 910 2601 iterum
929 2576 957 2601 in
977 2585 1062 2608 marg.
1083 2576 1113 2599 F..
1135 2583 1177 2607 ep.
1198 2574 1229 2599 G.
1251 2583 1275 2606 p.
1297 2573 1360 2598 add.
1376 2573 1450 2598 Β23.
1528 2576 1550 2597 Η
1572 2573 1610 2596 ila.
1623 2571 1655 2597 A.
1672 2572 1743 2600 Gel.;

96 2621 120 2646 d.
141 2629 163 2646 e.
184 2621 217 2647 Β,
293 2623 316 2655 s)
335 2621 374 2646 ita
394 2621 427 2646 A.
446 2622 518 2652 Gel.,·
541 2631 566 2654 p.
587 2623 604 2647 f.
626 2622 659 2647 B.

201 2729 230 2764 1)
255 2729 381 2756 Canones
405 2733 495 2764 apost.
513 2739 536 2756 c.
551 2730 599 2763 30,
624 2730 724 2756 Mami
741 2730 811 2757 0022.
825 2730 848 2762 I,
866 2730 917 2756 col.
932 2729 988 2763 53;
1011 2729 1164 2755 Hiuschz'us
1182 2737 1213 2762 p.
1228 2727 1277 2756 29.
1344 2726 1373 2761 2)
1399 2727 1443 2760 Cf.
1461 2727 1540 2753 Iride
1559 2727 1673 2751 Ferrar.
1692 2726 1709 2752 I.
1724 2725 1741 2751 I.

50 2784 77 2804 ⁴6
96 2779 125 2814 3)
147 2781 252 2808 Burch.
277 2781 336 2814 III,
362 2781 438 2807 136.-
467 2782 508 2808 Ex
533 2781 656 2808 concilio
677 2781 831 2808 Toletano.
940 2781 970 2815 4)
994 2780 1104 2807 Gelasii
1127 2780 1152 2806 I.
1182 2779 1261 2814 epist.
1287 2779 1336 2806 27.
1364 2778 1448 2813 episc.
1473 2778 1620 2804 Lucaniae
1649 2779 1663 2807 ξ
1689 2776 1743 2809 27,-

0 2836 2 2891 >
61 2880 63 2882 q
98 2830 184 2865 Thiel,
209 2832 300 2866 Epist.
320 2836 399 2867 pont.
424 2833 505 2860 Rom.
529 2833 553 2865 1,
573 2842 605 2867 p.
628 2833 707 2867 37S‚·
730 2833 882 2859 Hirtsckz'us
901 2841 932 2866 p.
954 2831 1033 2866 654,·
1056 2831 1221 2857 Burchardi
1243 2831 1328 2857 Decr.
1353 2830 1412 2862 III,
1436 2839 1458 2857 c.
1482 2829 1548 2855 137.

0 2894 22 2989 ‚w
62 2889 65 2891 ’
1457 2885 1507 2907 74*
