2080 3047
340 127 398 153 sisoi

671 123 854 150 (zol‘FRIDI
878 122 1043 148 ABBATIS
1068 121 1366 148 VINDOCINENSIS
1390 121 1577 148 LIBELLUS
1600 122 1638 148 ΙΙ.

339 216 484 257 pollutus
530 212 617 243 lllum
649 223 708 241 non
733 217 892 252 pastorem
926 210 1117 241 fiducialiter
1140 210 1212 241 dico
1242 221 1300 241 nec
1331 209 1415 241 illius
1439 212 1595 252 pastoris,
1627 213 1683 253 qui
1714 211 1852 241 animam
1886 222 1976 242 suam

339 267 442 308 [fluuit

339 319 436 349 venit.

337 370 386 409 qui
413 368 453 397 fa(

460 276 514 305 pro
534 264 647 293 ovibus
672 263 747 301 suis.
772 261 937 304 quodlibet
959 261 1139 300 menbrum,
1163 261 1218 292 sed
1242 261 1293 292 fur
1315 267 1346 293 et
1370 262 1450 293 latro
1473 268 1505 293 et
1527 261 1621 304 lupus
1645 268 1702 293 est.
1747 262 1829 294 Nam
1853 262 1893 293 ad
1916 262 1977 294 hoc

466 322 499 346 ut
522 316 642 345 tin-etur
665 321 695 345 ct
719 315 823 354 rapiat
847 320 876 344 et
901 319 1026 344 mactet.
1073 313 1165 344 Hanc
1188 318 1295 344 autem
1320 313 1541 345 detestabilem
1566 315 1763 356 impietatem
1787 325 1850 345 non
1873 313 1977 345 solum

457 368 547 404 :innt,
579 366 634 396 sed
659 367 711 407 qui
737 365 939 395 consentiunt
969 365 998 395 ei
1022 364 1187 407 dampnati
1213 372 1294 396 sunt.
1341 364 1397 396 Ille
1421 376 1496 396 vero
1521 366 1681 396 consentit
1707 366 1762 407 qui
1789 376 1859 396 eam
1883 370 1977 405 tacet,

336 420 388 460 qni
413 430 480 449 cam
506 429 565 448 non
592 417 723 457 corrigit
752 424 781 447 et
806 417 860 458 qui
888 417 916 446 ei
941 415 1044 457 palam
1070 427 1131 447 non
1157 416 1381 447 contradicim
1428 417 1469 447 Et
1491 428 1585 447 nemo
1609 423 1658 448 est
1681 418 1735 459 qui
1758 416 1978 448 contradicere
1997 430 2011 449 5

337 470 439 511 palam

471 480 532 499 non
564 468 679 499 debeat
713 475 742 498 et
768 469 877 508 possit.
924 468 1004 499 Nam
1039 469 1065 498 si
1091 467 1224 509 praelati
1254 478 1317 498 non
1348 467 1445 498 habet
1474 469 1713 508 auctoritatem,
1745 468 1842 500 habet
1870 474 1978 499 tamen

185 529 314 548 tvm-¹⁸³¹*v
336 521 495 551 christiani
521 531 643 550 vocem.
691 519 730 549 lsst
760 521 919 560 scriptura
947 519 1025 550 dicit
1055 526 1085 550 et
1108 520 1267 550 neminem
1299 520 1437 561 excipit:
1467 520 1661 551 Maledictus
1685 525 1729 551 est
1753 522 1809 562 qui
1829 519 1979 562 prohibet

335 573 480 613 gyladinm
507 584 525 601 a
550 572 730 611 sanquine,
761 571 790 601 id
816 578 864 601 est
887 582 995 601 vocem
1021 582 1110 602 suam
1140 571 1181 601 ab
1206 572 1427 612 increpatione
1449 572 1586 612 peccati.
1631 570 1715 602 Illud
1737 572 1833 602 etiam
1856 572 1976 603 factum

171 646 185 663 N
192 651 224 663 nni

202 2338 203 2346 η
238 2332 305 2351 «ιη-ω

227 616 305 664 (¹222,-
336 624 521 660 meminerit,
553 622 636 663 quod
667 623 757 652 asina
781 623 902 652 fatuum
928 622 1118 664 prophetam
1143 621 1217 652 olim
1242 623 1428 653 correxerit.
1474 622 1568 661 Quod
1593 623 1619 653 si
1643 623 1740 654 fuerit
1761 623 1904 654 viciosus
1927 621 1979 654 vel

335 675 477 715 quolibet
500 674 561 704 alio
579 675 711 703 crimine
736 674 862 704 infamis
884 674 998 710 factus,
1022 685 1084 704 non
1109 674 1181 704 ideo
1206 672 1299 704 silere
1323 673 1429 712 debet,
1453 675 1605 715 quoniam
1622 675 1799 717 unicuique
1815 674 1976 716 peccatori
1998 687 2025 705 ιο

334 736 531 756 communem
557 725 731 755 aecclesiae
755 725 865 765 tidem,
895 735 990 766 quam
1016 736 1106 756 suam
1131 736 1200 756 esse
1225 724 1327 756 credit
1350 730 1381 756 et
1405 725 1586 765 confitetur,
1617 725 1789 757 defendere
1813 730 1845 757 et
1866 730 1978 756 contra

335 778 401 806 eius
426 777 625 807 adversarios
655 776 752 808 libere
778 787 923 818 pugnare
946 776 1050 807 licetss.
1097 776 1186 807 Haec
1210 787 1314 818 pauca
1336 777 1376 807 de
1401 776 1525 816 multis,
1554 788 1636 819 quae
1665 777 1799 808 forsitan
1823 775 1977 808 oblivioni

335 828 517 865 tradidistis,
540 834 664 858 vestrae
688 829 876 859 sublimitati
900 828 1032 869 dignum
1050 828 1129 859 duxi
1153 827 1194 859 ad
1212 829 1398 859 memoriam
1416 839 1577 869 revocare,
1602 834 1637 860 ut
1659 828 1743 860 unde
1766 833 1798 860 et
1813 827 1978 871 quomodo

334 881 453 920 sumpsi

458 881 514 910 stis
546 881 688 921 episcopi
720 891 851 917 nomen,
882 880 974 910 vobis
1006 879 1138 911 ulterius
1168 891 1230 911 non
1260 880 1357 911 liceat
1386 880 1546 922 ignorare.
1591 880 1650 912 Illa
1679 891 1755 912 vero
1786 879 1864 911 sileo
1895 890 1978 922 quae

333 931 480 961 <lominus
504 942 588 972 papa
612 932 701 962 novit
724 936 755 962 et
778 931 926 962 indulsit:
957 932 1032 972 quia
1055 943 1160 962 meum
1186 942 1249 962 non
1272 937 1320 963 est
1343 937 1517 963 retractare
1542 932 1629 974 quod
1653 933 1721 974 ipse
1744 932 1829 963 fecit.
1869 931 1976 963 Vitam
1999 943 2025 962 ιε

334 983 417 1012 enim
443 988 579 1014 vestram
612 982 697 1014 nullo
720 995 836 1024 genere
866 982 1030 1024 religionis
1061 984 1273 1025 approbatam
1298 988 1432 1014 noverat
1460 988 1491 1014 et
1515 994 1571 1014 vos
1603 983 1686 1015 infra
1714 994 1816 1015 annos
1846 993 1916 1014 esse
1946 987 1977 1014 et

334 1033 451 1064 nullum

477 1035 603 1075 penitus
627 1035 770 1065 ordinem
796 1035 913 1066 habere
940 1035 1084 1066 fortassis
1106 1035 1262 1066 audierat.
1307 1035 1402 1066 Prius
1426 1035 1557 1077 quidem
1581 1035 1710 1067 ordines
1733 1036 1880 1077 accipere
1904 1044 1978 1066 con-

333 1086 516 1126 tempsistiS,
541 1092 574 1116 ut
594 1087 685 1117 vobis
709 1086 819 1117 liceret
841 1097 878 1117 ea
901 1086 1033 1117 liberius
1055 1098 1218 1128 exercere,
1243 1098 1324 1129 quae
1342 1087 1473 1118 minime
1496 1086 1594 1119 licent
1615 1086 1657 1118 ad
1681 1087 1808 1118 animae
1830 1085 1976 1118 salutem.

334 1138 454 1169 Omnes
478 1137 681 1179 postmodum
707 1138 845 1178 ordines,
869 1138 925 1169 sed
949 1139 1017 1169 sine
1041 1138 1161 1180 ordine,
1185 1139 1260 1181 quia
1284 1140 1315 1169 in
1340 1143 1412 1170 octo
1429 1138 1544 1170 diebus
1567 1144 1598 1171 et
1621 1150 1685 1170 non
1709 1140 1804 1171 certis
1827 1138 1976 1180 tempori-

336 1190 402 1227 bus,
426 1190 597 1230 accepistis
618 1196 747 1231 propter
763 1191 970 1231 episcopatus
994 1191 1213 1222 ambitionem.
1249 1190 1342 1221 Unde
1367 1201 1442 1222 vera
1464 1191 1684 1232 propositione
1701 1191 1867 1233 probatur,
1890 1189 1977 1232 quod
1998 1199 2025 1220 20

333 1252 386 1271 eos
417 1252 525 1272 amore
556 1240 677 1281 gloriae
714 1241 897 1282 temporalis
935 1242 1122 1283 accepistis,
1161 1253 1222 1273 non
1258 1241 1379 1274 Christi
1415 1243 1559 1274 caritate.
1613 1242 1840 1285 Quicumque²
1870 1248 1977 1274 tamen

332 1294 540 1323 sacramentis
563 1292 736 1324 aecclesiae
759 1299 924 1324 cementoa
940 1294 1083 1324 caritatis
1107 1305 1171 1324 non
1194 1295 1348 1335 iungitur,
1371 1294 1520 1325 iniuriam
1537 1294 1667 1336 quidem
1691 1293 1868 1326 aecclesiae
1890 1294 1978 1335 facit,

334 1344 390 1374 sed
419 1345 510 1386 quasi
539 1345 644 1386 paries
676 1344 780 1376 luteus
808 1345 998 1387 dissipatur,
1031 1346 1085 1386 qui
1116 1345 1191 1377 lieet
1221 1345 1364 1378 dealbari
1395 1347 1499 1388 possit
1527 1346 1567 1378 ad
1599 1352 1743 1388 tempuS,
1774 1347 1842 1378 eius
1870 1344 1978 1377 subita

333 1395 550 1435 dissolutione,
575 1397 628 1437 qui
650 1402 723 1427 ante
742 1396 946 1427 confidebant
969 1397 1001 1427 in
1025 1408 1072 1437 eo,
1097 1404 1296 1439 premuntur.
1342 1397 1414 1429 Hac
1435 1398 1533 1440 igitur
1549 1397 1759 1429 similitudine
1782 1402 1869 1430 reete
1891 1396 1978 1429 colli-

334 1448 432 1487 gitur,

463 1447 547 1488 quod
579 1448 632 1489 qui
663 1447 703 1478 ad
734 1449 882 1479 iniuriam
914 1454 1042 1479 sanctae
1072 1448 1249 1480 aecclesiae
1279 1448 1554 1481 aecclesiasticum
1589 1450 1734 1481 ordinem
1769 1455 1802 1482 et
1835 1450 1976 1481 maxime
1997 1461 2024 1480 τε,

336 1499 553 1539 pontificatum
578 1500 773 1541 assequitur,
797 1511 886 1531 suam
911 1499 1161 1531 destructionem
1186 1501 1350 1542 inprimis,
1382 1501 1498 1533 deinde
1522 1501 1631 1544 populi
1655 1506 1789 1533 mortem
1815 1506 1976 1544 operatur.

337 1550 374 1580 Et
397 1556 451 1580 tun

456 1561 472 1580 e
494 1549 650 1582 aecclesia
674 1551 822 1582 iniuriam
840 1553 960 1592 pariter
983 1553 1119 1583 sustinet
1141 1558 1173 1583 et
1188 1553 1428 1593 verecundiam,
1452 1553 1581 1596 quando
1604 1555 1636 1585 in
1657 1553 1806 1596 eligendo
1823 1553 1977 1596 pontifice

333 1602 485 1631 canoniea
503 1603 584 1642 perit
599 1601 721 1642 electio,
745 1609 776 1633 et
792 1603 877 1645 quod
896 1604 1042 1634 ordinato
1067 1603 1125 1635 soli
1142 1604 1288 1644 debetur,
1311 1605 1405 1636 datur
1427 1605 1620 1644 inordinato,
1643 1610 1675 1636 et
1690 1606 1745 1648 qui
1761 1616 1825 1636 non
1842 1610 1977 1637 vocatus

333 1664 350 1682 a
374 1653 444 1682 l)e0

468 1654 684 1694 praeponitur,
709 1654 765 1685 sed
789 1655 945 1686 violenter
968 1657 1110 1686 intrusus
1133 1667 1152 1686 a
1175 1656 1281 1698 vulgo.
1327 1657 1487 1688 Gravius⁸
1511 1656 1609 1688 nichil
1632 1662 1681 1688 est
1702 1657 1788 1699 apud
1813 1656 1976 1689 Christum

332 1703 506 1735 aecclesiae
538 1706 667 1737 iniuria:
707 1707 797 1737 cuius
831 1714 1032 1739 sacramenta
1060 1708 1113 1749 qui
1144 1709 1318 1749 perverseb
1349 1710 1530 1751 suscipiunt
1563 1720 1636 1740 cum
1667 1708 1796 1741 Christo
1827 1720 1897 1740 esse
1924 1707 1977 1742 vel
1997 1721 2024 1741 ιο

334 1755 483 1796 prodesse
508 1767 569 1786 non
594 1763 735 1797 possunt.
771 1758 853 1788 Cum
871 1759 1000 1790 Christo
1024 1760 1140 1790 etenim
1165 1760 1259 1791 simul
1283 1772 1353 1792 esse
1376 1767 1408 1792 et
1430 1767 1543 1792 contra
1564 1760 1727 1793 Christum
1752 1761 1859 1793 facere
1882 1771 1976 1793 nemo

173 1814 313 1834 Lmen-²8.
334 1812 451 1848 potest,
482 1819 553 1838 cum
580 1808 648 1849 ipse
673 1809 774 1839 dicat:
809 1809 874 1845 Qui
896 1822 961 1841 ‘non
986 1816 1029 1842 est
1052 1823 1188 1852 mecum,
1217 1818 1333 1843 contra
1357 1825 1404 1844 me
1426 1818 1482 1844 est.
1527 1814 1591 1852 Qui
1613 1818 1721 1844 autem
1749 1823 1823 1844 cum
1846 1812 1975 1844 Christo

283 1868 304 1885 η)
334 1870 395 1889 non
419 1864 476 1897 est,
504 1870 562 1889 nec
585 1859 645 1890 sibi
671 1860 824 1901 prodesse
848 1873 906 1892 nec
929 1861 1000 1893 aliis
1024 1868 1142 1904 potestg
1175 1874 1246 1894 cum
1272 1865 1340 1906 ipse
1364 1865 1479 1896 iterum
1502 1870 1640 1896 asserat:
1675 1864 1740 1900 Qui
1762 1875 1828 1895 non
1853 1864 1977 1907 colliyit

190 1920 303 1941 1011.x.¹›.5
335 1922 462 1950 mecum,
486 1911 658 1952 disperqit.
703 1912 744 1942 Et
767 1912 843 1943 alibi
867 1913 960 1944 dicit:
984 1914 1066 1945 Sine
1089 1927 1136 1945 ¹me
1159 1915 1262 1946 nichil
1280 1917 1549 1957 potestis-facere.
1595 1916 1684 1947 Haec
1706 1916 1827 1948 idcirco
1850 1922 1976 1948 vestrae

333 1962 494 1993 dilectioni
518 1964 647 2004 scripsi,
678 1965 754 2004 quia
777 1964 864 1994 salvo
893 1964 1004 1996 ordine
1033 1973 1141 1998 nostro
1171 1968 1338 1998 vobiscum
1363 1978 1474 2009 pacem
1503 1968 1573 2002 feci.
1618 1967 1661 1999 Et
1683 1967 1806 1999 salvum
1831 1973 1975 2000 nostrum
1995 1979 2022 1998 ³⁵

334 2025 394 2044 non
419 2014 562 2045 fecissem
588 2014 748 2053 ordinem,
779 2017 804 2046 si
829 2016 910 2046 hanc
934 2017 1027 2048 vobis
1051 2019 1216 2050 veritatem
1241 2020 1427 2051 tacuissem.
1472 2019 1601 2051 Valete:
1624 2025 1656 2051 et
1676 2030 1739 2051 non
1763 2030 1845 2061 quae
1869 2025 1976 2051 vestra

334 2072 414 2103 sunt,
438 2065 493 2097 sed
518 2077 600 2107 quae
626 2066 697 2096 Iesu
723 2066 841 2098 Christi
865 2070 1009 2110 quaerite
1033 2076 1065 2100 et
1089 2070 1222 2111 diligite.

452 2170 478 2201 *Ἰ
505 2172 573 2197 Num
604 2172 643 2197 illi
675 2173 741 2205 «luo,
774 2174 820 2208 qni
850 2175 878 2200 in
907 2176 1043 2209 passione
1067 2177 1182 2202 Domini
1208 2177 1333 2203 crucifixi
1359 2182 1425 2204 sunt
1448 2187 1512 2204 eum
1536 2186 1570 2205 eo
1594 2177 1711 2204 omnino
1734 2177 1857 2204 infames
1881 2182 1972 2212 era-nt,

502 2233 563 2248 nnm
590 2224 697 2257 publivi
723 2225 860 2254 latrum-s.
892 2229 1032 2260 quornmc
1057 2237 1129 2253 unns
1154 2238 1210 2254 non
1234 2233 1344 2255 tantum
1369 2230 1437 2264 qnia
1461 2225 1617 2262 credulitd,
1647 2229 1698 2255 sed
1722 2229 1790 2264 quia
1812 2238 1881 2256 suae
1904 2229 1974 2256 fidei

502 2275 649 2300 verinum-1
669 2280 768 2301 contra
786 2277 905 2303 alterum
924 2278 1081 2305 defendero
1099 2280 1184 2316 cepit,
1203 2280 1310 2306 bonum
1328 2281 1398 2307 illud
1416 2285 1445 2307 et
1461 2281 1636 2308 delectabile
1652 2281 1771 2307 verbum
1789 2290 1807 2307 a
1821 2280 1972 2308 Salvatore
1993 2291 2021 2310 40

503 2330 599 2350 nostru·
618 2327 717 2352 :nnlirc
737 2328 853 2354 meruit:
881 2329 1002 2362 *Hodioss
1027 2330 1147 2362 scilivor,
1173 2334 1292 2357 ‘mecum
1318 2333 1374 2358 eris
1398 2333 1425 2358 in
1450 2332 1604 2367 paradiso'.
1643 2332 1726 2359 Unde
1743 2333 1771 2359 in
1791 2333 1905 2360 latrone
1921 2333 1972 2360 illo

504 2377 621 2401 maxim·-
647 2378 823 2404 d=·‹·l:1r:1tum
849 2381 1023 2413 agnoscitur.
1050 2383 1126 2416 qnod
1151 2383 1281 2409 defensio
1305 2383 1372 2409 fidoi
1397 2384 1562 2418 paradisum
1586 2385 1696 2419 pariter
1719 2388 1748 2411 et
1770 2393 1833 2411 cum
1857 2384 1971 2412 Christo

503 2439 563 2448 ······
589 2434 713 2454 mvrvtur
738 2438 767 2453 m.
784 2431 798 2452 2
819 2439 849 2454 ca·
872 2430 972 2456 Libello
993 2432 1049 2456 III.
1072 2433 1096 2456 iu
1118 2442 1201 2465 τηαν-9.
1223 2434 1288 2458 odd.
1313 2435 1341 2465 ¹;
1362 2434 1389 2459 in
1410 2439 1481 2459 lezlu
1502 2436 1526 2461 2.
1548 2436 1572 2460 3.

445 2537 469 2551 av
494 2535 629 2552 summu-nto
651 2532 665 2552 3
751 2532 775 2553 lt*
801 2540 921 2563 pvrvvrsy
943 2534 966 2557 ⁵2.
1043 2535 1069 2558 ct
1090 2543 1146 2558 rum
1167 2534 1236 2559 oblit.
1263 2537 1283 2559 l.
1362 2536 1390 2559 nl!
1411 2537 1485 2561 rcdid
1505 2537 1576 2562 oblit.
1601 2538 1622 2561 l.

444 2628 468 2654 1)
493 2627 625 2659 ‘inflaris
652 2629 670 2654 Ι,
697 2629 774 2662 rJu'=t.
800 2630 837 2657 λ’,
857 2630 910 2658 ⁴13.
938 2630 1007 2664 01η).
1032 2632 1076 2664 II,
1101 2633 1152 2659 col.
1179 2633 1255 2658 1074
1277 2635 1316 2667 A,-
1349 2634 1427 2667 Jaffd
1454 2635 1551 2660 1723:
1582 2635 1653 2661 Nam
1685 2635 1733 2670 qui
1764 2645 1822 2663 non
1853 2636 1973 2672 corrigit
1991 2645 2019 2664 (5

335 2677 490 2700 rom-wanda
516 2679 681 2704 wunninn:
707 2680 742 2710 rs,
767 2682 926 2709 ltrusdcdn.
949 2683 1068 2708 la'brlsus
1089 2687 1185 2709 contra.
1201 2685 1297 2710 simon.
1312 2685 1351 2717 II,
1376 2688 1390 2715 §
1411 2686 1455 2717 18,
1479 2696 1567 2720 supra
1586 2696 1617 2721 p.
1632 2687 1702 2714 3:35.
1769 2687 1799 2722 2)
1821 2687 1972 2723 Sequentia

334 2729 428 2752 arrum
453 2731 494 2755 ίᾗ
529 2733 553 2752 vt
579 2730 666 2762 ‹iuml›
690 2731 716 2754 in
744 2732 846 2755 lilws'a'u
871 2733 927 2757 III.
952 2734 1093 2768 descripta
1115 2739 1186 2762 sunt.
1297 2736 1325 2769 3)
1353 2736 1442 2770 Usque
1465 2738 1587 2771 potestis
1609 2738 1707 2765 facere
1730 2739 1759 2765 in
1783 2739 1888 2766 Libello
1911 2739 1971 2773 ΙΙΙ,

333 2789 358 2811 l„
380 2780 447 2806 ⁴188,
472 2781 489 2804 I.
512 2782 545 2804 12
563 2791 618 2813 *J‘l-
645 2783 739 2814 ruprsr'?
754 2792 769 2807 v.
