2132 3067
40 715 66 734 1⁰

37 974 63 993 15

35 1233 62 1251 2⁰

34 1490 60 1509 25

33 2008 60 2027 85

31 2267 59 2284 40

32 2615 61 2635 4⁵

608 149 723 176 LIBER
746 150 796 176 DE
820 149 975 176 HONORE
998 149 1216 177 ECCLESIAE.
1675 146 1736 177 625

87 243 145 276 est,
169 242 201 266 et
224 242 329 266 tamen
354 247 411 277 pro
428 236 488 267 hac
505 238 656 268 unctione
679 249 742 268 non
760 238 861 269 solum
879 239 1063 270 sacerdotes
1087 240 1263 277 instituere,
1289 239 1343 269 sed
1368 250 1407 269 ne
1424 239 1555 280 quidem
1582 238 1734 280 templum

87 287 258 318 aedificare
282 289 457 328 permissus
482 295 540 319 est.
586 289 758 320 Saletnona
783 297 899 329 autem,
924 291 978 332 qui
1003 291 1156 332 templum
1182 291 1373 330 aedificavit,
1399 302 1460 320 non
1486 291 1557 320 ideo
1582 290 1641 321 hoc
1665 301 1735 332 pro⁴

87 340 212 379 meruit,
237 340 311 381 quia
335 350 426 370 sacro
451 340 520 370 oleo
544 341 575 370 in
600 352 735 381 regnum
760 350 876 372 unctus
899 350 956 380 est,
981 341 1036 372 sed
1061 343 1137 383 quia
1161 341 1278 373 Christi
1303 342 1450 383 figuram,
1475 343 1528 383 qui
1553 353 1627 373 vere
1652 343 1735 383 paci-

86 391 166 422 ficus
185 398 326 421 sanctam
344 391 531 422 aecclesiam
549 391 709 427 aedificat,
735 392 804 433 ipso
822 394 950 424 nomine
966 394 1245 434 praemonstrabat
1257 401 1276 427 ¹,
1313 394 1347 425 Si
1371 395 1468 433 igitur
1488 400 1598 424 sancto
1616 393 1733 432 David,

87 442 290 484 prophetalib
306 443 411 483 gratia
428 442 532 483 plenO,
557 443 643 484 quod
664 444 769 473 minus
793 450 850 482 est,
876 452 986 485 utpote
1005 445 1072 475 viro
1090 445 1236 476 bellatori
1253 456 1441 476 concessum
1468 457 1528 475 non
1554 450 1610 485 est,
1635 445 1734 475 multo

86 495 188 535 magis
205 495 305 524 nostri
328 495 483 535 temporis
503 495 751 534 imperatoribus
769 495 828 525 hoc
845 496 1086 526 concedendum
1105 507 1167 526 non
1190 502 1246 533 est7
1271 502 1305 526 ut
1322 496 1504 527 sacerdotes
1526 497 1734 527 investientes

85 546 274 577 aecclesiam
299 556 357 576 suo
380 546 440 575 iuri
464 546 659 576 vindicentc.
706 546 800 584 Quod
826 548 909 577 enim
934 547 1091 578 aecclesia
1114 547 1211 578 habet
1235 548 1364 586 Christi,
1389 557 1419 579 et
1442 560 1504 579 non
1530 549 1732 590 imperatoris

85 605 143 636 cst,
177 598 254 639 quia
282 608 346 627 non
377 597 478 627 solum
509 597 699 638 spiritualia.
734 599 790 628 sed
821 600 915 629 etiam
948 599 1103 629 secularia
1133 599 1310 630 aecclesiae
1345 600 1472 630 Christo
1507 600 1612 630 dicata
1650 606 1732 633 sunt.

85 649 180 689 Quod
204 650 303 690 igitur
327 647 447 679 Christi
471 656 519 679 est
543 661 561 679 a
585 649 713 680 Christo
737 651 884 691 accipere
908 650 1072 689 debemus,
1100 655 1131 681 et
1154 661 1217 680 non
1241 662 1258 680 a
1283 652 1416 681 terrenis
1442 651 1652 692 principibus,
1699 652 1732 682 Si

84 702 168 732 enim
193 700 309 742 aliquis
332 700 507 731 forensium
541 700 734 742 populorum
765 701 850 743 quod
882 702 961 732 iuris
993 703 1039 732 sui
1071 708 1119 733 est
1149 708 1179 732 et
1209 701 1352 743 legaliter
1382 703 1442 732 sibi
1467 703 1634 733 dimissum
1665 705 1733 733 sinc

84 753 171 784 omni
202 753 391 783 investitura
422 753 555 793 regumd
584 753 749 794 possidere
779 754 965 789 dinoscitur,
998 762 1116 795 quanto
1149 754 1270 794 magist·
1296 754 1443 784 dominus
1469 754 1615 785 Christus
1671 755 1732 785 uod

84 805 147 836 sibi
176 805 258 835 iuste
288 803 430 844 legatum
461 809 510 834 est
539 804 704 845 possidere
735 811 766 835 et
795 806 845 834 cui
876 804 1014 836 voluerit
1048 806 1116 835 sine
1145 805 1278 836 alicuius
1311 807 1527 836 controversia
1559 806 1733 837 concedere

85 856 202 887 debet?
247 856 330 887 Sunt
344 863 453 886 autem
472 856 628 897 quaedam
647 856 832 895 aecclesiae,
856 868 937 898 quae
962 858 1053 887 iuxta
1077 857 1160 898 quod
1185 857 1279 887 etiam
1299 858 1411 887 beatus
1429 863 1520 898 pater
1537 858 1732 889 Benedictus

83 909 115 939 in
139 907 251 949 regula
274 907 360 938 suas·
371 913 392 946 2,
416 906 492 937 dum
517 908 556 937 de
580 907 654 938 filiis
671 908 837 941 nobilium,
862 908 1000 950 qualiter
1017 908 1215 949 suscipiendi
1240 910 1312 948 sint,
1337 909 1521 949 diffinit-ets,
1545 909 1665 949 docuit,
1690 911 1733 940 ita

83 959 238 1002 quasdam
272 959 492 1001 possessiones
527 960 718 1001 suscipiunt,
755 966 788 990 ut
822 971 862 990 ex
897 961 942 990 eis
974 960 1144 990 donatores
1181 960 1301 1001 aliquid
1332 961 1392 991 sibi
1424 962 1591 991 retineant.
1637 960 1730 1000 Quod

83 1018 254 1053 postquam
287 1016 443 1042 statutum
467 1011 571 1042 fuerit.
603 1012 840 1053 opservandum
874 1023 930 1053 per
953 1013 1060 1043 omnia
1085 1019 1142 1043 est.
1189 1011 1345 1050 Quamvis
1370 1014 1454 1042 enim
1478 1012 1634 1043 aecclesia
1659 1023 1729 1042 cum

82 1064 148 1094 suis
171 1063 321 1094 omnibus
344 1062 445 1093 libera
468 1063 518 1102 sit,
542 1068 649 1094 tamen
666 1063 851 1106 exemplum
877 1064 997 1094 domini
1016 1064 1135 1095 Christi
1160 1074 1298 1104 sequens
1323 1063 1505 1094 hominibus
1529 1064 1626 1095 seculi
1651 1075 1731 1106 quae

80 1114 207 1146 illorum
232 1120 307 1145 sunt
330 1126 448 1155 negare
471 1125 534 1144 non
559 1114 666 1146 debet.
713 1115 816 1146 Solvit
840 1116 970 1146 autemh
987 1116 1148 1145 Dominus
1172 1115 1338 1155 tributum,
1363 1115 1467 1157 quodi
1496 1127 1557 1146 non
1582 1115 1730 1153 debebat,

82 1167 167 1209 quod
197 1167 230 1197 in
254 1178 309 1198 ore
332 1167 430 1207 piscis
454 1167 619 1197 inventum
645 1172 701 1198 est.
750 1168 849 1198 Piscis
873 1179 949 1198 vero
980 1166 1032 1198 ille
1055 1166 1243 1198 aecclesiam
1268 1167 1439 1207 significat.
1484 1167 1520 1198 In
1546 1179 1599 1197 ore
1623 1174 1729 1198 autem

83 1219 181 1260 piscis
205 1224 313 1259 stater,
339 1218 422 1249 unde
445 1218 602 1249 tributum
626 1219 815 1258 solveretur,
844 1221 993 1250 inventus
1017 1225 1073 1257 est,
1099 1220 1174 1261 quia
1198 1230 1274 1260 sepe
1297 1217 1476 1249 aecclesiah
1500 1220 1623 1261 optinet
1648 1219 1731 1250 unde

80 1269 264 1301 hominibus
283 1269 383 1300 seculi
406 1271 507 1301 iustel
533 1269 653 1311 aliquid
672 1270 805 1302 reddere
822 1270 947 1302 debeat.
993 1270 1056 1309 Qui
1075 1282 1149 1301 vero
1166 1275 1347 1311 propterea,
1372 1271 1448 1312 quia
1464 1270 1590 1312 aliquae
1612 1271 1731 1301 aeccle-

80 1323 146 1353 siae
176 1323 259 1353 iuste
289 1321 410 1364 aliquid
435 1321 632 1363 persolvunt,
663 1334 717 1353 eas
741 1322 942 1353 secularibus
972 1321 1155 1353 hominibus
1188 1321 1325 1352 subdere
1348 1322 1469 1361 volunt,
1501 1333 1563 1353 non
1592 1323 1731 1354 iustitiae

78 1375 197 1413 favere,
228 1374 284 1405 sed
308 1375 409 1415 magis
433 1373 526 1405 ideoe
551 1374 611 1404 hoc
634 1374 740 1405 facere
764 1375 1008 1413 convincuntur,
1040 1380 1074 1404 ut
1097 1373 1222 1404 solitam
1247 1374 1427 1414 symoniam
1439 1380 1458 1394 ¹¹³
1482 1374 1595 1404 iterum
1620 1380 1730 1415 aperte

79 1437 230 1458 exercere
259 1426 393 1467 possint.
441 1425 521 1455 Nam
554 1426 610 1456 etsi
644 1437 706 1456 non
738 1431 802 1456 tam
834 1425 1002 1457 manifeste
1038 1432 1134 1467 patet,
1171 1432 1276 1456 tamen
1309 1425 1457 1456 subtilius
1492 1425 1591 1456 oculis
1621 1425 1730 1456 divina

80 1478 203 1509 ratione
226 1478 348 1518 apertis
379 1482 410 1507 et
432 1476 518 1507 istud
544 1488 616 1508 vere
640 1479 861 1519 symoniacum
891 1489 960 1509 esse
985 1478 1150 1519 probatur.
1195 1476 1275 1508 Nam
1301 1484 1381 1508 teste
1406 1477 1498 1508 beato
1523 1479 1729 1517 Augustino³

79 1529 151 1561 ideo
182 1529 303 1571 Syinon
331 1530 467 1570 gratiam
493 1529 555 1559 Dei
587 1531 711 1571 pretio¹¹
735 1529 809 1560 dato
841 1531 989 1571 accipere
1014 1529 1125 1567 voluit,
1159 1534 1192 1559 ut
1223 1529 1341 1560 exinde
1371 1528 1542 1570 gloriosior
1570 1540 1729 1570 apparens

81 1581 259 1612 divinitatis
283 1581 437 1612 honorem
461 1581 524 1611 sibi
547 1582 750 1612 ascisceret0.
795 1581 904 1612 Nostri
930 1592 1005 1612 vero
1026 1581 1180 1622 temporis
1204 1581 1379 1622 principes,
1406 1581 1459 1621 qui
1477 1580 1649 1611 aecclesias
1668 1581 1729 1611 Dei

78 1632 245 1674 possidere
261 1632 455 1670 desiderant,
480 1643 579 1674 quare
603 1634 713 1675 utique
737 1633 797 1664 hoc
820 1634 978 1673 ambiunt,
1001 1633 1062 1663 nisi
1088 1639 1122 1663 ut
1145 1633 1262 1663 exinde
1277 1631 1483 1672 gloriosiores
1508 1633 1539 1663 in
1556 1641 1729 1674 conspectu

79 1684 243 1715 hominum
267 1683 470 1726 appareant?
514 1684 609 1723 Quod
633 1696 696 1715 non
726 1696 796 1716 esse
825 1686 871 1716 eis
895 1684 1138 1716 concedendum
1163 1695 1281 1726 magna
1304 1685 1386 1714 ratio
1410 1683 1537 1722 clamat,
1568 1686 1642 1726 quia
1666 1696 1729 1715 non

81 1737 150 1768 ideo
173 1736 348 1767 aecclesias
372 1736 538 1778 possidere
555 1736 682 1777 debent,
707 1744 742 1768 ut
765 1737 897 1768 ditiores
920 1737 971 1767 vel
993 1737 1200 1778 gloriosiores
1223 1735 1297 1766 inde
1313 1741 1521 1776 appareantl’,
1546 1736 1602 1766 sed
1627 1737 1729 1777 magis

78 1789 142 1830 ipsi
165 1788 342 1820 aecclesiae
365 1789 488 1818 servire
511 1799 570 1829 pro
595 1787 696 1819 salute
719 1789 898 1819 animarum
916 1794 1068 1819 suarume
1093 1788 1220 1818 debent.
1255 1787 1370 1818 Pastor
1390 1794 1495 1817 autem
1520 1788 1550 1817 in
1573 1787 1729 1818 aecclesia

79 1852 142 1872 non
166 1841 229 1871 nisi
257 1851 315 1882 pro
340 1839 442 1871 salute
465 1839 643 1871 animarum
677 1839 752 1880 eligi
781 1841 886 1871 debet.
935 1841 1020 1881 Ergo
1045 1841 1099 1882 qui
1125 1840 1219 1870 dicit:
1252 1839 1353 1870 *Meae
1382 1844 1456 1869 sunt
1484 1838 1668 1877 aecclesiae,
1698 1845 1729 1870 et

78 1903 139 1934 ego
163 1893 226 1923 feei
249 1903 313 1932 eas,
331 1911 367 1914 —
391 1892 430 1922 de
455 1902 553 1933 regno
578 1892 661 1922 enim
687 1903 756 1922 ineo
780 1892 882 1923 factae
906 1899 979 1922 sunt
1003 1898 1034 1922 et
1058 1891 1133 1922 mihi
1158 1892 1277 1922 servire
1301 1890 1428 1929 debent,
1453 1896 1483 1920 et
1507 1901 1569 1920 non
1594 1898 1729 1932 possunt

79 1943 198 1975 habere
214 1949 366 1984 rectores,
383 1944 446 1974 nisi
463 1954 522 1983 ego
540 1942 667 1974 dedero’
685 1962 718 1965 ——
740 1954 846 1974 nonne
863 1944 948 1985 quod
966 1944 1029 1974 Dei
1047 1949 1095 1973 est
1111 1943 1141 1972 in
1159 1943 1208 1972 ius
1225 1943 1391 1983 proprium
1410 1941 1584 1972 vendicat?
1614 1942 1728 1973 Nonne

79 1995 140 2027 hoc
163 2002 274 2037 aperte
298 2002 348 2026 est
371 2006 432 2026 non
457 1994 560 2025 solum
580 1995 731 2036 Symonis
755 1995 905 2026 malitiam
931 1996 1060 2035 imitari,
1085 1995 1139 2025 sed
1165 1995 1259 2024 etiam
1284 1993 1532 2024 transcendere?
1566 1994 1628 2032 An,
1653 1995 1728 2035 quia

78 2053 165 2078 non‘l
188 2048 342 2089 pecunias
366 2046 543 2088 pollicetur,
568 2046 623 2077 sed
648 2046 790 2088 gladium
816 2047 956 2077 minatur
966 2052 988 2086 ⁴,
1011 2046 1084 2076 ideo
1108 2046 1313 2087 symoniacus
1337 2056 1399 2075 non
1423 2051 1470 2076 est
1493 2045 1686 2076 habendus?

186 2099 272 2130 Huic
293 2105 400 2130 auten]
417 2099 598 2141 nequitiaee
614 2099 645 2129 vi
663 2104 802 2138 coactus,
826 2099 1050 2140 compassione
1068 2097 1218 2128 videlieet
1234 2108 1363 2127 suorum
1381 2096 1513 2127 fratrum
1532 2103 1563 2127 ct
1579 2096 1726 2137 filiorum,

79 2162 160 2193 quos
191 2151 274 2182 male
305 2152 436 2182 tractari
458 2150 601 2190 videbat,
632 2150 771 2181 dicitur⁵
802 2150 938 2181 domnus
964 2161 1049 2192 papa
1073 2149 1238 2180 paschalis
1262 2148 1302 2179 Π.
1327 2149 1358 2178 in
1389 2154 1511 2179 tantum
1538 2148 1725 2190 praebuisse

78 2213 254 2243 assensum,
279 2209 313 2234 ut
336 2202 505 2244 privilegio
530 2208 704 2233 concess0⁶
728 2202 788 2233 hoc
814 2202 1004 2243 permiserit,
1035 2206 1069 2232 ut
1092 2202 1266 2242 episcopus
1292 2212 1355 2230 non
1381 2206 1594 2241 consecretur,
1622 2201 1685 2231 nisi
1708 2213 1727 2231 a

79 2255 210 2297 regibus
233 2254 330 2285 anulo
354 2260 384 2286 et
408 2253 522 2285 baculo
547 2255 748 2294 investiatur,
774 2262 805 2285 et
821 2265 905 2296 papa
930 2254 998 2284 sine
1023 2254 1182 2294 permissu
1206 2253 1291 2293 regis
1315 2258 1475 2294 pastorem
1501 2263 1563 2282 non
1589 2251 1725 2293 eligat⁷:

190 2370 216 2402 a)
239 2370 362 2395 salomon
382 2366 460 2394 B2b.
546 2370 698 2403 b)4)p'l'1³li⁵
719 2370 744 2394 B
757 2372 780 2394 1.
866 2374 890 2399 c)
911 2369 1055 2393 vendicent
1075 2367 1134 2392 ΒΞ.
1222 2367 1248 2397 d)
1271 2367 1342 2391 deest
1362 2366 1422 2391 Bt).
1511 2367 1535 2398 e)
1558 2367 1628 2391 deest
1648 2364 1726 2392 132¹).

79 2416 101 2447 f)
121 2416 155 2441 de
175 2416 250 2447 add„
270 2417 317 2441 sed
336 2416 388 2441 clel-
408 2415 483 2440 BQa.
568 2417 595 2448 g)
619 2416 698 2442 defin.
719 2413 795 2441 B2b.
879 2415 908 2441 b]
930 2423 1060 2446 superscr.
1082 2414 1157 2438 132⁸.
1237 2413 1258 2443 i)
1278 2414 1322 2444 qui
1343 2413 1368 2437 B
1381 2415 1403 2437 1.
1480 2413 1510 2443 k)
1531 2414 1644 2444 ecclesie
1665 2413 1690 2437 B
1703 2415 1726 2438 1.

79 2462 101 2493 l)
120 2463 189 2494 iuste
210 2462 270 2487 Bi.
355 2464 390 2492 m)
412 2463 594 2494 symoniacam
616 2462 641 2486 B
655 2464 677 2487 1.
762 2462 791 2491 ιι)
813 2462 837 2486 d.
859 2462 948 2493 precio
970 2461 1030 2485 132.
1116 2460 1141 2490 ο)
1165 2459 1309 2484 ascriberet
1329 2456 1406 2484 Bab.
1490 2459 1518 2491 p)
1541 2459 1582 2483 hic
1603 2460 1658 2484 cod.
1673 2459 1698 2483 B
1712 2462 1723 2483 l

79 2507 176 2533 desinit
190 2509 217 2540 s.
233 2507 286 2533 57¹.
305 2507 333 2532 in
354 2507 442 2532 media
458 2508 571 2540 pagina.
648 2510 675 2540 q)
695 2516 752 2540 pec.
774 2516 827 2532 non
849 2505 925 2532 B‘Jf’.

188 2610 217 2645 1)
245 2610 315 2637 Isia.
339 2611 430 2644 Etym.
453 2610 517 2643 VII,
544 2612 570 2645 6,
597 2610 646 2640 65,
674 2611 718 2637 ed.
742 2610 879 2636 Arenata-Q
903 2609 962 2642 III,
987 2618 1018 2642 p.
1037 2608 1115 2634 3³23.-
1145 2607 1283 2634 Salomon
1313 2608 1426 2641 dicitur⁷
1457 2608 1487 2634 id
1510 2611 1554 2634 est
1575 2607 1723 2642 pacificus,

82 2661 112 2696 2)
133 2661 245 2696 Regula
267 2661 299 2689 S.
324 2662 469 2688 Benedicti
491 2672 514 2688 c.
538 2662 586 2695 59,
617 2663 659 2689 ed.
683 2662 719 2687 E.
741 2662 866 2688 Schmidt
889 2661 1078 2694 (Rutisbmzae
1104 2659 1197 2694 1880)
1217 2669 1247 2694 p.
1272 2660 1326 2686 61:
1355 2663 1502 2686 reservato
1534 2659 1606 2692 sibi,
1638 2659 1660 2684 si
1685 2659 1725 2685 ita

79 2712 233 2746 voluerint,
257 2721 339 2739 usum
362 2713 516 2739 fructuum.
605 2713 634 2747 3)
656 2712 698 2746 Cf.
716 2714 807 2739 Serm.
829 2712 894 2743 197,
919 2714 934 2743 ἓ
951 2712 977 2743 3,
1006 2712 1077 2746 opp.
1098 2711 1126 2744 V,
1149 2712 1202 2738 col.
1221 2711 1290 2738 905.
1378 2711 1408 2745 4)
1431 2711 1501 2738 Seil.
1524 2711 1675 2737 Heinricus
1694 2711 1722 2737 V.

78 2764 241 2798 imperator.
319 2766 348 2798 5)
371 2765 528 2799 Praecipue
550 2765 585 2791 ab
602 2765 697 2798 Ivone,
721 2765 800 2798 epist.
819 2764 889 2791 236.
913 2764 932 2790 l.
948 2764 967 2790 l.
1002 2764 1033 2790 S.
1112 2763 1141 2797 6)
1166 2763 1264 2790 Jseme
1280 2763 1374 2796 Aprili
1394 2772 1422 2789 a.
1441 2763 1532 2788 1111.
1612 2762 1639 2796 7)
1663 2763 1725 2788 Hoc

78 2815 108 2842 in
121 2815 275 2850 privilegio
290 2816 382 2850 (Jaffc
400 2816 430 2848 V,
445 2825 474 2851 p.
489 2816 548 2842 2?ss
562 2816 616 2851 sq.)
631 2825 685 2842 non
701 2816 820 2850 leyit11r;
836 2816 917 2841 immo
934 2815 1077 2849 episcopos
1093 2818 1116 2841 et
1133 2815 1246 2841 abbales
1261 2815 1346 2841 libere
1362 2814 1500 2849 eliycrzdos
1515 2814 1656 2842 statuitur.
1692 2813 1723 2839 S.

152 2871 249 2896 Libelli
269 2871 301 2895 de
321 2871 375 2895 tite.
404 2871 440 2896 11.
1459 2869 1490 2892 79

1751 1129 1901 1148 chatthJL
