2132 3067
186 2011 225 2030 El..
235 2011 316 2031 33.12.

169 2214 287 2237 etApncsz

291 2214 317 2235 ,ss.

335 170 372 200 14
731 169 883 195 LIBELLI
908 167 1103 194 BERNALDI
1128 165 1368 193 PRESBYTERI
1391 164 1578 192 MONACHI.

334 260 437 291 saltim
475 258 676 298 verisimiles,
719 257 919 288 asscribant¹
958 267 1011 287 eas
1050 255 1195 296 personis
1237 253 1436 284 indubitatae
1473 253 1668 291 sanctitatis,
1703 257 1738 284 ut
1771 251 1829 283 sub
1867 263 1979 284 earum

333 312 501 342 sanctitate
525 321 633 341 eorum
658 309 855 350 recipiantur
879 308 1009 338 neniae:
1032 306 1088 337 sed
1113 307 1284 337 incassum.
1337 304 1466 343 Quanto
1495 305 1580 335 enim
1610 304 1715 334 minus
1740 303 1780 334 de
1803 303 1979 335 earundem

332 372 540 404 personarum
567 362 735 391 sanctitate
765 359 960 396 dubitamus,
989 363 1076 388 tanto
1109 357 1211 397 inagis
1242 356 1353 387 nenias
1384 355 1498 386 iisdem
1529 355 1713 396 asscriptas,
1741 355 1904 386 canonicis
1933 355 1980 386 in-

333 412 553 444 stitutionibus
578 412 765 450 contrarias,
789 410 949 441 credimus
973 420 1042 440 esse
1066 408 1172 439 falsas.

437 463 579 494 Transeo
603 469 709 493 autem
734 463 833 504 ipsius
863 460 1018 502 epistolae
1049 460 1260 499 coniecturas,
1290 459 1321 489 in
1355 457 1484 499 quibus,
1516 463 1579 499 qu‘a
1607 458 1776 488 occasione
1800 457 1979 499 predictum

333 520 430 556 caput
461 515 501 545 sit
532 513 715 552 confictum,
747 514 823 543 satis
853 518 946 543 caute
978 511 1154 544 dubitatur,
1208 510 1364 549 Quamvis
1393 508 1470 539 nihil
1500 509 1626 540 intersit
1655 509 1825 550 invenisse,
1854 519 1911 540 cur
1940 509 1990 540 sit·

333 567 560 607 conscriptum,
585 576 657 595 cum
684 565 766 595 iden]
792 565 897 605 ipsum
924 574 1034 593 sacrae
1058 563 1235 604 scripturae
1259 560 1422 592 adversari
1447 561 1626 592 certissime
1649 561 1690 591 sit
1713 561 1896 602 probatum.

438 617 599 656 Quantum
627 626 700 647 vero
730 616 808 656 ipsa.
828 614 962 656 epistola
993 614 1099 645 deviet
1129 624 1147 643 a
1176 613 1308 644 veritate
1339 613 1369 642 in
1399 611 1590 643 diaconibus
1614 611 1753 653 Siciliae,
1786 623 1828 643 ex
1851 611 1980 653 scriptis

333 667 415 697 beati
442 667 590 707 Gregorii
623 667 742 708 poteris
773 665 934 706 colligere,
965 676 982 695 a
1014 665 1132 707 quibus
1162 676 1211 696 me
1241 665 1271 695 in
1303 662 1482 694 rationibus
1514 664 1592 695 ineis
1623 663 1804 695 nullatenus
1834 663 1981 694 deviasse

334 717 489 749 iudicabit
513 718 708 760 quicumque
732 717 859 748 easdem
885 722 917 747 et
939 717 1059 758 scripta
1084 715 1171 746 beati
1196 715 1345 757 Gregorii
1370 715 1510 746 fideliter
1533 715 1785 746 consideravitb:
1812 725 1871 745 nec
1895 713 1982 745 dicet

333 780 382 799 me
407 769 536 806 dixisse,
561 768 646 810 quod
671 774 802 799 sanctus
827 768 1004 807 Gregorius
1029 768 1290 798 incontinentiam
1315 765 1525 797 diaconorum
1551 765 1681 801 Siciliae
1710 777 1770 808 per
1799 765 1981 807 suspensio—

332 832 404 851 nem
440 820 547 855 officii,
577 819 632 850 sed
663 831 718 861 per
749 819 999 861 prohibitionem
1030 819 1206 860 superioris
1237 817 1357 860 gradus
1388 817 1601 849 vindicasset:
1632 829 1690 850 nec
1721 817 1807 848 dicet
1835 822 1980 848 sanctum

333 872 525 913 Gregorium
550 871 592 902 ibi
618 871 736 902 eisdem
763 871 954 902 diaconibus
986 871 1193 908 concessisse,
1225 877 1259 901 ut
1287 869 1378 901 altari
1408 869 1592 900 ministrare
1615 869 1780 911 deberent,
1809 869 1838 900 si
1860 879 1894 900 se
1918 879 1982 899 non

334 923 545 953 continerent.
603 921 690 953 Idem
715 923 810 953 etiam
836 922 944 953 videre
968 923 1085 964 poterit
1108 927 1256 952 sanetum
1282 920 1477 963 Gregorium
1501 922 1700 952 continentes
1724 919 1851 952 Siciliae
1875 919 1982 951 diaeo-

333 986 388 1006 nes
414 985 470 1016 pro
495 975 700 1012 continentia,
725 985 787 1004 non
812 985 868 1015 pro
893 974 1084 1004 feminarum
1110 973 1348 1004 cohabitatione
1372 971 1551 1004 laudandos
1575 973 1815 1015 pronunciasse.

437 1024 531 1064 Quod
556 1031 661 1056 autem
687 1025 838 1067 deinceps
863 1024 972 1056 literae
996 1036 1014 1055 a
1037 1031 1067 1056 te
1092 1024 1166 1055 inihi
1192 1025 1398 1055 transmissae
1421 1023 1462 1055 de
1485 1023 1664 1066 Tripartita
1687 1024 1811 1066 fingant
1837 1022 1981 1063 historia,

333 1087 390 1108 nec
416 1077 502 1118 ipsae
527 1076 675 1107 videntur
698 1075 894 1118 explicasse;
924 1077 955 1107 in
980 1088 1043 1119 qua
1066 1075 1248 1107 nullatenus
1271 1075 1394 1118 aliquid
1421 1075 1659 1117 repudiandum
1683 1075 1896 1114 esse'censui‚
1919 1074 1983 1105 nisi

335 1127 420 1170 quod
444 1138 461 1158 a
486 1129 603 1158 sanctis
627 1128 774 1169 patribus
798 1127 1105 1160 anathematizatum
1130 1129 1274 1169 recipere
1298 1138 1361 1158 non
1386 1128 1578 1170 presumpsi.

438 1179 554 1210 Postea
578 1190 652 1210 vcro
677 1180 766 1221 ipsae
789 1190 852 1210 non
876 1179 983 1222 aliqua
1006 1181 1130 1211 ratione
1154 1179 1302 1220 probant,
1326 1178 1381 1210 sed
1398 1184 1523 1210 tantum
1541 1179 1736 1210 verbotenus
1752 1177 1981 1220 pronunciant,

333 1241 382 1260 mc
407 1231 513 1261 nescio
537 1230 613 1272 quid
638 1237 750 1262 contra
773 1231 975 1262 sacerdotum
1002 1231 1146 1262 ordinem
1180 1230 1362 1273 protulisse,
1395 1241 1468 1261 cum
1497 1241 1556 1261 nee
1585 1229 1716 1261 eaedem
1741 1229 1845 1260 saltim
1870 1232 1983 1260 contra

333 1287 375 1320 te,
406 1282 445 1312 ad
478 1293 571 1324 quem
603 1281 785 1323 specialiter
813 1283 940 1324 scripsi,
973 1293 1022 1313 me
1051 1282 1173 1324 aliquid
1206 1281 1444 1323 reprobandum
1476 1281 1527 1312 vel
1557 1287 1611 1313 tua
1640 1281 1816 1312 offensione
1846 1280 1980 1322 dignum

333 1333 534 1375 aliquatenus
565 1333 702 1374 probent
733 1333 864 1365 dixisse.
910 1334 1063 1376 Nunquid
1093 1334 1178 1364 enirn
1212 1333 1325 1365 merito
1356 1338 1386 1364 tc
1418 1332 1468 1364 vel
1499 1332 1569 1364 illos
1600 1332 1742 1372 offendit,
1771 1333 1797 1363 si
1827 1342 1887 1373 ego
1917 1334 1982 1362 non

333 1395 437 1424 meas,
462 1384 517 1415 sed
541 1390 748 1415 sanctorumc
771 1393 895 1427 patrum
921 1387 1060 1417 rationes
1085 1384 1260 1427 capitulum
1287 1386 1458 1416 Sozomeni
1483 1385 1684 1416 destruentes
1713 1390 1745 1416 et
1767 1383 1827 1415 sub
1850 1382 1982 1414 anathe—

334 1441 418 1466 mate
441 1435 630 1467 damnantes
659 1436 797 1468 fideliter
820 1437 943 1478 collegi,
974 1443 1069 1479 teque
1101 1443 1135 1468 ut
1162 1437 1302 1467 amicum
1332 1437 1371 1468 de
1395 1437 1538 1468 cavendo
1561 1435 1764 1467 anathemate
1787 1433 1982 1477 premonui?

334 1486 419 1526 Quid
444 1498 559 1529 nempe
584 1495 695 1519 contra
720 1494 749 1519 te
772 1489 833 1520 feci
858 1488 989 1529 dignuin
1016 1488 1226 1530 blasphemia,
1255 1489 1279 1519 si
1305 1489 1489 1519 testimonio
1513 1494 1697 1519 sanctorum
1721 1492 1846 1528 patrum
1871 1485 1982 1517 Ihero-

334 1539 422 1579 nimi,
447 1538 607 1581 Gregorii,
633 1540 740 1571 Siricii
765 1546 795 1570 et
818 1539 1015 1582 reliquorum
1040 1540 1078 1571 de
1103 1539 1251 1581 capitulis
1273 1539 1385 1571 Niceni
1410 1539 1538 1571 concilii
1562 1540 1669 1581 potius
1692 1537 1886 1570 credendum
1909 1547 1981 1568 esse

334 1590 466 1628 asserui,
491 1602 586 1632 quam
613 1590 764 1622 historiae
789 1591 977 1622 cuiusdam⁰
1002 1592 1110 1622 nescio
1135 1592 1228 1622 cuius
1253 1591 1449 1623 Sozomeni‘?

441 1641 503 1672 Sed
529 1653 584 1673 cur
607 1642 780 1673 earundem
805 1642 968 1674 literarum
994 1643 1100 1674 denuo
1125 1643 1234 1674 incudi
1259 1642 1494 1674 reddendarum
1518 1642 1672 1684 ambages
1702 1651 1880 1684 prosequar
1903 1639 1982 1672 ulte-

334 1693 410 1732 rius,
435 1704 504 1723 cum
531 1694 619 1735 ipsae
644 1694 819 1735 capitulum
845 1694 1026 1735 Sozomeni,
1051 1694 1137 1736 quod
1162 1706 1224 1725 non
1249 1700 1421 1736 potuerunt
1443 1695 1577 1736 ratione,
1605 1695 1668 1725 iam
1698 1692 1856 1724 conviciis
1879 1692 1982 1723 nitan-

334 1750 386 1774 tur
409 1743 602 1775 defendere?
646 1745 746 1784 Quae,
780 1747 919 1787 inquam,
951 1747 1098 1776 convicia
1130 1757 1193 1777 uon
1222 1745 1298 1776 mihi
1329 1758 1458 1785 nocere,
1487 1745 1543 1777 sed
1574 1746 1682 1788 potius
1705 1745 1736 1775 in
1760 1748 1858 1786 caput
1879 1743 1985 1785 ipsius‘

335 1796 499 1837 scriptoris
523 1796 702 1828 redundare
734 1796 845 1827 leviter
874 1797 1072 1838 probassem,
1104 1798 1130 1829 si
1160 1808 1223 1828 non
1256 1808 1313 1839 pro
1344 1797 1415 1829 talis
1443 1798 1541 1829 amici
1570 1796 1748 1828 reverentia
1775 1795 1982 1827 dimisissem.

338 1847 406 1887 Ego
430 1848 566 1889 nemped
591 1853 711 1889 patrem
730 1848 799 1879 Noe
825 1860 954 1890 semper
977 1848 1094 1880 habere
1118 1849 1288 1888 desiderio,
1313 1850 1404 1880 cuius
1428 1848 1580 1891 pudenda
1595 1859 1666 1879 cum
1691 1849 1754 1878 iam
1779 1846 1900 1878 dudum
1925 1857 1983 1888 per

336 1899 562 1940 paenitentiam
587 1900 649 1930 sint
673 1899 852 1939 annullata,
876 1900 1040 1932 denudare
1071 1911 1129 1931 nec
1154 1900 1225 1931 volo
1249 1912 1307 1932 nec
1329 1901 1430 1932 valeO.
1487 1901 1679 1942 Quicunque
1708 1899 1794 1930 eniti]
1824 1897 1879 1929 illa
1907 1901 1984 1940 post

336 1951 563 1992 paenitentiam
589 1952 779 1982 remansisse
804 1957 968 1992 testatur⁰‚
991 1963 1054 1983 non
1079 1951 1293 1992 Christianus,
1317 1951 1372 1983 sed
1396 1951 1597 1983 Novatiauus
1621 1962 1690 1982 esse
1714 1950 1884 1990 iudicatur,
1907 1959 1981 1980 cum

337 2003 405 2043 ipsc
425 2002 581 2033 Dominus
605 2013 661 2043 per
679 2002 880 2033 Ezechielem
907 2003 1096 2045 prophetam
1120 2004 1222 2035 dicat:
1247 2004 1403 2046 Impietas
1426 2004 1522 2045 impii
1546 2015 1608 2034 non
1634 2002 1753 2034 nocebit
1777 2003 1816 2041 ei,
1841 2002 1876 2033 in
1899 2012 1980 2043 qua—

337 2066 470 2095 cumque
494 2055 545 2085 (lie
568 2066 739 2085 conversus
753 2054 860 2095 fuerit
886 2055 925 2085 ab
951 2056 1112 2096 impietate
1135 2067 1208 2087 sua.
1248 2054 1404 2086 Pudenda
1421 2055 1570 2086 videlicet
1585 2065 1649 2085 non
1665 2053 1743 2094 Noe,
1767 2052 1823 2085 sed
1841 2051 1982 2092 Nikolai,

339 2104 428 2136 l‘auli
454 2104 674 2136 Samosatheni
700 2106 844 2147 episcopi
870 2107 1074 2146 Anthioeeni,
1099 2113 1129 2138 et
1152 2106 1348 2149 reliquorum
1374 2106 1557 2138 huiusmodi
1581 2111 1707 2148 patrum
1732 2105 1905 2144 denudavi,
1927 2104 1983 2147 qui

339 2167 449 2186 omnes
480 2157 671 2187 unanimiter
701 2163 929 2188 consenserunt
959 2158 1230 2190 anathematizato
1260 2158 1429 2190 Sozomeni
1458 2157 1610 2200 capitulo.
1661 2157 1791 2199 Quippe
1814 2155 1984 2196 Nikolaus,

339 2209 370 2237 in
402 2207 604 2249 Apokalypsi
637 2207 856 2239 heresiarches
889 2209 1069 2250 denotatus,
1102 2211 1168 2240 suis
1200 2210 1452 2241 condiaconibus
1482 2211 1577 2241 etiam
1609 2219 1795 2240 communes
1824 2207 1985 2239 concessit

340 2266 488 2289 uxores1.
536 2259 652 2290 l‘aulus
677 2271 750 2290 vero
776 2260 1028 2292 Samosathenus
1053 2273 1091 2292 ne
1116 2263 1183 2303 ipse
1208 2261 1247 2293 de
1273 2262 1461 2294 seminarum
1487 2261 1704 2292 familiaritate
1727 2271 1746 2291 a
1769 2259 1894 2292 clericis
1917 2259 1984 2290 suis

339 2316 550 2349 accusaretur,
582 2311 701 2341 eisdem
721 2307 942 2342 ⁴faeminarum
975 2313 1246 2345 cohabitationem
1276 2314 1471 2344 concessisse
1502 2313 1534 2343 in
1564 2312 1804 2344 aecclesiastica
1827 2310 1983 2342 historia²

340 2362 536 2403 perhibetur.
584 2362 675 2393 Unde
699 2369 729 2393 ct
753 2363 813 2404 ipsi
841 2374 896 2404 pro
920 2363 991 2395 aliis
1015 2365 1080 2395 suis
1104 2365 1271 2396 heresibus
1302 2376 1360 2407 pro
1384 2364 1449 2411 hac*
1467 2365 1535 2406 ipsa
1559 2375 1668 2396 eorum
1693 2363 1900 2405 usurpatione
1922 2361 1983 2393 sub

340 2419 474 2447 aeterno,
493 2413 632 2444 damnati
658 2420 730 2444 sunt
755 2414 967 2446 anathemate.
1014 2416 1148 2454 Horum,
1180 2417 1321 2458 inquam,
1350 2416 1501 2457 pudenda
1531 2422 1561 2447 et
1589 2427 1609 2447 a
1637 2421 1677 2455 te,
1706 2420 1737 2446 et
1765 2414 1806 2446 ab
1835 2413 1983 2446 omnibus

341 2464 441 2495 zelum
463 2465 520 2494 1›‹=i
547 2464 736 2496 habentibus
762 2472 833 2496 sunt
858 2466 1050 2508 detegenda,
1074 2479 1113 2498 ne
1136 2468 1318 2498 fraternae³
1341 2468 1452 2498 mortis
1475 2467 1596 2498 crimen
1615 2466 1793 2506 incurratis,
1817 2466 1844 2497 si
1865 2464 1984 2498 idiotae

342 2521 473 2557 pereant
503 2516 645 2556 ipsorum
678 2518 951 2558 perniciosissima
981 2518 1182 2560 deceptione,
1213 2519 1266 2561 qui
1297 2525 1328 2550 et
1355 2518 1489 2549 aliorum
1520 2518 1674 2561 pudenda
1703 2529 1761 2560 per
1789 2516 1984 2548 obstinatam

342 2566 556 2597 defensi‹›n‹·m
583 2567 755 2598 effecerunt
778 2568 837 2599 sibi
863 2570 1002 2610 propria.
1861 2559 1866 2565 ³

453 2653 477 2668 ni
500 2646 536 2668 vis
558 2645 642 2669 ndscr.
664 2654 708 2669 eas
729 2655 855 2678 personas
877 2648 907 2673 G.
984 2650 1009 2671 h¹
1034 2649 1211 2674 considerabit
1232 2650 1264 2674 Ω.
1341 2650 1365 2680 c)
1389 2649 1458 2673 deest
1479 2648 1510 2673 G.
1586 2648 1613 2679 d)
1636 2647 1742 2680 quidem
1763 2647 1794 2672 G.
1870 2649 1896 2680 e)
1914 2647 1984 2680 qliae

344 2695 491 2721 sequuntur
518 2699 598 2722 usquc
627 2691 662 2714 ad
691 2693 767 2716 rcrbn
795 2694 815 2716 si
845 2694 982 2718 l'afnutius
1010 2694 1035 2718 in
1063 2695 1172 2726 cpiseola
1199 2694 1250 2725 IV,
1272 2704 1299 2727 p.
1325 2695 1364 2719 lS.
1392 2695 1424 2719 ab
1451 2695 1502 2719 alio
1530 2693 1639 2718 librario
1666 2692 1765 2725 scripta
1789 2697 1859 2720 sunt.

1997 467 2011 487 5

2001 724 2028 743 10

2001 981 2029 1000 15

2001 1241 2029 1260 20

2001 1497 2029 1517 2⁵

2001 2011 2029 2030 ³⁵

2001 2267 2030 2286 40

2003 2523 2031 2543 ⁴5

453 2766 478 2794 l)
506 2766 604 2791 Iz'nseb.
630 2767 692 2792 hist.
717 2768 781 2794 ecc-7.
807 2777 888 2799 (cers.
915 2769 999 2802 Rus.)
1023 2770 1040 2797 Ι,
1060 2770 1116 2801 III,
1142 2779 1164 2796 ο.
1183 2770 1231 2795 29.
1317 2760 1320 2762 v
1353 2770 1381 2803 2)
1404 2769 1509 2795 Ibidem
1533 2769 1550 2797 I.
1574 2768 1638 2801 VII,
1662 2778 1685 2795 c.
1703 2768 1752 2795 25.
1875 2767 1906 2803 3)
1927 2767 1985 2796 ’Βία
2007 2768 2012 2774 ”
2041 2793 2048 2800 ,

345 2815 433 2841 verbis
457 2817 564 2843 ’'nc'wu!
588 2819 703 2850 epistula
733 2819 854 2845 ll'idmris
879 2821 1012 2846 mmmmm.
1038 2821 1139 2846 Libelli
1161 2822 1194 2847 de
1216 2821 1264 2847 lile
1287 2821 1310 2853 Ι,
1332 2830 1361 2855 p.
1380 2821 1407 2847 5.

2003 2825 2032 2845 ⁶0
