2132 3067
59 723 85 742 10

58 980 84 999 1⁵

59 1238 86 1257 20

58 1496 84 1516 2⁵

57 1757 85 1776 80

59 2013 86 2033 ³5

59 2270 87 2289 40

59 2624 87 2643 45

661 157 713 184 DE
736 155 862 184 CAUSA
885 156 1060 184 HEINRICI
1084 156 1206 183 REGIS.
1703 151 1765 183 ‘289

111 248 164 289 qui
189 258 314 278 omnem
339 247 495 289 pudorem
519 247 610 288 ponit
634 247 664 277 in
688 245 870 288 propatuIO.
917 245 961 276 Ut
984 250 1090 276 autem
1116 245 1178 285 illa,
1204 256 1286 288 quae
1310 245 1378 275 sine
1401 256 1533 275 numero
1554 250 1638 285 sunt,
1663 250 1766 276 tacea—

110 310 190 339 mus,
213 298 363 330 videlieet
385 299 661 329 concremationes
685 297 904 336 ecclesiarum,
928 296 1208 338 dep1·aedati0neS‚
1232 296 1417 335 homicidia,
1448 295 1606 335 incendia,
1639 301 1765 328 trunca-

110 351 221 390 tiones,
245 355 277 381 et
301 350 360 381 hiis
384 349 509 390 similia,
534 361 615 391 quae
640 348 692 380 ille
715 349 846 380 facerea
870 353 986 390 potest,
1011 359 1068 379 nos
1093 359 1282 379 enumerare
1305 359 1369 378 non
1393 358 1581 389 possumus:
1610 359 1657 387 ea,
1682 358 1764 389 quae

109 402 249 432 maxime
273 401 440 433 ecclesiam
465 401 529 432 Dei
552 407 704 442 gravant,
736 400 912 442 loquamur,
961 399 1047 430 Audi
1072 411 1149 441 ergo
1174 411 1266 437 vera,
1294 411 1356 430 non
1380 399 1505 431 fucata!
1553 400 1636 431 Audi
1661 400 1765 437 fortia,

108 464 170 484 non
202 453 322 484 faceta!
370 452 499 492 Omnis,
530 453 584 495 qui
616 452 790 494 dignitates
820 450 982 494 spiritales
1011 451 1136 489 vendit,
1168 451 1327 482 hereticus
1360 458 1417 482 est.
1463 451 1624 482 Dominus
1655 457 1762 483 autem

107 504 280 545 Henricus,
305 516 399 547 quem
423 515 534 546 regem
558 503 679 542 dicunt,
704 504 910 545 episcopatus
935 509 966 533 et
988 502 1136 534 abbatias
1160 502 1280 533 vendit.
1326 502 1454 534 Etenim
1473 502 1764 541 Constantiensem‚

108 556 415 598 Babinbergensem‚
432 556 750 597 Maguntiaeensem¹
769 560 801 586 et
817 554 925 597 plures
942 553 1022 585 alias
1038 565 1097 595 pro
1115 554 1260 596 pecunia,
1277 553 1565 596 Radisponensem‚
1579 555 1762 596 Augustei]-

106 619 184 648 sem,
209 607 533 649 ‘Strazbu1-gensem2
556 618 614 649 pro
638 606 756 648 gladio,
779 606 945 637 abbatiam
964 605 1157 636 Fuldensem
1184 616 1242 647 pro
1266 605 1453 645 adulterim,
1478 606 1760 638 Monastericnsem
1783 618 1810 637 m
1842 622 1847 632 ›

106 661 354 702 episcopatum*
377 679 415 683 —
440 660 524 701 quod
550 658 657 689 dicere
685 663 717 689 et
747 658 859 689 audire
889 657 978 688 nefas
1008 662 1057 688 est
1082 676 1117 680 —
1143 668 1201 698 pro
1231 657 1424 688 sodomitica
1452 658 1658 690 immunditia
1687 669 1763 690 ven—

105 711 196 743 didit.
249 711 340 751 Quae
371 712 398 742 si
426 710 632 752 impudenter
661 720 780 752 negare
810 709 966 747 volueris,
997 713 1076 740 teste
1107 708 1211 749 caelo,
1243 714 1324 740 teste
1355 715 1448 749 terra,
1480 720 1593 741 omnes
1624 711 1719 740 etiam
1745 722 1763 741 a

104 763 197 794 furno
228 762 400 794 redeuntes
431 761 519 793 scioli
550 761 758 792 concludent:
790 771 866 802 ergo
897 761 1047 791 dominus
1071 760 1232 791 Heni-icus
1263 760 1423 792 hereticus
1455 766 1512 792 est.
1558 761 1619 792 Pro
1645 761 1762 802 quibus

103 814 250 846 nefandis
273 813 366 845 malis
389 814 430 845 ab
454 813 632 856 apostolica
654 812 729 844 sede
752 813 1060 851 excommunicatus,
1084 823 1143 843 nec
1163 823 1310 854 regnum,
1334 823 1394 843 nec
1411 818 1602 854 potestatem
1621 813 1761 855 aliquam

105 877 201 908 super
223 877 291 905 nos,
315 867 391 908 quia
413 865 568 896 katholici
592 876 713 903 sumus,
738 865 855 906 poterit
879 865 1035 905 optinere.
1082 863 1177 904 Sane,
1209 865 1285 906 quia
1308 863 1441 895 fratrum
1466 875 1523 894 nos
1548 864 1612 895 odii
1637 865 1762 906 fatigas,

103 917 244 959 intellige
274 917 352 948 nulli
376 928 433 948 nos
457 917 565 947 odium
591 916 631 947 de
654 916 866 954 inaffectione,
897 915 952 947 sed
977 917 1017 947 de
1040 916 1159 957 pietate
1183 915 1359 947 intendere.
1406 915 1511 956 Absit,
1542 921 1577 946 ut
1599 916 1762 946 dicamus:

104 969 264 1001 Heni-icus
286 969 372 1000 inter
394 969 508 1000 fratres
532 973 587 1000 aut
610 968 802 999 christianos
826 972 1000 1009 reputetur,
1025 968 1081 1009 qui
1106 968 1228 999 tociens
1253 968 1480 1010 corripientem
1505 967 1675 999 ecclesiam
1700 978 1762 998 non

103 1021 248 1059 audiens,
276 1022 358 1052 sicut
381 1020 528 1051 ethnicus
552 1025 583 1051 et
606 1019 799 1061 publicanus
823 1018 968 1051 habetur.
1015 1018 1116 1050 Cuius
1148 1019 1258 1050 odium
1282 1030 1339 1061 pro
1365 1030 1481 1061 magno
1506 1019 1666 1050 sacrificio
1690 1019 1762 1050 Deo

105 1072 284 1112 offerimus,
308 1072 453 1103 dicentes
477 1082 548 1102 cum
574 1071 756 1114 psalmista:
781 1071 915 1110 Nonne,
940 1072 997 1113 qui
1020 1072 1156 1102 oderunt
1179 1076 1222 1110 te,
1247 1071 1403 1111 Domine,
1430 1072 1580 1110 oderam;
1612 1076 1639 1101 et
1663 1082 1763 1111 super

105 1125 255 1156 inimicos
277 1129 349 1155 tuos
371 1123 594 1155 tabescebam?
631 1123 776 1164 Pfflfecto
802 1124 876 1154 odio
901 1124 1031 1154 oderam
1057 1123 1148 1162 z’ll0s;
1173 1123 1402 1164 inimz'cifactz'
1419 1128 1495 1154 sunt
1512 1123 1620 1154 michi.
1661 1122 1762 1153 Cuius

105 1176 169 1207 odii
193 1176 384 1217 dignitatem
407 1176 528 1206 veritas
551 1175 780 1205 commendans
803 1175 862 1205 ait:
891 1175 930 1206 Si
954 1176 1027 1217 quis
1051 1187 1115 1206 non
1141 1175 1209 1206 odit
1226 1179 1355 1216 patrem
1382 1180 1410 1205 et
1433 1180 1566 1205 matrem
1590 1174 1763 1215 etfrarres

104 1233 132 1259 et
154 1239 288 1268 sorores,
313 1227 422 1258 adhuc
446 1231 552 1258 autem
574 1231 602 1257 et
626 1227 773 1257 animam
797 1238 902 1265 suam,
933 1238 998 1257 non
1018 1231 1124 1268 potest
1146 1238 1234 1257 meus
1257 1238 1322 1257 esse
1346 1226 1542 1268 discipulus.
1588 1225 1660 1256 Non
1685 1236 1762 1267 ergo

105 1279 143 1310 de
167 1280 241 1311 odio
265 1280 349 1311 iuste
373 1278 655 1321 reprehendimur,
689 1278 742 1320 qui
766 1278 905 1308 animam
931 1284 1089 1317 nostram,
1119 1289 1189 1308 cum
1215 1289 1233 1307 a
1256 1279 1308 1308 via
1330 1277 1393 1309 Dei
1418 1278 1679 1317 exhorbitamus,
1709 1277 1762 1319 qui

106 1336 226 1373 patrem
252 1336 284 1362 et
308 1335 439 1362 matrem
465 1335 496 1361 et
519 1341 646 1361 omnem
671 1329 832 1371 affectum,
857 1330 910 1372 qui
935 1329 1029 1360 nobis
1053 1330 1084 1360 in
1107 1330 1159 1359 via
1176 1329 1238 1360 Dei
1264 1329 1379 1368 obstat,
1404 1329 1510 1360 odisse
1533 1331 1762 1371 praecipimur.

104 1383 184 1414 Inde
206 1388 264 1423 est,
289 1382 375 1425 quod
399 1382 486 1413 omni
509 1381 626 1422 studio,
651 1383 737 1412 omni
763 1386 879 1412 conatu
903 1381 1099 1421 laboramus,
1130 1387 1164 1411 ut
1189 1381 1295 1412 hostes
1319 1381 1474 1413 ecclesiae
1498 1393 1554 1412 nos
1580 1392 1706 1423 quoque
1730 1387 1764 1412 ut

105 1434 306 1466 adversarios
331 1444 518 1473 caveamus,
551 1439 582 1464 et
605 1443 668 1464 non
693 1434 769 1475 quia
792 1433 908 1472 nostri,
941 1433 996 1464 sed
1021 1434 1098 1475 quia
1123 1433 1185 1463 Dei
1210 1433 1331 1463 inimici
1356 1438 1445 1474 sunt,
1477 1433 1549 1463 odio
1576 1432 1763 1463 habeamus

107 1486 205 1517 Porro
234 1485 320 1528 quod
352 1485 392 1517 de
422 1496 502 1527 pace
532 1495 604 1516 cum
637 1484 787 1515 omnibus
818 1484 1004 1515 hominibus
1035 1484 1182 1516 habenda
1214 1484 1406 1526 persuades,
1438 1485 1623 1515 meminisse
1653 1483 1763 1524 debes,

104 1538 180 1580 quia
203 1537 371 1580 praemisit
393 1535 573 1579 apostolus:
597 1537 626 1567 si
641 1537 721 1576 fieri
742 1541 856 1578 potest.
895 1537 981 1568 Fieri
1006 1542 1112 1567 autem
1137 1548 1199 1567 non
1225 1541 1339 1578 potest,
1364 1542 1398 1567 ut
1421 1546 1493 1566 cum
1519 1536 1590 1576 hiis,
1615 1537 1668 1578 qui
1693 1536 1763 1566 Deo

105 1589 257 1621 contrarii
280 1594 364 1628 sunt,
392 1599 506 1630 pacem
531 1587 717 1620 habeamus.
763 1588 844 1627 Quis
868 1593 974 1619 autem
999 1589 1120 1619 nesciat
1147 1588 1312 1619 dominum
1339 1587 1540 1618 Salvatorem
1573 1599 1634 1619 non
1660 1588 1761 1618 solum

105 1652 216 1684 pacem
241 1640 478 1681 commendare,
503 1651 575 1670 cum
601 1640 696 1671 dicit:
721 1640 839 1671 Pacem
861 1652 964 1671 meam
987 1641 1027 1672 clo
1044 1640 1143 1681 vobis,
1165 1652 1276 1681 pacem
1295 1640 1444 1681 relinquo
1462 1640 1567 1678 vobis;
1592 1639 1646 1670 sed
1665 1639 1761 1670 etiam

104 1693 206 1735 ipsam
231 1703 345 1735 pacem
368 1693 521 1733 existere,
546 1691 629 1723 sicut
651 1693 696 1723 ait
718 1691 901 1733 apostolus:
926 1692 1002 1733 Ipse
1018 1698 1062 1723 est
1076 1703 1150 1733 pam
1166 1697 1288 1730 nostra,
1313 1692 1370 1733 qui
1384 1692 1470 1732 fecit
1487 1696 1624 1732 utraque
1642 1690 1762 1722 imum?

105 1745 189 1785 Quid
221 1755 298 1786 ergo
329 1745 375 1776 ait
403 1756 469 1786 pax
495 1750 604 1775 nostra
627 1743 858 1774 commendans
883 1743 1020 1785 pacem?
1066 1744 1189 1785 Nolite,
1220 1744 1339 1786 inquit,
1370 1743 1548 1780 arbitrari,
1580 1744 1659 1784 quia
1692 1743 1764 1773 veni

104 1798 227 1829 mittere
244 1807 363 1837 pacem
386 1798 422 1827 vin
445 1801 586 1835 terram;
612 1806 676 1826 vion
701 1796 775 1826 veni
794 1807 912 1836 pacem
928 1797 1061 1834 mittere,
1085 1796 1141 1826 sed
1163 1796 1325 1837 (stadium.
1365 1794 1453 1834 Quid
1470 1800 1517 1825 est
1534 1793 1617 1825 hoc‘?
1655 1794 1763 1833 Quare

104 1859 170 1890 pax
192 1847 350 1890 gladium,
382 1858 482 1890 quare
513 1858 578 1888 pax
607 1845 724 1879 bellum
758 1846 896 1878 indicit?
940 1846 1099 1878 Nimirum
1124 1852 1160 1878 ut
1183 1848 1367 1878 destruatur
1389 1857 1454 1888 pax
1479 1845 1610 1877 diaboli.
1657 1845 1764 1877 Habet

105 1900 188 1931 enim
213 1905 243 1931 et
267 1899 415 1931 diabolus
438 1910 550 1941 pacem
568 1910 669 1938 suam,
693 1898 732 1929 de
749 1909 811 1940 qua
829 1898 980 1930 dominus
997 1898 1088 1929 dicit:
1115 1898 1306 1939 Cmnfortz‘s
1323 1904 1469 1929 armatus
1486 1897 1625 1928 custodit
1642 1899 1761 1928 atrium

105 1963 210 1992 suum,
233 1953 269 1982 in
287 1963 372 1994 pace
395 1956 471 1982 sunt
495 1963 533 1982 ea
559 1962 642 1992 quae
660 1951 819 1992 possidet.
863 1950 891 1981 O
916 1961 1010 1992 quam
1036 1956 1184 1992 potenter
1206 1961 1265 1992 per
1287 1961 1345 1980 vos
1370 1949 1523 1980 satellites
1547 1959 1621 1979 suos
1645 1949 1761 1979 atrium

105 2013 197 2034 suum
230 2002 290 2034 hoc
313 2007 458 2045 tempore
481 2001 630 2034 diabolus
662 2002 816 2040 custodit,
849 2002 903 2044 qui
935 2007 1024 2032 scuto
1052 2001 1202 2032 falsitatis
1234 2007 1265 2032 et
1294 2001 1386 2043 galea
1417 2000 1593 2042 perfidiaeb
1616 2001 1763 2042 protecti,

104 2054 191 2086 nulla
212 2055 355 2085 veritatis
372 2053 487 2094 iacula,
511 2053 596 2084 nulla
613 2053 685 2085 fidei
703 2052 829 2095 spicula
845 2053 1031 2084 admittitis!
1077 2053 1188 2084 Potest
1205 2059 1311 2084 tamen
1329 2053 1489 2083 Dominus
1510 2058 1626 2091 noster,
1651 2057 1762 2093 utpote

104 2106 217 2137 fortior
232 2111 375 2137 armatus
391 2106 634 2147 supervenienS,
658 2105 772 2136 fortem
791 2110 931 2136 vestrum
950 2105 1090 2144 vincere,
1114 2110 1145 2135 ct
1161 2116 1260 2143 arma,
1285 2105 1315 2134 in
1333 2103 1450 2146 quibus
1468 2103 1610 2144 conlidit,
1627 2104 1761 2135 auferre.

104 2157 176 2189 Non
199 2168 276 2200 ergo
299 2162 386 2189 recte
410 2156 586 2198 culpamur,
611 2157 637 2187 si
661 2167 773 2198 pacem
799 2156 884 2188 illam
903 2157 989 2187 omni
1007 2155 1088 2188 bello
1106 2156 1317 2187 crudeliorem
1340 2155 1547 2196 detestamur,
1572 2166 1667 2197 quam
1693 2156 1760 2196 ipsa

105 2210 223 2240 veritas
247 2220 343 2251 super
367 2208 565 2240 Iherusalem
591 2207 696 2239 flendo
721 2207 885 2250 reprobat,
910 2208 1035 2239 dicens:
1059 2208 1219 2250 Equidem
1246 2209 1277 2239 in
1304 2209 1364 2239 Ιιαε
1389 2208 1451 2246 die,
1476 2219 1559 2249 quae
1583 2207 1627 2238 ad
1646 2219 1758 2249 pacem

105 2261 181 2301 tibi,
211 2266 243 2292 et
272 2271 368 2303 quam
400 2259 572 2302 psalmista
600 2271 698 2302 super
724 2260 853 2302 iniquos
883 2259 978 2298 zelat,
1009 2270 1122 2301 pacem
1152 2266 1359 2301 peccatorum
1388 2259 1511 2290 videns.
1557 2259 1650 2298 Quod
1684 2270 1760 2289 vero

105 2311 270 2344 dominum
298 2312 510 2354 apostolicum
536 2311 745 2353 Gregorium,
777 2323 886 2353 regem
910 2310 1099 2351 Rudolfum,
1132 2311 1348 2342 marchionem
1374 2310 1595 2352 Eggebertum
1627 2311 1759 2352 pessimi

105 2363 251 2395 interitus
275 2364 432 2406 dampnas
442 2370 464 2405 ⁵,
489 2370 519 2395 et
541 2363 706 2394 dominum
732 2369 833 2403 tuum,
859 2364 933 2406 quia
950 2362 1011 2394 illis
1028 2368 1191 2404 superstes
1215 2369 1272 2403 est,
1297 2362 1472 2403 beatificas,
1497 2361 1598 2404 liquet
1614 2362 1758 2403 profecto

214 2469 240 2501 a)
263 2470 335 2494 deest
354 2479 375 2495 c.
452 2470 478 2501 b)
502 2469 611 2501 pei-fidei
633 2479 653 2494 c.

213 2566 241 2603 1)
264 2568 389 2594 Karalus
407 2567 626 2595 Conscanlz'ensis
647 2567 896 2600 (loesi—1071),
922 2567 1115 2593 llerimaunus
1133 2567 1376 2600 Babenberyensis
1395 2566 1642 2599 (1065-1‹1›75),
1672 2565 1758 2591 Wezel

104 2618 327 2652 (Werinharius)
341 2619 582 2654 Illoqmztiacensis
594 2619 832 2653 (1084—1088)
846 2619 970 2653 episcopi
986 2619 1079 2645 auimo
1094 2618 1242 2644 Herrancli
1257 2618 1404 2644 obversari
1420 2617 1556 2644 ridentur.
1624 2617 1653 2648 21
1670 2617 1757 2643 Gene-

105 2669 220 2696 hav-dum
237 2670 290 2697 IV.
308 2671 535 2698 Ratisbonensem
558 2670 806 2703 (low—1106),
831 2670 1003 2704 Siyifridnm
1023 2670 1062 2696 II.
1080 2669 1273 2703 Auyuseanmn
1294 2669 1429 2700 (1077—
1441 2669 1541 2703 1096),
1571 2668 1755 2694 leeobaldnm

105 2721 328 2754 Arqentinensem
359 2722 596 2755 (1079—1084)
626 2722 769 2756 episcopos
802 2722 893 2747 (licere
928 2722 1044 2748 videtur.
1167 2721 1197 2755 3)
1226 2721 1394 2747 Ram-elifius
1426 2721 1592 2746 monas-{mab
1622 2719 1758 2745 Fasldensi

105 2781 132 2799 a·
149 2773 366 2802 1075—1096.
386 2774 524 2808 praefuit,
546 2774 580 2800 de
603 2783 656 2808 quo
679 2773 716 2805 cf.
741 2773 920 2799 ermbercam
945 2773 982 2798 ml
1011 2782 1077 2800 (inu.
1105 2772 1194 2800 1075.
1312 2772 1342 2805 4)
1366 2772 1410 2798 Ad
1433 2772 1589 2805 Erplmncm
1615 2770 1752 2801 (1054—

106 2822 198 2856 1097)
219 2824 287 2851 haec
308 2828 443 2859 spectant.
533 2825 562 2859 ὅ)
586 2825 630 2858 Cf.
655 2825 726 2851 Ami.
751 2825 867 2857 Aulqzzct.
897 2824 974 2849 1000
998 2824 1067 2856 (SS.
1094 2824 1149 2849 Ill.
1178 2824 1260 2856 133).

177 2879 274 2904 Libelli
294 2879 327 2904 de
347 2880 400 2904 lite.
432 2880 466 2904 ΙΙ.
1487 2878 1519 2900 37

1784 1030 1936 1054 Mammam.

1784 1065 1818 1083 rs.
1834 1064 1883 1088 133,

1784 1095 1819 1114 21.
1829 1094 1864 1113 22.

1784 1188 1838 1208 Luc.
1854 1189 1887 1209 14.
1900 1189 1933 1207 26.

1784 1547 1848 1567 Rom.
1858 1549 1891 1568 1⁸2.
1902 1549 1933 1568 18.

1784 1651 1833 1670 1011.
1846 1652 1879 1671 14.
1890 1652 1923 1671 Ξῖ.

1783 1704 1842 1727 Eph.
1857 1705 1876 1728 2,
1887 1706 1920 1724 14.

1784 1757 1935 1781 Mnt2h.10‚34.

1786 1910 1840 1929 Luc.
1854 1912 1886 1934 11,
1898 1911 1932 1930 21.

1782 2221 1903 2246 ih.19‚4*.’.

1782 2273 1864 2297 Ps.72‚
1875 2274 1895 2293 3.
