2132 3067
47 711 73 730 10

43 967 68 986 15

41 1224 68 1243 20

40 1484 66 1504 25

39 1742 66 1762 30

40 2002 66 2022 85

39 2259 66 2278 40

238 143 465 170 TRACTATUS
490 143 540 169 DE
563 144 683 170 REGIA
706 144 926 171 POTESTATE
950 144 996 170 ET
1020 144 1288 171 SACERDOTALI
1313 144 1536 171 DIGNITATE.
1572 145 1593 171 1.
1683 141 1745 172 4ἶό

94 240 254 276 nequeunt
278 232 429 264 exani-iri.
476 232 570 263 Unde
588 238 732 273 apparet,
757 233 832 274 quia
850 232 962 263 melior
985 239 1032 264 est
1053 234 1211 274 sapientia
1227 235 1444 274 negotiatione
1462 235 1586 275 argenti
1611 240 1641 264 et
1664 235 1744 271 auri,

95 286 184 328 primi
210 291 239 316 et
263 284 427 326 purissimi
451 284 573 314 fructus
597 285 675 315 eius.
722 284 771 314 Sit
802 285 936 324 proinde
967 284 1076 325 largus
1107 292 1202 326 atque
1234 286 1414 325 munificus,
1445 286 1582 317 affabilis
1607 291 1636 317 et
1661 294 1743 316 tran-

93 336 218 379 quillus.
272 335 400 367 Habeat
424 335 518 365 etiam
543 335 685 365 animum
710 335 898 375 iucundum,
928 335 1069 377 linguam
1095 336 1266 376 eruditam,
1297 348 1426 368 sensum
1451 337 1649 379 expeditum,
1676 349 1743 368 ver-

92 390 165 421 bum
191 398 301 427 veraX,
324 386 419 417 fidem
446 397 568 428 puram,
594 386 820 417 devotionen1³
846 388 1054 429 praecipuam
1080 388 1243 429 risumque
1268 389 1461 420 modestum.
1514 390 1562 420 Sit
1585 390 1612 420 ei
1638 394 1742 419 motus

92 440 235 481 impiger,
266 445 297 470 et
328 439 457 469 habitus
489 444 520 469 et
550 439 696 468 incessus
728 437 892 477 honestus,
924 446 954 469 et
985 440 1088 469 victus
1120 439 1342 477 habundansh,
1375 446 1568 471 nontamen
1593 440 1662 471 talis
1688 441 1742 482 qui

90 490 271 533 superfluus
301 491 351 521 sit.
399 490 557 520 Invidiam
590 496 708 530 autem,
738 490 897 520 luxuriem
910 497 932 530 ⁶,
962 496 993 521 et
1025 489 1230 521 vinolentiam
1264 497 1414 534 tanquam
1446 491 1555 522 sordes
1584 492 1741 533 pessimas

90 543 208 574 abiciat
230 542 270 573 ab
295 542 402 572 animo
427 552 493 577 suo,
520 547 552 572 et
576 542 747 582 pessimam
774 541 995 583 cupiditatem,
1020 543 1095 584 quia
1118 543 1221 573 radice
1239 545 1382 574 omnium
1401 545 1558 574 malorum
1584 549 1627 573 est
1651 545 1742 582 cupi-

91 596 184 627 ditas.
231 593 303 625 Sint
333 594 469 624 ministri
501 592 584 623 illius
617 593 753 624 modesti
783 598 813 623 et
844 593 1064 624 consiliatores
1095 595 1224 633 sensati,
1256 600 1287 625 et
1310 596 1484 637 praepositi
1509 594 1617 626 fideles
1642 600 1739 636 atquc

92 645 273 688 prudentes.
319 644 447 675 Fideles
472 655 599 686 quoque
623 655 697 675 suos
721 645 856 675 honoret
879 652 910 676 et
933 645 1056 686 diligat,
1089 650 1120 676 et
1151 646 1211 676 sibi
1243 648 1418 678 servientes
1442 646 1593 678 sublimet
1617 652 1647 677 ct
1672 657 1741 688 pro-

91 703 187 739 tegat.
240 697 339 727 Porro
371 696 501 737 regibus
534 695 826 737 transgressoribus
859 697 946 727 modi
979 697 1179 727 curationum
1213 697 1292 728 tales
1325 704 1398 729 sunt
1429 698 1614 737 adhibendi,
1646 704 1679 728 ut
1711 704 1740 728 et

90 749 238 781 maiestas
267 749 357 788 regia
388 749 419 778 in
451 749 497 778 eis
527 747 712 787 honoretur,
744 755 774 779 et
803 753 909 779 reatus
938 750 1090 790 puniatur
1120 760 1256 780 censura
1282 750 1437 781 iusticiae.
1485 750 1552 780 Sub
1576 749 1741 790 religionis

89 802 170 833 enim
202 799 374 842 disciplina
405 800 494 841 regia
526 804 667 841 potestas
699 800 805 841 posita
835 806 893 831 est.
950 800 1030 831 Nam
1063 802 1210 842 quamvis
1241 802 1281 831 sit
1313 813 1369 832 rex
1402 802 1570 843 potestatis
1602 801 1740 831 eulmine

89 852 262 894 praeditus,
286 852 371 882 nodo
395 857 501 882 tamen
527 851 721 883 christianae
738 851 812 882 fidei
831 858 956 883 tenetur
972 852 1179 882 adstrictus1.
1220 853 1440 894 Corrigendus
1464 858 1570 884 tamen
1596 860 1652 889 est,
1677 863 1740 882 non

89 915 161 935 eum
192 910 315 935 tumore
339 903 520 945 superbiae,
552 903 606 934 sed
639 903 810 934 karitatisd
841 903 976 935 affectu⁰
1008 904 1244 946 sapienterque.
1291 905 1342 936 De
1367 905 1520 935 iracundo
1545 905 1664 946 quippe
1689 903 1740 934 vel

89 957 257 998 insipiente
288 955 419 986 doctore
451 955 602 986 Salomon
635 955 727 986 dicit:
765 955 803 986 In
837 967 890 986 ore
921 955 1012 986 stulti
1043 957 1139 997 virga
1169 957 1351 997 superbiae.
1410 956 1505 987 Stulti
1541 955 1675 997 proinde
1711 964 1741 986 et

86 1007 217 1050 superbi
247 1007 393 1038 doctores
424 1006 614 1048 disciplinae
646 1007 784 1048 rigorem
816 1008 849 1038 in
881 1008 1001 1038 rabiem
1026 1007 1143 1038 furoris
1168 1013 1199 1038 et
1222 1008 1261 1038 ad
1287 1009 1520 1039 immanitatem
1550 1013 1741 1038 convertunt

87 1058 293 1091 crudelitatis.
339 1058 593 1090 Verumtamens
624 1070 716 1100 reges
748 1058 883 1100 legitimi
914 1065 1046 1101 propter
1078 1059 1233 1101 reprobos
1262 1060 1434 1101 spernendi
1459 1070 1520 1090 non
1546 1064 1635 1089 sunt:
1666 1059 1741 1100 quia

88 1111 233 1143 caelestis
263 1111 372 1141 curiae
402 1121 492 1142 sacer
524 1111 724 1152 principatus
757 1111 829 1141 ideo
861 1122 923 1142 non
955 1117 1004 1142 est
1035 1122 1053 1141 a
1079 1111 1148 1142 Deo
1180 1111 1372 1153 reprobatus
1404 1111 1453 1142 vel
1485 1117 1623 1152 spretus,
1656 1110 1741 1152 quod

88 1163 234 1194 diabolus
262 1173 373 1194 eorum
405 1163 556 1204 princeps
587 1168 697 1192 contra
729 1173 801 1193 eum
833 1163 1024 1204 superbiens
1056 1163 1259 1204 tyrannidem
1292 1164 1429 1205 arripuit
1452 1169 1482 1194 et
1507 1163 1567 1194 sibi
1599 1162 1741 1192 subiecta

86 1215 213 1256 agmina
237 1225 344 1245 secum
370 1214 509 1245 nefanda
532 1215 682 1244 suasione
706 1225 843 1255 peecare
868 1214 1016 1256 pellexit,
1042 1215 1096 1245 sed
1120 1215 1190 1256 ipse
1208 1214 1357 1246 dominus
1374 1215 1463 1245 lesus
1482 1213 1629 1245 Christus
1654 1218 1739 1255 post-

88 1266 216 1298 modum
241 1266 280 1297 ad
306 1266 468 1297 eundemg
492 1265 656 1297 diabolum
682 1266 972 1308 comprimendum,
997 1268 1051 1308 qui
1076 1266 1264 1307 dignitatem
1286 1267 1424 1297 nominis
1449 1267 1551 1307 ipsius
1574 1271 1605 1296 et
1629 1264 1739 1295 sedem

86 1317 147 1349 sibi
171 1324 447 1360 praesumpserat,
471 1318 510 1349 de
534 1317 622 1349 caelo
647 1318 822 1349 descendit.
868 1318 945 1349 Post
967 1319 1073 1350 Deum
1097 1319 1180 1349 enim
1207 1324 1329 1360 patrem
1355 1317 1525 1349 diabolus2
1549 1317 1612 1347 diei
1639 1317 1739 1347 voluit

87 1370 174 1402 Deus
198 1375 229 1402 et
252 1370 292 1400 ad
317 1369 483 1401 dexteram
508 1370 571 1400 Dei
595 1371 696 1411 patris
720 1370 832 1401 sedere
857 1376 974 1401 temere
998 1371 1192 1411 concupivit,
1222 1381 1293 1400 enm
1327 1369 1386 1400 hoc
1416 1369 1459 1400 illi
1489 1379 1552 1399 non
1576 1369 1739 1408 continge·

87 1422 164 1461 reth,
189 1421 245 1453 sed
269 1429 355 1453 esset
378 1421 431 1452 filii
450 1421 522 1460 Dei,
547 1422 601 1463 qui
626 1428 698 1463 post
715 1429 836 1463 patrem
856 1422 973 1460 Deum,
997 1422 1175 1452 secundum
1201 1422 1287 1463 quod
1312 1423 1374 1452 iam
1400 1421 1520 1452 dictum
1547 1426 1606 1461 est,
1631 1431 1740 1450 secun-

86 1473 145 1505 dus
168 1479 224 1512 est,
248 1485 311 1505 non
336 1479 460 1514 natura,
485 1473 540 1504 sed
566 1473 687 1504 ordine.
724 1474 822 1505 Venit
845 1485 923 1514 ergo
948 1473 1098 1504 dominus
1122 1473 1212 1504 Iesus
1238 1473 1386 1504 Christus
1412 1474 1443 1503 in
1468 1472 1634 1512 mnndum,
1659 1472 1740 1502 sicut

86 1525 233 1564 decebat,
263 1530 295 1556 et
327 1525 544 1556 manifestavit
574 1537 617 1566 se,
650 1536 712 1556 non
745 1526 893 1557 omnibus
923 1525 1118 1565 hominibus,
1149 1525 1203 1556 sed
1235 1531 1356 1556 tantum
1383 1525 1449 1556 suis
1473 1523 1676 1566 sequacibus,
1708 1529 1740 1553 ut

86 1578 255 1620 reprobata
279 1587 416 1619 persona
440 1577 559 1608 diaboli
584 1577 669 1608 hunc
694 1589 762 1608 esse
786 1582 1030 1618 cognoscerent,
1055 1578 1146 1608 cuius
1164 1578 1380 1618 principatum
1405 1582 1435 1607 et
1459 1581 1648 1617 potestatem
1671 1576 1739 1616 ipse

85 1629 233 1661 sathanas
263 1629 325 1660 sibi
355 1629 535 1660 temeritate
568 1630 699 1671 propria
731 1630 1013 1671 praesumpsisset.
1066 1629 1227 1660 Diabolus
1251 1634 1357 1660 autem
1383 1634 1415 1659 et
1438 1629 1601 1670 principes
1626 1626 1738 1657 mundi

85 1681 179 1712 huius
200 1681 319 1713 Christi
344 1680 544 1712 divinitatem
570 1681 602 1711 in
626 1692 721 1712 carne
746 1681 895 1712 latentem
921 1681 1049 1722 penitus
1074 1692 1270 1722 cognoscere
1296 1681 1523 1722 nequiverunt:
1547 1679 1632 1721 quia,
1658 1679 1739 1709 sicut

85 1733 248 1774 apostolus
278 1737 423 1771 testatur,
455 1734 484 1764 si
515 1734 752 1775 cognovissent,
784 1744 953 1775 nunquam
978 1733 1156 1764 Dominum
1187 1733 1313 1774 ylerz'ae
1343 1732 1592 1771 cruczfiau‘sseut.
1645 1729 1737 1761 Unde

86 1786 229 1826 contigit,
259 1790 294 1816 ut
317 1785 371 1826 qui
395 1791 472 1823 arte,
503 1795 565 1815 non
590 1784 754 1823 violentia,
778 1786 916 1826 primum
942 1785 1103 1815 hominem
1130 1795 1186 1825 per
1210 1795 1402 1815 consensum
1429 1783 1554 1825 peccati
1579 1782 1640 1813 sibi
1666 1782 1736 1813 sub-

85 1841 203 1878 egerat,
227 1836 289 1868 Dei
313 1837 552 1867 circumventus
577 1843 644 1868 arte
667 1836 755 1867 illum
773 1837 945 1875 amitteret,
969 1835 1046 1866 dum
1071 1835 1115 1866 illi
1137 1842 1270 1867 mortem
1297 1846 1354 1877 per
1371 1846 1445 1866 suos
1462 1834 1614 1866 satellites
1631 1833 1737 1864 intulit

87 1899 178 1930 quem
203 1889 377 1919 immunem
402 1887 442 1919 ab
467 1889 553 1919 omni
578 1894 714 1930 peceato
739 1899 852 1919 necare
877 1888 1104 1930 praesumpsit.
1159 1888 1272 1929 ltaque
1295 1887 1350 1918 tali
1375 1887 1563 1917 commertio
1588 1885 1737 1916 Christus

86 1947 116 1972 et
145 1940 330 1982 angelorum
363 1951 532 1971 numerum
565 1941 769 1977 restauravit,
801 1946 831 1970 et
862 1939 1037 1970 humanum
1069 1950 1171 1980 genus
1203 1951 1261 1970 suo
1289 1939 1446 1979 sanguine
1470 1948 1488 1967 a
1512 1938 1587 1977 iugo
1617 1936 1735 1967 diaboli

85 1991 241 2023 liberavit.
298 1992 444 2032 Contigit
475 1991 624 2034 denique,
656 1998 690 2022 ut
721 1991 878 2030 diabolus,
910 1992 964 2032 qui
998 2002 1055 2032 per
1084 2002 1182 2021 unum
1215 1991 1375 2021 hominem
1412 1994 1597 2031 peccantem
1634 1994 1734 2019 totum

86 2055 185 2085 genus
209 2044 383 2074 humanum
415 2044 475 2075 sibi
508 2043 732 2085 subposuerat,
764 2055 821 2085 per
851 2054 947 2073 unum
978 2054 1039 2072 non
1066 2048 1251 2083 peccantem
1279 2042 1440 2072 hominem
1465 2041 1625 2071 amitteret
1649 2039 1732 2081 quod

85 2095 231 2127 habebat.
271 2095 335 2128 Sed
353 2095 432 2126 haec
448 2095 488 2127 de
511 2095 640 2126 diabolo
663 2101 694 2126 et
717 2095 756 2126 de
781 2096 848 2126 eius
866 2093 1026 2125 tirannide
1044 2094 1164 2124 dixisse
1183 2094 1331 2124 sufficiat.
1372 2093 1443 2123 Hoc
1462 2099 1567 2123 tamen
1585 2091 1734 2133 exemplo

85 2146 187 2179 lueide
204 2153 300 2189 patet,
324 2147 399 2189 qUia
420 2155 632 2186 principat-115³,
654 2163 730 2186 quem
752 2158 798 2179 aut
818 2154 914 2178 seditio
935 2153 1101 2185 extorqiiet⁴,
1122 2157 1168 2177 aut
1183 2154 1297 2177 ambitus
1312 2156 1458 2184 occupat,
1483 2144 1563 2174 SOlet
1587 2154 1655 2174 esse
1676 2159 1733 2183 per-

86 2207 204 2232 uitiosus.
248 2207 365 2232 Difficile
389 2199 511 2240 qnippe
536 2207 605 2230 beno
634 2206 705 2230 exitu
732 2206 936 2229 terminantur
963 2212 1012 2236 que
1041 2204 1110 2227 malo
1138 2208 1198 2228 sunt
1223 2204 1349 2228 inchoata
1376 2204 1514 2236 principio.
1561 2195 1734 2236 Propterea

86 2249 266 2282 huiusmodi
299 2251 472 2292 principes,
503 2261 565 2280 non
598 2259 701 2289 reges,
733 2248 788 2279 sed
820 2249 947 2289 tyranni
980 2248 1093 2277 merito
1122 2248 1318 2285 vocitantur;
1350 2254 1380 2277 et
1410 2247 1564 2288 episcopi,
1596 2247 1650 2288 qui
1681 2257 1734 2277 eos

87 2301 233 2333 ordinare
258 2306 478 2344 praesumunt,
502 2306 558 2331 aut
582 2312 732 2342 perverse
758 2300 951 2330 ordinationi
977 2309 1086 2329 eorum
1114 2298 1268 2340 praebent
1291 2309 1493 2337 eonsensum,
1519 2298 1733 2329 anathematis

87 2352 189 2384 iaculo
213 2360 285 2385 sunt
310 2353 474 2395 puniendi.

195 2486 220 2517 a)
244 2486 417 2510 devocionem
439 2486 464 2510 2.
559 2485 587 2509 bl
609 2485 748 2508 abundans
770 2485 795 2507 2.
893 2484 918 2507 cl
940 2483 1068 2506 luxurium
1092 2484 1116 2505 ⁴2.
1211 2483 1240 2508 (ἰ)
1261 2483 1334 2506 carit.
1357 2483 1380 2506 2.
1483 2482 1508 2506 ei
1531 2483 1639 2506 affectus
1663 2484 1684 2506 1.
1708 2483 1732 2506 2.

86 2530 106 2560 f,
125 2533 316 2556 veruntamen?
338 2533 360 2556 1.
435 2533 462 2563 g)
486 2539 544 2555 eum
567 2531 592 2554 ·2.
668 2531 696 2554 hi
719 2531 905 2562 contingeraet
929 2531 949 2554 1.

195 2657 220 2689 l)
244 2656 288 2690 Cf.
306 2657 389 2690 Huqo
406 2657 533 2690 Flav.p.
552 2656 628 2681 437:
653 2655 835 2681 Meminerint
861 2663 890 2680 se
909 2664 971 2681 esse
996 2662 1052 2680 non
1070 2662 1156 2688 supra
1176 2653 1356 2685 aecclesiam,
1382 2654 1431 2680 sed
1458 2654 1531 2678 intra
1549 2652 1730 2679 aecclesiam.

89 2706 117 2739 2)
139 2707 214 2734 Idem
238 2709 389 2742 exemplum
412 2708 493 2741 affert
510 2708 699 2741 Maneyoldus
723 2718 746 2734 c.
764 2707 812 2738 30,
839 2706 940 2731 Ja'hellz'
959 2706 1025 2739 I,]J.
1045 2706 1114 2732 3503.
1183 2705 1212 2733 33
1236 2706 1282 2730 Ere
1307 2706 1405 2731 Leonis·
1424 2706 1446 2732 I.
1468 2706 1547 2739 (pise.
1565 2705 1602 2730 ad
1619 2704 1729 2735 ,lsi-sen-

89 2766 136 2784 noa
157 2759 250 2793 episc„
277 2760 347 2794 (φρ.
372 2760 396 2791 I,
421 2760 471 2789 col,
492 2760 568 2791 65&
592 2759 744 2785 Hinseliius
765 2767 793 2791 p.
813 2758 882 2784 6⁸22.
1007 2757 1037 2786 4)
1062 2757 1122 2782 lIoc
1145 2760 1240 2790 aperte
1263 2757 1301 2783 ad
1325 2757 1477 2789 liudolfum
1504 2765 1590 2789 reqem
1616 2758 1729 2789 spectris.

1447 2811 1494 2834 60*

1764 559 1913 579 1.'l*iu1.»3‚1⁴·.

1761 965 1827 983 I‘rov.
1842 966 1873 984 14.
1884 966 1903 983 1³.

1762 1742 1839 1759 1.‹Jor.
1853 1741 1870 1763 2,
1882 1740 1901 1759 8.
