2132 3067
214 163 440 191 TRACTATUS
465 165 515 190 DE
539 164 658 192 REGIA
681 164 904 191 POTESTATE
926 165 974 191 ET
998 164 1266 192 SACERDOTALI
1291 165 1513 192 DIGNITATE.
1550 166 1586 192 ΙΙ.
1676 162 1738 193 489

92 259 222 293 gorius¹‚
255 259 329 282 euius
360 259 436 282 hodie
467 253 549 283 sacri
579 260 655 283 liores
686 259 783 291 eloquii
812 259 933 283 rodolvnt
968 261 993 283 in
1030 260 1139 284 saneta
1174 260 1312 286 avec-lesia.
1353 255 1506 286 Mauricio
1545 255 1738 296 imperatore

94 306 219 337 iubente
243 305 425 335 consecrari
449 315 512 334 non
536 305 672 334 renuit2.
719 303 814 342 Quod
844 310 875 335 et
904 310 977 335 ante
1001 316 1074 335 eum
1104 305 1214 336 beatus
1243 306 1356 337 fecisse
1387 306 1523 348 legitur³
1548 307 1739 337 Ambrosius

94 355 339 388 Mediolanensis
361 355 635 397 archiepiscopus.
659 355 708 385 vir
732 356 953 386 sanctissimus
977 361 1074 398 atque
1097 356 1321 395 doctissimusg
1355 359 1409 399 qui
1433 358 1658 389 Valentiniano
1684 359 1738 388 im-

92 414 237 451 peratore
267 406 399 438 iubente
430 406 647 448 praesulatum
672 406 859 447 praedictae
886 408 1029 448 suscepit
1052 408 1236 440 aecclesiae.
1284 408 1354 439 Hoc
1387 410 1481 440 ctiam
1514 409 1618 440 fecere
1650 408 1738 440 multi

63 474 74 492 5
90 461 149 491 viri
172 458 331 499 catholici,
360 469 440 500 quos
464 464 495 489 et
518 456 693 489 decorabat
717 468 841 488 morum
873 458 1032 500 elegantia
1056 465 1152 501 atque
1181 460 1383 490 sanctissima
1406 461 1481 491 vita.
1529 460 1578 491 De
1602 471 1737 502 quorum

91 521 223 543 numero
250 510 348 541 fuisse
379 516 557 540 noscuntur
586 515 716 540 sanctus
740 509 919 540 Audoenus
944 509 1213 552 Rothomagensis
1243 510 1525 553 archiepiscopus⁴
1556 518 1586 542 et
1611 518 1738 542 sanctus

90 563 216 604 Eligius
232 561 458 593 Noviomensis
474 562 607 592 antistes
617 566 639 599 ⁵,
664 561 725 591 viri
743 560 814 592 Deo
838 562 1025 602 gratissimi,
1049 563 1132 593 sicut
1155 573 1264 593 eorum
1290 562 1434 593 indicant
1458 568 1557 602 actus,
1582 564 1636 604 qui
1655 563 1738 603 regis

91 613 294 656 Dagoberti⁶
319 624 451 644 munere
481 613 663 654 pontificari
687 623 843 644 meruere.
891 613 1169 655 Verumptamena
1193 620 1324 656 propter
1347 625 1410 654 eos,
1443 615 1495 655 qui
1520 613 1676 645 violenter
1707 615 1737 644 in

91 664 246 697 aecclesia
269 675 303 695 se
326 665 477 706 ingerunt
507 669 539 695 et
562 664 764 706 praesulatus
788 664 940 695 honorem
966 663 1006 695 ab
1034 665 1229 706 inreligiosis
1252 664 1452 707 principibus
1477 666 1631 707 peccunia
1656 676 1739 696 com-

46 731 72 750 ιο
91 722 214 760 parant,
237 723 384 748 amantes
401 716 585 758 superbiam
610 722 641 747 et
664 715 873 757 temporalem
891 715 1143 748 dominationem
1166 728 1238 747 cum
1255 727 1337 747 vana
1354 717 1483 758 ponpab
1507 723 1537 748 et
1553 718 1738 758 arrogantia

91 768 203 800 mundi
226 768 332 808 huius,
355 768 468 799 statuit
491 774 603 799 sancta
618 767 764 798 Nichena
789 767 933 809 synodus
945 774 966 806 ⁷,
989 779 1028 799 ne
1046 769 1116 810 quis
1134 774 1261 810 praeter
1277 768 1476 799 voluntatem
1501 774 1531 799 et
1548 779 1738 799 consensum
1759 759 1906 812 “f'lfffsssssss'f'·

91 819 328 862 metropolitani
359 820 407 850 sui
439 818 598 851 ullatenus
628 819 683 850 fiat
711 820 892 861 episcopus.
948 820 1044 859 Quod
1076 824 1107 851 et
1139 819 1343 861 postmodum
1374 819 1573 851 venerabiles
1603 820 1739 850 Romani

91 871 341 903 corroboravere
356 871 535 912 pontifices,
558 870 712 902 videlieet
728 870 889 903 Gelasius.
914 870 1097 902 Celestinus
1114 877 1145 902 et
1161 870 1226 902 Leo
1243 871 1475 910 sanctissimus,
1500 870 1707 902 decernentes
1718 878 1739 911 ⁵,

90 929 125 955 ut
141 924 233 955 nulla
251 923 452 963 rationefiat
468 925 641 964 episcopus
658 924 714 965 qni
730 934 788 954 nec
804 935 823 954 a
841 923 967 954 clericis
983 928 1029 954 est
1041 924 1167 961 electas,
1186 934 1241 954 nec
1259 935 1276 952 a
1292 922 1442 964 plebibus
1458 924 1627 963 eccpctz'tus,
1646 935 1701 954 nec
1719 935 1737 953 a
1759 933 1786 951 ffb.
1798 938 1809 956 p
1830 932 1878 950 sss,

47 989 72 1009 15
89 976 351 1018 provincialibus
363 975 527 1016 episcopis
539 975 784 1016 metropolitani
796 975 922 1006 iudicio
936 980 1150 1005 consecratus.
1176 973 1268 1005 Unde
1281 973 1481 1004 salutiferum
1500 979 1531 1005 et
1545 983 1738 1015 oportunum

91 1038 160 1059 esse
172 1037 351 1068 speramus,
367 1031 404 1057 ut
418 1027 445 1057 si
461 1037 519 1057 rex
535 1032 591 1057 aut
603 1025 757 1068 quislibet
768 1026 841 1068 pius
854 1027 1005 1067 princeps
1019 1025 1221 1067 praesulatus
1235 1025 1389 1056 honorem
1403 1026 1473 1056 viro
1487 1030 1598 1056 sancto
1615 1025 1740 1056 ordina-

91 1078 196 1110 biliter
210 1078 352 1110 tribuere
367 1077 445 1118 vult,
469 1089 508 1109 ne
525 1078 586 1109 hoc
603 1089 660 1110 suo
677 1077 744 1109 solo
767 1078 865 1110 faciat
879 1077 1024 1117 arbitrio,
1048 1077 1103 1109 sed
1125 1076 1259 1108 consilio
1284 1082 1314 1108 et
1331 1087 1487 1107 consensu
1504 1077 1741 1119 metropolitani

91 1130 245 1172 episcopi.
289 1129 372 1161 Nam
395 1140 455 1172 pro
479 1130 535 1170 eis,
565 1131 620 1172 qui
645 1142 678 1162 se
701 1135 813 1161 contra
836 1141 1007 1161 censuram
1037 1128 1221 1170 religiosam
1245 1128 1426 1170 provehunt
1453 1133 1484 1160 et
1507 1128 1633 1160 culmen
1659 1129 1740 1170 regi-

91 1183 186 1213 minis
209 1183 324 1224 pocius
354 1181 415 1212 sibi
440 1182 571 1224 rapiunt
601 1193 699 1224 quam
721 1187 949 1224 assequuntur,
979 1181 1060 1212 solet
1087 1192 1164 1223 sepe
1193 1180 1351 1212 dissensio
1382 1179 1549 1222 pullulare,
1579 1186 1609 1212 et
1641 1182 1740 1212 oritur

43 1246 71 1266 ιο
90 1239 354 1276 nonnumquamc
377 1234 410 1264 in
436 1233 554 1276 populo
578 1234 686 1275 gravis
710 1234 880 1275 pernicies.
927 1232 1020 1264 Unde
1044 1233 1137 1264 nobis
1161 1238 1292 1264 cautum
1317 1232 1383 1264 fore
1407 1231 1543 1273 videtur,
1571 1237 1614 1272 ut,
1640 1233 1664 1263 si
1690 1243 1739 1263 res

91 1285 274 1317 huiusmodi
296 1296 471 1327 pravorum
493 1285 610 1317 studiis
635 1285 838 1317 obstantibus
862 1290 1082 1327 competenter
1105 1285 1237 1316 minime
1260 1284 1370 1326 perfici
1387 1285 1539 1326 potuerit,
1563 1289 1596 1314 ut
1618 1283 1741 1314 tamdiu

89 1337 266 1378 differatur,
289 1337 392 1368 donec
415 1339 446 1368 in
470 1337 613 1379 generali
637 1337 762 1379 synodo
787 1336 1022 1368 rationabiliter
1044 1342 1140 1378 atque
1163 1335 1307 1377 legitime
1331 1337 1529 1367 terminetur.

194 1388 333 1420 Proinde
363 1390 449 1431 regis
479 1388 620 1420 officium
659 1394 707 1421 est
737 1390 833 1421 etiam
859 1388 1052 1420 dissidentes
1084 1390 1255 1431 episcopos
1279 1388 1499 1427 reconciliare,
1524 1388 1607 1418 sicut
1632 1386 1739 1417 multis

89 1441 291 1472 documentis
315 1451 487 1483 possumus
509 1440 702 1483 approbare.
748 1441 959 1482 Imperatoris
983 1442 1105 1483 quippe
1122 1439 1337 1471 Valentiniani
1362 1439 1494 1470 iunioris
1519 1438 1740 1480 temporibus⁹

45 1500 71 1520 25
90 1496 179 1521 Sixtus
194 1496 333 1520 Romanus
353 1496 514 1528 pontifex
534 1497 731 1520 incriminatus
752 1499 804 1520 est
823 1504 838 1520 a
859 1496 974 1528 quodam
989 1497 1084 1521 Basso,
1125 1495 1201 1525 Quod
1223 1495 1334 1519 audiens
1355 1494 1451 1518 modo
1478 1493 1590 1518 dictus
1612 1496 1740 1524 augustus
1761 1491 1789 1509 ΗΜ
1800 1496 1819 1514 1¹v
1832 1490 1881 1509 303.

93 1540 145 1582 pia
168 1549 246 1570 cura
268 1545 346 1569 iussit
368 1545 507 1569 concilium
531 1545 674 1575 celebrari3
706 1546 739 1569 in
763 1553 829 1577 quo
852 1548 997 1577 purgatus
1022 1549 1077 1569 est
1099 1553 1189 1576 papa
1211 1545 1332 1569 Sixtus
1356 1552 1371 1567 a
1395 1544 1558 1572 crimine,
1591 1546 1616 1566 et
1640 1542 1740 1566 Bassus
1761 1542 1790 1560 il*—
1801 1542 1879 1565 1*·3¹⁹-

92 1597 311 1629 condempnatus
335 1600 396 1621 est.
443 1589 636 1621 Theodorici
654 1591 749 1621 etiam
767 1591 853 1632 regis
871 1590 984 1621 Italiae
1007 1590 1209 1632 temporibus
1223 1596 1246 1611 ¹⁰
1264 1589 1445 1621 Simmacus
1469 1587 1579 1619 sedem
1604 1587 1742 1629 optinuit

90 1642 310 1684 apostolicam,
334 1647 365 1673 et
389 1641 501 1673 eodem
526 1642 577 1673 die
594 1642 787 1673 Laurentius
803 1649 978 1684 provectus
1003 1648 1052 1673 est
1075 1642 1114 1673 ad
1140 1641 1276 1673 eundem
1300 1641 1435 1682 gradum
1460 1651 1519 1682 per
1535 1638 1741 1670 sedicionem.

93 1694 187 1734 Quod
211 1704 330 1725 senatus
354 1693 518 1725 Romanus
541 1701 598 1732 regi
613 1700 777 1724 Theodorico
800 1701 993 1725 intimavit
1016 1704 1065 1729 et,
1091 1703 1119 1723 ut
1143 1701 1179 1723 cis
1203 1700 1363 1724 mitteret
1387 1699 1431 1730 qui
1454 1698 1619 1722 ordinaretur
1635 1700 1740 1727 aposto-

46 1755 73 1775 so
92 1749 166 1780 licus,
187 1749 370 1781 suggessit.
410 1749 451 1773 At
470 1749 531 1773 ille
551 1749 623 1773 misit
643 1749 680 1773 eis
694 1749 801 1773 Petrum
822 1749 929 1773 Altinae
951 1749 1067 1773 civitatis
1082 1750 1247 1780 episcopum.
1288 1748 1351 1772 Sed
1373 1748 1530 1779 Symmacus
1550 1744 1741 1769 convocavit

93 1795 278 1820 concilium
306 1798 412 1820 centum
430 1798 456 1819 et
475 1795 569 1827 viginti
590 1795 705 1827 quinque
726 1795 924 1828 episcoporum,
950 1796 984 1820 in
1005 1803 1070 1827 quo
1098 1795 1221 1827 purgavit
1241 1802 1269 1818 se
1296 1795 1336 1818 ab
1363 1794 1414 1818 liis
1441 1800 1525 1824 quae
1553 1793 1580 1815 ei
1609 1791 1739 1814 obicie-

94 1846 238 1874 bantur;
271 1843 303 1869 et
323 1838 369 1868 ita
392 1837 520 1868 demum
545 1849 647 1880 usque
675 1838 715 1869 ad
740 1838 824 1869 diem
849 1849 925 1870 suae
948 1838 1156 1869 dormicionis
1179 1837 1357 1879 permansit
1379 1835 1577 1878 apostolicus
1605 1838 1636 1863 ct
1659 1832 1739 1863 Lau-

93 1890 216 1922 rentius
245 1890 392 1932 privatus
421 1895 468 1920 6δῖ
498 1889 573 1920 sede
606 1900 674 1921 sua.
730 1896 843 1920 Anno¹¹
875 1904 979 1929 quoque
1009 1896 1198 1920 i11c31·11ati‹t›nis
1232 1896 1378 1919 dominicae
1412 1885 1593 1918 DCCCCLXd
1623 1890 1739 1914 secundo
1760 1893 1880 1917 ilupssvu.

93 1948 273 1973 Octhovianus
296 1955 375 1979 papa,
400 1954 459 1971 cum
483 1947 514 1971 de
538 1947 738 1980 inreligiositate
762 1948 922 1979 culparetur,
955 1941 1081 1973 Othone
1106 1941 1250 1971 Romano
1274 1940 1467 1981 imperatore
1491 1937 1620 1968 iubente
1643 1948 1661 1966 a
1684 1945 1740 1965 sua

47 2003 74 2024 85
91 1993 166 2025 sede
189 1992 343 2035 expulsus
367 1998 424 2032 est,
454 2002 481 2023 et
502 1999 635 2024 Iohannes
658 2000 826 2031 septimus
850 2000 881 2023 ci
908 2005 947 2023 cst
971 2000 1140 2023 substitutus.
1187 1999 1283 2022 Verum
1315 2005 1386 2020 vum
1418 1996 1513 2020 modo
1538 1995 1655 2019 dictus
1680 1994 1739 2017 im-

204 2114 232 2142 a)
253 2114 363 2136 verumt-
387 2111 409 2135 ¹·
485 2110 515 2141 b)
536 2119 634 2144 pompa
654 2112 678 2136 ‘2-
755 2113 779 2143 c)
803 2120 994 2144 nunnunquam
1017 2113 1040 2135 2.
1118 2110 1144 2137 dl
1166 2110 1368 2140 nongentesimo
1390 2107 1556 2138 sexagesimo
1578 2114 1629 2130 sec.
1653 2106 1676 2128 '2-

205 2219 232 2254 1)
262 2219 347 2252 Huyo
377 2219 420 2244 Fz.
448 2229 481 2253 p.
506 2219 582 2245 422:
613 2219 665 2245 His
694 2227 763 2254 ergo
795 2219 909 2245 interim
940 2218 1076 2253 sepositis
1105 2217 1183 2243 beati
1216 2215 1305 2250 patris
1333 2214 1467 2249 Gregorii
1497 2213 1561 2239 VII.
1594 2212 1739 2238 Romanae

98 2269 239 2296 eeclesiae
261 2269 418 2304 pontificis,
451 2271 548 2305 magni
577 2270 655 2296 illius
679 2270 824 2305 Gregorii,
856 2270 936 2296 cuius
960 2269 1047 2296 hodie
1070 2268 1156 2294 flores
1181 2267 1288 2302 eloquii
1312 2267 1340 2292 in
1366 2265 1489 2292 ecclesia
1512 2264 1654 2290 redolent.
1680 2262 1739 2288 uni-

97 2321 160 2348 voci
183 2325 214 2347 et
235 2321 398 2356 aequivoci.
505 2322 534 2356 2)
557 2322 692 2348 Iohannis
715 2322 744 2348 V.
770 2322 903 2356 Gregorii
926 2322 950 2352 I,
974 2331 997 2348 c.
1016 2321 1064 2347 39.
1083 2321 1132 2353 40,
1159 2320 1230 2354 Opp.
1255 2319 1298 2344 ed.
1323 2318 1426 2344 Bcned.
1451 2317 1504 2349 JV,
1528 2316 1580 2342 col.
1599 2316 1635 2340 36
1656 2315 1684 2342 (¹.
1704 2315 1740 2341 ΙΙ.

53 2377 80 2396 40
98 2372 128 2407 3)
149 2373 269 2399 Paulini
297 2373 326 2400 V.
352 2373 492 2400 Ambrosii
513 2383 535 2400 c.
555 2373 581 2400 7.
600 2374 627 2409 8,
663 2373 733 2408 Opp.
759 2375 800 2400 ed.
827 2374 935 2400 Bauer.
956 2373 1002 2406 VJ,
1025 2373 1075 2399 col.
1095 2372 1164 2398 888.
1260 2371 1289 2404 4)
1320 2369 1347 2395 V.
1375 2369 1404 2396 S.
1429 2368 1556 2394 Amloeni
1583 2367 1670 2392 altera
1701 2365 1741 2391 II.

97 2426 113 2455 ξ
137 2424 184 2458 14,
207 2424 277 2451 Acta
301 2424 356 2452 SS.
380 2426 453 2460 Any.
477 2425 530 2458 IV,
551 2434 580 2459 p.
600 2425 669 2451 813.
787 2424 817 2460 ὃ)
847 2425 876 2451 V.
902 2425 1000 2459 Eliyii,
1025 2424 1079 2451 SS.
1103 2432 1160 2449 rer.
1186 2422 1262 2449 Gall.
1288 2421 1344 2451 Ill,
1367 2430 1396 2454 p.
1415 2420 1485 2447 551.
1606 2418 1634 2452 (3)
1658 2418 1743 2443 Immo

101 2475 284 2503 chlodovechi
305 2476 347 2509 II,
372 2476 430 2510 filii
454 2477 612 2512 Daqobertz'
634 2476 658 2503 Ι.
791 2476 819 2510 ἶ)
845 2477 875 2502 C.
897 2476 948 2508 VI,
979 2475 1139 2506 Hinsclzius,
1170 2473 1312 2499 Decretat.
1338 2471 1480 2497 Psendm's.
1503 2480 1532 2504 p.
1550 2470 1626 2502 ⁸2:35,-
1662 2469 1743 2501 Masso

97 2526 178 2554 flav.
197 2536 228 2562 p.
247 2527 317 2554 412.
452 2528 481 2562 8)
507 2528 598 2563 Epist.
625 2529 693 2561 167,
723 2528 824 2563 inquis.
850 2528 873 2554 I.
906 2528 944 2553 ad
974 2527 1119 2553 Rusticum
1149 2526 1232 2559 episc.
1262 2524 1401 2556 Narbon„
1436 2524 1506 2556 Opp.
1537 2522 1579 2547 cd.
1604 2519 1746 2546 Batlcrini

99 2578 123 2610 I,
148 2579 199 2606 col.
219 2579 315 2612 1420‚·
346 2580 498 2607 Hinsclzz'us
521 2581 538 2608 l.
556 2580 575 2607 l.
596 2589 626 2614 p.
645 2580 715 2606 616.
760 2580 865 2605 Auctor
892 2583 985 2605 noster
1008 2579 1110 2612 procul
1138 2577 1222 2603 (labio
1247 2585 1279 2602 επ
1303 2576 1422 2609 Hnyone
1445 2575 1526 2600 Flav.
1551 2572 1652 2604 hausit,
1682 2575 1707 2596 11!
1732 2579 1744 2595 e

53 2634 81 2654 45
102 2629 235 2656 Οεῑεείίηο
258 2634 341 2665 atque
364 2631 479 2658 Gelasio
508 2631 646 2666 utrimque
676 2631 800 2657 laudatis
824 2634 953 2664 apparet.
999 2630 1096 2663 Neque
1119 2629 1189 2654 enirn
1214 2629 1240 2653 z'n
1264 2627 1381 2653 decretis
1403 2626 1483 2651 huius
1506 2633 1592 2659 neque
1612 2623 1688 2648 illius
1712 2623 1745 2647 dc:

99 2682 311 2716 metropolitano
335 2685 501 2716 cooperante
523 2683 632 2717 aliquid
655 2682 799 2709 statuitur.
867 2681 896 2716 9)
920 2681 1005 2707 Liber
1023 2679 1128 2715 pontif.
1146 2680 1188 2706 cd.
1207 2679 1355 2705 Iluclzesne
1372 2678 1394 2710 J,
1416 2686 1445 2710 p.
1461 2676 1530 2702 232.
1602 2675 1647 2701 105
1672 2673 1744 2698 ΜΗ-

98 2740 127 2765 p.
149 2732 228 2767 260;
251 2733 288 2766 cf.
311 2734 399 2760 Dicta
423 2734 568 2761 cuiusdam
593 2735 626 2760 dc
649 2734 793 2760 discordia
814 2742 911 2767 papae
942 2736 966 2758 et
989 2733 1070 2765 refis,
1102 2731 1205 2758 Libelti
1226 2731 1250 2762 J,
1279 2739 1309 2764 p.
1330 2729 1408 2761 457;
1437 2727 1625 2759 Jtanessntdus
1655 2735 1677 2749 c.
1697 2724 1743 2748 422.

97 2791 128 2817 P·
152 2783 222 2811 353·
334 2785 383 2818 11)
417 2785 527 2812 Harum
560 2785 730 2819 ineptiarum
763 2784 862 2810 iterum
898 2784 982 2818 Iluqo
1018 2784 1129 2809 Flavin.
1165 2785 1263 2808 auctor
1297 2785 1349 2812 ese,
1386 2780 1439 2804 misi
1472 2778 1544 2812 quod
1579 2776 1678 2802 ratius
1713 2775 1745 2799 do

103 2835 226 2862 Iohanne
250 2836 323 2865 XII.
346 2837 477 2871 loquitur.

174 2890 272 2916 Libelli
293 2891 326 2916 de
347 2892 400 2916 lite.
431 2892 465 2916 II.
1481 2884 1513 2905 ‘3'2
