2132 3067
513 150 549 176 X.
585 150 637 176 DE
661 151 1004 180 EXCOMMUNICATIS
1026 153 1210 181 VITANDIS
1234 155 1312 182 ETC.
1669 156 1726 186 117

92 238 305 280 cognoscitur.
350 238 437 279 Ergo
463 244 493 269 et
517 239 549 268 in
564 238 635 277 hoe,
659 239 745 280 quod
764 239 870 271 locum
895 242 1091 281 penitentiae
1115 242 1185 273 vel³
1209 245 1465 275 communionem
1490 256 1573 276 nunc
1590 247 1727 285 omnino,

91 300 177 321 nunc
198 289 239 320 ad
262 294 388 331 tempus
413 288 607 330 quibusdam
625 290 801 331 denegasse
822 290 981 332 leguntur,
1005 304 1067 323 non
1085 293 1339 334 desperationem
1357 294 1531 336 lapsorum,
1557 297 1612 328 sed
1636 297 1728 328 disci-

90 340 234 383 plinamb
261 341 524 382 corrigendorum
554 340 738 381 intellegere
770 341 934 383 debemus,
965 354 1004 373 ne
1037 344 1075 375 de
1104 344 1202 386 lapsis
1235 350 1362 376 sanctos
1393 353 1499 388 patres
1529 359 1602 379 cum
1626 348 1728 379 Nova-

91 393 186 435 tianis
211 391 399 433 desperasse
423 392 600 422 iudicemus
610 397 631 422 ⁰.

60 455 73 475 ι
197 442 287 474 Sacri
311 454 440 485 quoque
463 453 601 474 canones
625 443 656 473 in
681 454 776 485 quam
801 443 947 485 pluribus
970 444 1048 475 locis
1072 445 1204 477 clericos
1228 447 1258 476 in
1283 448 1415 479 crimine
1439 448 1544 490 lapsos
1560 449 1599 481 ab
1618 450 1728 480 ordine

92 494 255 536 deponunt
283 505 342 525 nec
371 494 415 524 eis
444 495 585 535 aliquam
614 505 703 535 spem
734 495 945 526 restitutionis
969 497 1182 536 prescribunt,
1228 498 1290 528 Sed
1316 504 1345 529 ct
1369 499 1452 530 hunc
1475 501 1613 541 rigorem
1639 512 1730 532 cano-

92 557 168 577 num
198 556 261 576 non
292 545 373 576 adeo
400 544 575 576 adtendere
600 544 765 585 debemus,
796 552 831 577 ut
854 557 925 576 cum
949 546 1137 578 Novatianis
1167 548 1401 580 aeclesiasticae
1434 552 1581 591 potestati
1609 551 1728 592 ligandi

92 603 187 638 atque
210 596 353 628 solvendi
377 603 494 628 temere
518 596 767 638 preiudicemus.
813 597 905 636 Nam,
929 604 963 628 ut
987 598 1099 629 beatus
1123 600 1342 640 Augustinus¹
1367 601 1407 632 ad
1431 601 1631 633 Bonifacium
1657 603 1729 633 scri-

95 649 172 679 bens
196 648 578 679 testatur:'Huiusmodi
600 647 837 688 inreparabilis
861 649 1019 690 depositio
1042 649 1229 681 clericorum
1255 663 1319 682 non
1343 656 1407 682 tam
1431 653 1656 693 desperatione
1681 655 1728 683 in-

47 711 73 731 ιο
95 699 282 741 dalyentiae
317 710 415 740 quam
450 700 560 740 riyore
591 699 791 740 disciplinae
821 699 972 731 instituta
1003 705 1057 731 est.
1114 701 1271 743 Alioquin
1304 707 1415 733 contra
1445 704 1548 734 claves
1579 705 1730 734 aeclesiae

94 750 330 792 disputaretur,
354 750 391 781 de
415 742 531 792 quibus
555 751 676 781 dicium
700 756 761 781 est:
785 750 889 786 ‘Quae
912 751 1072 782 solveritis
1097 753 1129 782 in
1154 757 1252 792 terra,
1275 758 1370 783 erunt
1394 755 1427 784 in
1452 755 1514 785 celo
1538 754 1662 785 soluta’.

199 801 265 843 Ipsi
294 803 389 832 etiam
420 811 558 832 canones
587 801 760 843 aliquando
792 801 972 832 huiusmodi
996 801 1155 833 damnatis
1179 805 1349 845 pristinum
1374 804 1517 835 ordinem
1543 806 1730 843 concedunt,

94 858 130 884 ut
150 853 182 884 in
206 853 350 884 Nicen0¹
377 852 514 883 concilio
537 852 728 883 Novatianis
753 858 784 883 et
806 853 838 883 in
863 852 1048 883 Affricano²
1074 854 1268 894 Donatistis,
1300 855 1384 896 quod
1415 857 1514 887 sancti
1538 862 1644 897 patres
1668 867 1730 886 non

92 903 245 942 facerent,
269 904 296 934 si
319 914 390 934 cum
411 903 601 934 Novatianis
625 903 665 934 de
688 903 892 944 indulgentia
915 903 1078 945 lapsorum
1102 906 1231 945 penitus
1255 906 1471 947 desperarent.
1516 907 1632 937 Beatus
1658 918 1732 948 quo-

48 966 73 985 15
94 966 156 998 que
179 955 341 987 calistus-³
363 966 449 996 papa
473 960 504 985 et
526 956 638 986 martir
667 955 815 986 omnibus
847 956 1008 997 episcopis
1033 956 1190 986 scribens:
1220 957 1356 995 Errant,
1388 957 1499 998 inquit,
1532 961 1588 1000 qui
1613 963 1730 999 sartan!

93 1007 276 1038 sacerdotes
299 1010 376 1048 post
402 1006 531 1048 lapsum
560 1019 624 1038 non
652 1018 749 1048 posse
778 1008 916 1047 restitui,
946 1007 976 1037 si
1005 1007 1205 1048 condi-qnam
1236 1009 1360 1049 eyerz'nt
1382 1010 1606 1050 penitentiam.
1652 1009 1730 1040 Item

95 1059 205 1089 beatus
229 1057 427 1099 Gregorius*¹
450 1069 534 1099 papa.
557 1058 848 1100 primus-scribens
871 1058 911 1088 ad
937 1058 1154 1088 Secundinum
1179 1069 1305 1089 servum
1332 1059 1392 1090 Dei
1424 1060 1592 1095 inclusum,
1623 1059 1730 1101 lapsos

93 1109 125 1140 in
148 1109 293 1140 ordinem
316 1109 440 1140 restitui
464 1120 558 1151 posse
580 1110 730 1148 asseruit3
762 1120 843 1151 quos
873 1114 978 1139 tamen
1007 1109 1083 1140 alibi
1107 1110 1138 1139 in
1163 1109 1323 1150 Regesto⁵
1347 1121 1404 1141 suo
1428 1111 1519 1141 iuxta
1543 1112 1729 1142 canonicum

92 1161 240 1202 rigorem,
264 1171 303 1191 ne
325 1161 580 1200 restituerentur,
603 1161 776 1202 prohibuit.
818 1161 854 1191 In
878 1159 1035 1202 epistolae
1052 1161 1135 1191 enim
1156 1160 1196 1191 ad
1222 1160 1444 1192 Constantium
1461 1162 1730 1193 Mediolanensem

47 1223 74 1242 2⁰
93 1212 296 1254 episcopum:
325 1211 365 1243 Si
393 1213 508 1253 lapsis,
538 1213 650 1254 inquit,
681 1213 725 1243 ad
753 1224 845 1243 suum
879 1213 1025 1243 ordinem
1050 1212 1231 1243 revertendi
1253 1212 1608 1252 licentia·conceditur,
1641 1216 1732 1255 rigor

88 1264 207 1304 procul
230 1263 328 1294 dubio
350 1266 532 1295 canonicae
545 1264 730 1305 franyitur
751 1264 961 1305 disciplinae.
1005 1263 1046 1294 Et
1070 1270 1142 1305 post
1166 1274 1284 1305 pauca:
1312 1263 1402 1294 Illud
1428 1266 1528 1306 igitar
1547 1276 1607 1306 pre
1630 1266 1730 1296 omni-

93 1314 150 1346 bus
171 1315 302 1355 studete,
333 1319 368 1345 ut
390 1315 500 1357 lapsos
529 1317 564 1346 in
589 1327 720 1346 sacrum
745 1315 891 1346 ordinem
916 1314 1040 1346 nullius
1064 1316 1149 1346 vobis
1172 1314 1370 1357 supplicatio
1395 1315 1504 1357 aliquo
1529 1316 1619 1346 modo
1642 1327 1729 1346 revo-

93 1378 167 1397 care
186 1366 399 1407 persuadeat.

198 1417 337 1449 Videsne
370 1417 468 1459 igitur
503 1417 697 1458 singularem
732 1423 913 1448 sanctorum
950 1422 1076 1458 patrum
1108 1416 1316 1458 diligentiam,
1351 1417 1405 1459 qui
1437 1421 1467 1447 et
1498 1417 1730 1448 restitutionem

45 1478 73 1498 2⁵
92 1467 256 1510 lapsorum
289 1468 528 1500 aeclesiasticae
562 1470 712 1511 potestati
746 1468 893 1499 adiacere
928 1468 1079 1498 dixerunt
1115 1474 1147 1498 et
1177 1474 1283 1498 tamen
1317 1467 1415 1509 lapsis
1452 1479 1520 1498 eam
1558 1468 1730 1499 concedere

92 1519 278 1551 noluerunt:
301 1520 432 1560 scilicet,
455 1525 491 1551 ut
512 1522 601 1562 rigor
624 1519 816 1562 disciplinae
831 1519 1023 1560 generaliter
1041 1518 1158 1560 ubique
1177 1520 1351 1558 timeretur,
1374 1530 1432 1550 nec
1456 1524 1562 1550 tamen
1586 1518 1730 1563 illicitum

93 1571 298 1611 iudicaretur,
320 1572 424 1603 sicubi
446 1572 684 1603 aeclesiasticae
707 1571 836 1602 utilitati
860 1571 891 1601 in
915 1571 1116 1602 restitutione
1139 1570 1220 1612 lapsi
1241 1570 1376 1601 alicuius
1400 1570 1627 1601 consuleretur.
1666 1570 1731 1601 Nee

93 1623 124 1653 in
148 1622 208 1654 hoc
229 1623 341 1665 utique
363 1623 434 1654 illos
457 1623 520 1654 sibi
543 1624 623 1665 ipsis
647 1623 823 1654 contrarios
847 1628 996 1664 reputare
1020 1620 1186 1660 debemus,
1217 1622 1243 1652 si
1267 1621 1438 1663 aliquando
1463 1621 1570 1663 lapsos
1594 1622 1625 1651 in
1650 1621 1731 1651 ordi-

93 1685 164 1705 nem
194 1675 412 1714 restituerunt,
442 1686 522 1716 quos
552 1680 659 1706 tamen
690 1674 777 1712 alibi,
809 1685 848 1705 ne
878 1674 1132 1712 restituerentur,
1164 1673 1406 1714 prohibuerunt.
1458 1673 1538 1703 Nam
1571 1673 1730 1712 utrimque

35 1735 73 1760 ,so
93 1736 189 1756 unam
213 1731 244 1757 et
266 1727 399 1758 eandem
422 1726 631 1757 intentionem
656 1726 806 1756 habuisse
830 1736 892 1755 non
917 1724 1115 1763 dubitantur,
1139 1724 1297 1762 videlicet,
1328 1731 1362 1755 ut
1390 1723 1625 1755 aeclesiasticae
1649 1723 1730 1753 utili—

92 1776 149 1808 tati
172 1788 376 1819 summopere
399 1777 615 1819 providerent,
640 1778 708 1808 sive
732 1788 892 1808 canonum
916 1777 1054 1817 rigorem
1080 1777 1298 1807 observarent.
1322 1776 1388 1805 sive
1411 1786 1469 1816 pro
1487 1775 1637 1816 qualitate
1655 1781 1730 1804 tem-

93 1829 181 1869 poris
209 1840 281 1860 eum
305 1828 346 1860 ad
368 1835 497 1870 tempus
527 1834 752 1870 temperarent.
798 1828 934 1869 Semper
965 1828 1048 1858 enim
1080 1827 1163 1858 mala
1194 1826 1364 1868 prohibere
1396 1832 1426 1856 et
1455 1827 1537 1856 bona
1565 1826 1729 1856 instituere

92 1880 293 1920 potissimum
322 1880 485 1920 studuere,
517 1880 604 1922 quod
635 1879 746 1921 procul
771 1879 874 1910 dubio
905 1879 1032 1910 efficere
1062 1889 1126 1909 non
1156 1884 1295 1920 possent,
1327 1878 1353 1907 si
1376 1887 1438 1908 non
1462 1888 1519 1918 pro
1543 1877 1727 1907 diversitate

92 1934 283 1973 temporum,
312 1943 398 1963 nunc
428 1933 546 1970 mitius,
575 1943 660 1962 nunc
691 1932 834 1962 severius
864 1929 1012 1961 incedere
1044 1929 1249 1960 studuissent.
1296 1928 1349 1959 Sic
1379 1929 1462 1959 enim
1487 1927 1599 1958 Niceni
1622 1933 1727 1968 patres

46 1991 74 2011 ³5
93 1991 164 2013 cum
180 1982 380 2024 Novatianis,
397 1983 549 2014 Affricani
567 1995 639 2014 cum
658 1983 839 2014 Donatistis
862 1983 971 2012 mitius
987 1981 1159 2022 agendum.
1183 1986 1218 2010 ut
1241 1980 1420 2020 predictum
1445 1984 1501 2017 est,
1525 1984 1727 2016 censuerunt,

93 2038 127 2064 ut
148 2033 188 2065 ab
211 2045 318 2065 errore
341 2046 396 2066 eos
418 2035 470 2066 vel
493 2036 539 2065 sic
563 2040 759 2066 revocarent.
810 2034 892 2064 Item
924 2032 1036 2063 beatus
1061 2031 1226 2062 Gelasius³
1251 2042 1336 2072 papa
1359 2031 1390 2060 in
1415 2029 1607 2071 quibusdam
1638 2029 1726 2059 laicis

92 2085 229 2126 rigorem
253 2097 410 2117 canonum
435 2087 604 2128 mitigavit,
637 2086 753 2127 quibus
784 2095 841 2126 pro
870 2083 1089 2115 aeclesiastica
1112 2083 1320 2131 necessitate,
1351 2087 1385 2112 ut
1413 2081 1493 2112 infra
1515 2091 1632 2110 annum
1658 2091 1727 2120 per-

92 2137 239 2168 venirent
259 2137 323 2168 ad‘¹
346 2136 594 2180 presbyterium,
619 2137 785 2175 concessit,
810 2136 921 2176 sieque
944 2135 1079 2176 tempori
1105 2146 1136 2165 se
1161 2145 1201 2164 ex
1225 2132 1334 2163 debito
1359 2132 1454 2162 officii
1478 2132 1526 2162 sui
1550 2131 1727 2162 necessario

93 2188 359 2221 condescendisse
389 2189 536 2220 asseruit.
581 2188 634 2220 Sic
665 2193 695 2219 ct
726 2187 935 2229 predecessor
964 2188 1032 2216 cius
1057 2186 1168 2216 beatus
1192 2184 1277 2215 Leos
1302 2195 1386 2226 papa
1408 2194 1554 2224 magnus,
1585 2182 1726 2213 scribens

47 2247 74 2266 ⁴⁰
93 2237 133 2269 ad
155 2240 324 2281 episcopos
347 2240 572 2279 Mauritaniae,
598 2241 693 2270 etiam
718 2238 896 2280 neophitos,
927 2242 1037 2278 utpote
1061 2247 1102 2267 ex
1125 2236 1216 2267 laicis
1240 2236 1270 2266 in
1295 2236 1518 2277 episcopatum
1544 2240 1727 2271 maturatos,

93 2290 124 2320 in
148 2292 355 2333 episcopatu⁰
383 2291 520 2333 legiturf
548 2291 711 2322 tolerasse.
755 2290 794 2321 In
818 2289 1018 2320 ordinatione
1042 2299 1170 2330 quoque
1194 2288 1295 2318 sancti
1321 2286 1504 2317 Ambrosii⁹
1529 2296 1591 2315 nou
1615 2294 1726 2325 parum

159 2410 164 2414 ·
203 2399 231 2429 a)
250 2399 276 2424 id
297 2403 337 2424 est
356 2400 381 2424 8.
439 2400 465 2431 b)
488 2400 630 2432 disciplina
650 2400 674 2423 8.
741 2400 765 2429 c)
788 2398 829 2422 hic
849 2396 945 2422 desinit
964 2397 1059 2429 codrss,
1074 2397 1100 2427 f.
1117 2397 1168 2425 25¹,
1189 2396 1205 2419 I.
1222 2396 1246 2419 ἱ).
1314 2395 1341 2419 dl
1355 2395 1381 2426 f.
1398 2395 1440 2423 20,
1462 2393 1517 2417 cod.
1534 2394 1558 2417 S.
1626 2396 1652 2422 e)
1673 2393 1726 2423 epi-

94 2447 230 2476 scopatum
251 2445 275 2469 8.
351 2446 374 2475 f)
393 2449 540 2477 sequuntur
559 2450 674 2477 quatuor
690 2449 801 2476 puncta,
825 2451 892 2474 quae
912 2443 1009 2466 omissa
1030 2441 1156 2470 iudicant,
1173 2444 1265 2472 pir—tea
1285 2441 1369 2464 deleta
1391 2440 1416 2463 8.

200 2541 229 2577 1)
251 2543 306 2577 Ep.
326 2543 394 2575 185,
417 2545 434 2575 ξ
456 2543 505 2575 45,
537 2542 607 2576 opp.
632 2543 673 2568 ed.
700 2542 803 2567 lfened.
827 2543 846 2567 t.
870 2540 912 2572 II,
937 2539 988 2566 col.
1007 2539 1076 2566 661.
1186 2538 1214 2571 2)
1245 2538 1274 2563 V.
1298 2546 1385 2571 supra
1403 2545 1435 2570 p.
1460 2537 1508 2561 56.
1617 2534 1646 2569 3)
1671 2532 1725 2567 Ep.

47 2595 75 2616 45
93 2600 171 2626 epur.
193 2593 235 2626 11,
259 2603 282 2621 c.
307 2594 356 2627 20,
386 2594 539 2620 Hinschius
556 2603 589 2628 p.
610 2593 677 2624 142,
707 2593 800 2626 quoad
823 2599 941 2618 sensum.
1052 2590 1082 2623 4)
1107 2589 1168 2616 Lib.
1193 2589 1246 2620 IX,
1272 2598 1313 2622 ep,
1339 2588 1386 2620 52),
1419 2586 1488 2620 Opp.
1512 2587 1553 2619 II,
1577 2586 1627 2611 col.
1652 2585 1727 2611 968.-

93 2641 172 2676 Jaffe
193 2653 236 2670 nr.
254 2644 345 2672 1673.
433 2646 463 2678 5)
486 2645 548 2671 Lib.
571 2645 625 2677 IV,
649 2653 690 2678 ep.
716 2643 772 2677 26,·
795 2643 858 2669 Lib.
882 2642 909 2673 V,
934 2650 995 2675 epp.
1020 2641 1047 2667 3.
1073 2640 1100 2669 4.
1121 2640 1154 2673 7,¹
1182 2639 1244 2666 Lib.
1269 2640 1331 2671 VII,
1356 2648 1397 2672 ep.
1423 2638 1470 2664 42.
1560 2637 1588 2670 6)
1612 2635 1673 2661 Lib.
1699 2635 1725 2667 Γ,

95 2701 137 2727 ep.
156 2694 202 2727 18,
233 2695 276 2722 ed.
300 2696 402 2722 Eia-ald
423 2696 448 2728 I,
474 2705 505 2730 p.
531 2696 607 2729 299;
636 2694 721 2728 Jasfc'
750 2703 791 2721 nr.
811 2693 900 2720 1332.
1011 2692 1039 2727 7)
1064 2691 1106 2724 Cf.
1133 2691 1242 2725 (7214,
1266 2699 1289 2717 c.
1315 2690 1342 2722 3,
1373 2690 1415 2715 ecl.
1444 2688 1521 2714 leiel
1544 2688 1566 2719 Ι,
1595 2696 1624 2721 p.
1649 2686 1726 2718 363,-

93 2743 178 2778 Jflsfe
204 2755 247 2772 nr.
273 2746 342 2773 636.
451 2748 481 2781 8)
511 2747 540 2773 V.
564 2756 652 2781 supra
676 2755 707 2780 p.
733 2746 780 2772 93.
894 2744 923 2777 9)
954 2743 1016 2770 Vita
1044 2743 1075 2770 S.
1099 2742 1238 2767 Ambrosii
1261 2751 1277 2766 a
1302 2741 1420 2766 Paulino
1444 2738 1601 2770 conscripta
1630 2746 1671 2763 ur.
1698 2736 1723 2760 9.

95 2795 133 2828 cf.
155 2805 242 2830 cupra
261 2806 293 2831 p.
311 2797 358 2830 93,
384 2807 410 2824 η.
429 2797 457 2824 4.

1748 459 1795 483 (12)

1750 765 1899 788 Marthama.

1750 812 1797 836 (13)

1751 1428 1796 1451 (¹4)
