2132 3067
54 775 81 794 10

55 1032 82 1052 1⁵

53 1290 81 1310 20

53 1549 80 1568 25

54 1807 81 1826 30

53 2137 82 2157 ³5

57 2459 85 2478 ⁴0

58 2759 86 2779 4⁵

618 137 734 163 LIBER
756 137 807 163 DE
829 135 988 164 HONORE
1010 135 1227 164 ECCLESIAE.
1683 134 1743 164 615

100 232 227 258 terrena
250 227 395 267 optinere
418 227 545 267 poterit.
591 226 717 265 Quibus
742 225 818 266 quid
841 224 1102 266 respondendum
1127 230 1185 261 est,
1214 225 1274 255 nisi
1298 225 1387 264 illud,
1412 225 1497 268 quod
1521 226 1682 256 Dominus
1706 226 1745 257 de

101 277 281 319 virginibus
305 278 368 308 ait:
391 278 467 308 Non
493 289 599 308 omnes
622 279 761 318 capiunt
784 277 909 307 verbum
937 277 1047 307 istud?
1082 276 1218 315 Quando
1243 277 1325 307 enim
1351 287 1461 307 omnes
1485 288 1567 318 quae
1591 289 1647 308 sua
1671 283 1745 308 sunt

99 329 274 362 aecclesiae
297 328 429 366 dabunt,
454 330 507 370 qui
532 340 569 359 ea
592 329 671 369 ipsa,
697 339 779 370 quac
803 329 979 370 antiquitus
1002 328 1155 370 possidet,
1179 328 1305 359 auferre
1329 328 1504 359 conantur?

102 441 245 473 XCIII.⁸
290 440 376 479 Quo
415 439 576 479 ordine,
621 442 773 471 sanctis
810 439 1040 470 canonibus
1083 450 1160 470 non
1198 441 1423 478 contrario,
1466 441 1742 472 sacerdotium

576 497 612 522 et
642 502 807 532 regnum
839 490 1084 521 concordari
1118 491 1276 532 possit?

206 553 291 592 Quia
313 563 389 583 vero
415 552 575 583 Dominus
607 553 667 583 ait:
699 551 815 582 Pacem
838 564 940 582 ⁴meam
965 552 1005 582 do
1030 552 1124 589 vobis,
1154 563 1267 592 pacem
1293 552 1463 593 relinquob
1489 553 1585 591 vobis,
1617 552 1745 584 studen-

101 606 176 637 dum
201 605 271 636 estd
295 603 498 641 omnimodis,
530 608 564 634 ut
587 614 652 645 pax
676 604 760 634 inter
783 609 936 644 regnume
962 608 994 633 et
1017 603 1231 633 sacerdotium
1263 604 1303 633 sit
1327 608 1358 633 et
1381 603 1514 634 tirmiter
1537 604 1608 635 Deo
1632 604 1745 634 auxili-

99 662 173 688 ante
196 660 393 699 permaneat.
440 655 532 694 Quae
555 657 609 693 ita,
634 660 667 685 ut
691 655 760 686 Deo
785 655 962 696 inspirante
986 655 1223 695 cognoscimus,
1249 654 1315 684 fieri
1341 660 1456 696 potest,
1481 657 1516 694 si,
1541 667 1614 686 cum
1638 663 1747 697 pastor

99 708 273 740 aecclesiae
296 707 448 738 canonice
477 706 607 746 electus,
638 707 810 737 investitus
838 713 869 737 et
899 712 1105 736 consecratus
1134 706 1240 745 fuerit,
1271 711 1346 737 tunc
1371 717 1428 747 per
1455 718 1488 736 se
1511 706 1561 738 vel
1592 719 1649 749 per
1671 719 1746 738 suos

98 760 211 792 fideles
233 760 457 801 imperatorem
481 759 577 790 adeat
599 763 630 789 et
653 758 692 790 de
715 757 811 789 rebus
835 757 1012 789 aecclesiae
1042 758 1104 788 sibi
1136 758 1316 788 commissis
1346 758 1509 799 imperiale
1539 766 1746 800 praeceptum

100 817 240 854 expetat.
286 810 383 850 Quod
406 810 436 841 ei
460 811 624 851 piissimus
654 811 834 851 imperator
862 820 970 840 amore
995 820 1070 839 suae
1095 809 1271 850 spiritualis
1296 810 1405 840 matris
1435 809 1647 841 libentissime
1673 822 1745 841 con-

100 864 218 896 cedens
242 863 370 894 firmare
394 862 554 903 dignetur,
582 861 668 904 quod
694 862 742 892 sui
766 862 1031 903 praedecessores
1056 861 1099 891 illi
1122 860 1297 892 aecclesiae
1320 862 1519 892 concessisse
1543 862 1746 893 manifestum

100 923 157 956 est,
181 915 370 957 promittens
393 915 496 945 eidem
514 913 690 945 aecclesiae
714 919 745 944 et
768 914 836 944 eius
853 913 972 954 pastori
991 923 1080 943 suan]
1098 913 1278 953 piissimam
1295 912 1514 944 defensionem
1539 915 1570 944 in
1588 914 1746 945 omnibus.

100 968 177 999 Ideo
201 974 306 998 autem
333 965 476 996 diximus
498 976 561 996 non
585 971 708 996 tantum
734 976 790 1006 per
816 976 858 1005 se,
883 964 938 995 sed
963 965 1059 996 etiam
1083 964 1135 995 etf
1159 975 1216 1005 per
1240 975 1314 994 suos
1338 964 1460 1005 legatos
1484 965 1567 995 istud
1592 977 1746 1007 peragere

101 1025 230 1051 sanctos
253 1023 410 1060 pastores,
442 1018 518 1060 quia
548 1018 676 1059 saepius
705 1017 821 1057 evenit,
850 1021 885 1047 ut
915 1022 1025 1047 sancta
1054 1014 1214 1046 aecclesia
1244 1021 1389 1046 sanctum
1420 1016 1479 1047 sibi
1513 1022 1671 1058 pastorem
1697 1017 1747 1048 vel

101 1082 208 1102 senem
236 1069 286 1101 vel
316 1071 412 1100 etiam
441 1068 607 1101 debilems
637 1079 772 1110 corpore
802 1067 920 1109 eligere
952 1067 1088 1108 studeat,
1120 1068 1213 1098 sicuti
1242 1067 1435 1098 venerabilis
1464 1069 1638 1100 memoriae
1668 1069 1746 1100 Gre-

101 1123 237 1164 gorium,
261 1122 414 1153 eximium
439 1121 615 1159 doctorem,
639 1126 750 1151 sancta
772 1120 919 1151 Romana
941 1120 1098 1151 aecclesia
1121 1119 1206 1159 fecit,
1237 1126 1268 1150 et
1290 1120 1374 1150 sicut
1396 1119 1652 1151 Mediolanenses
1677 1132 1746 1151 suc—

101 1185 260 1206 cessorem
290 1173 377 1205 beati
405 1173 570 1204 Ambrosii
603 1171 860 1214 Simplicianum,
895 1171 1013 1202 bonum
1049 1182 1168 1206 senem,
1204 1171 1321 1212 eligere
1356 1171 1555 1203 studuerunt.
1601 1173 1747 1213 Dignum

100 1227 208 1269 itaque
236 1236 301 1256 non
332 1230 390 1265 est,
421 1231 456 1256 ut
479 1225 560 1255 tales
584 1223 680 1266 longo
711 1230 866 1255 terrarum
893 1225 997 1266 spatio
1030 1223 1213 1264 fatigentur.
1258 1222 1292 1254 Si
1322 1224 1428 1265 itaque
1458 1223 1518 1254 hoc
1546 1229 1651 1254 ratum
1682 1229 1745 1254 tam

101 1278 222 1310 sanctih
245 1278 401 1319 episcopi,
424 1288 586 1319 quamque
609 1275 809 1307 venerabiles
832 1277 1042 1317 imperatores
1059 1275 1237 1316 habuerint,
1261 1280 1292 1305 et
1315 1275 1515 1306 insolentiam
1534 1276 1747 1317 superborum

100 1330 313 1372 compriment
341 1335 372 1360 et
401 1329 433 1359 in
458 1340 539 1371 pace
563 1328 765 1370 quiescenti3
796 1328 867 1370 ipsa
889 1338 964 1358 vero
988 1326 1145 1357 aecclesia
1169 1326 1357 1357 concordari
1387 1332 1418 1357 et
1446 1326 1579 1357 adunari
1611 1328 1643 1357 in
1667 1338 1747 1369 pace

101 1381 221 1413 Christi
251 1380 359 1412 taliter
381 1380 453 1411 Deo
484 1379 661 1410 auxiliante
689 1384 805 1421 potest.
852 1379 1009 1421 Episcopi
1038 1378 1086 1410 vel
1111 1378 1228 1416 clerici,
1260 1380 1313 1420 qui
1343 1390 1361 1409 a.
1390 1384 1499 1409 saneta
1521 1378 1666 1409 Romana
1695 1380 1746 1410 et¹⁴

101 1432 260 1465 catholica
289 1431 447 1464 aecclesia
477 1431 715 1463 aberraverint¹
750 1437 781 1463 et
809 1443 850 1462 ex
879 1432 977 1462 corde
1007 1431 1207 1472 poenitentes
1238 1431 1277 1461 ad
1310 1441 1378 1462 eam
1405 1429 1531 1472 regredi
1555 1430 1748 1470 voluerint¹‚

100 1497 172 1516 cum
207 1484 339 1516 consilio
374 1488 556 1515 sanctorum
588 1485 815 1526 episcoporum
850 1484 1058 1525 recipiantur,
1089 1488 1121 1513 et
1150 1483 1298 1523 quamvis
1329 1482 1420 1513 multi
1451 1494 1491 1513 ex
1522 1483 1567 1513 eis
1597 1483 1747 1523 exigente

99 1537 223 1568 iustitia
245 1537 328 1567 iuste
351 1535 571 1577 repudientur,
594 1541 703 1566 tamen
725 1535 947 1566 misericordia
969 1533 1228 1576 superexaltante
1252 1533 1418 1574 iudicium,
1447 1535 1472 1564 si
1497 1545 1538 1564 ex
1560 1538 1627 1564 toto
1652 1534 1747 1564 corde

101 1593 342 1627 convertuntur,
374 1598 432 1629 pro
455 1589 577 1618 unitate
601 1592 632 1618 et
654 1587 826 1618 concordia
849 1592 977 1617 sanctae
1002 1587 1113 1617 matris
1137 1586 1311 1618 aecclesiae
1339 1587 1457 1616 bonum
1482 1591 1538 1624 est,
1568 1592 1602 1616 ut
1625 1586 1657 1615 in
1681 1587 1747 1616 suis

99 1640 254 1682 gradibus
288 1639 494 1681 recipiantur.
539 1639 576 1670 In
610 1639 656 1670 eis
690 1649 765 1670 vero
799 1638 889 1678 locis,
925 1637 981 1669 ubi
1016 1638 1165 1669 catholici
1198 1638 1343 1679 episcopi
1377 1643 1408 1668 et
1441 1638 1613 1668 scismatici
1647 1644 1747 1678 erant,

100 1691 249 1724 catholici
278 1691 387 1722 sedem
417 1691 623 1732 episcopatus
653 1691 859 1729 obtineantm‚
891 1691 1062 1721 scismatici
1094 1701 1169 1721 vero
1202 1690 1383 1731 presbyteri
1414 1689 1532 1720 honore
1562 1689 1746 1731 fungantur.

101 1744 237 1775 Factum
266 1748 314 1775 est
341 1743 427 1774 istud
458 1747 602 1784 tempore
634 1743 736 1774 sancti
767 1742 867 1784 patris
892 1741 1067 1783 Augustini
1096 1742 1136 1773 de
1168 1742 1358 1778 Donatistis,
1388 1746 1418 1771 et
1449 1741 1606 1772 aecclesia
1635 1747 1747 1772 sancta

101 1796 191 1827 unita
221 1800 278 1827 est.
323 1794 372 1825 Ita
401 1800 432 1825 et
462 1795 524 1825 isto
553 1799 699 1836 tempore
733 1795 759 1825 si
787 1800 910 1836 agatur,
944 1794 1107 1825 credimus
1138 1794 1169 1824 in
1200 1793 1284 1824 illius
1314 1793 1546 1831 misericordia,
1581 1794 1635 1834 qui
1666 1793 1747 1823 duos

102 1847 246 1879 diversos
280 1845 416 1888 angulos
443 1846 474 1876 in
505 1857 538 1876 se
567 1845 714 1887 angulari
743 1846 848 1887 lapide
880 1845 1023 1877 adunare
1052 1846 1201 1888 dignatus
1232 1851 1289 1886 est,
1320 1846 1396 1886 quia
1426 1845 1603 1876 aecclesian
1636 1849 1747 1875 sancta

101 1899 264 1942 praesenti
286 1897 450 1930 discordia
472 1897 594 1929 carebit
616 1903 647 1929 et
668 1898 700 1928 in
724 1909 804 1939 pace
827 1898 980 1940 quiescet.

208 2010 364 2042 ΧΟΙΙΙΙβ
398 2011 457 2041 De
487 2010 760 2041 districtione
789 2021 923 2051 regum
953 2016 1095 2041 contra
1125 2009 1423 2051 symoniacam⁰
1452 2008 1636 2039 heresim.

207 2072 424 2114 Temporibus
448 2071 548 2102 sancti
565 2070 717 2112 Gregorii
740 2082 855 2113 papae,
880 2072 991 2102 eximii
1008 2071 1157 2109 doctoris,
1182 2074 1270 2100 tanta
1293 2070 1341 2099 vis
1364 2068 1529 2110 religionis
1547 2068 1748 2111 principibus

102 2125 238 2156 terrenis
267 2125 381 2164 inerat,
416 2128 536 2154 utnon
567 2122 670 2153 solum
709 2122 807 2154 laicos
837 2135 856 2154 a
886 2122 969 2154 malo
998 2123 1192 2159 cohiberent,
1231 2120 1287 2152 sed
1317 2121 1412 2152 etiam
1444 2120 1578 2151 clericos
1606 2121 1748 2152 iustitiae

102 2177 223 2208 servire
246 2176 514 2216 constringerent.
558 2174 637 2206 Inde
661 2180 711 2206 est
737 2175 824 2217 quod
846 2174 1045 2206 Theoderico
1069 2180 1100 2205 et
1122 2172 1355 2211 Theodeberto,
1383 2173 1513 2213 regibus
1537 2173 1747 2213 Francorum,

104 2228 246 2259 scribens
269 2228 350 2258 ait1:
374 2228 491 2259 Fertur
514 2229 706 2268 symoniaca
730 2228 863 2267 heresis,
886 2238 970 2269 quae
988 2228 1103 2267 prima
1127 2230 1242 2256 contra
1266 2224 1351 2255 Deip
1375 2224 1562 2255 aecclesiam
1583 2224 1747 2255 diabolica

100 2280 311 2321 plantatione
334 2279 504 2320 surrepsit,
527 2283 555 2308 et
578 2280 651 2320 ipso
674 2284 747 2310 ortu
770 2290 827 2310 suo
851 2279 938 2310 zeaoq
963 2278 1161 2320 apostolicae
1183 2276 1320 2307 ultionis
1334 2287 1493 2317 percussa
1519 2280 1613 2317 atque
1637 2276 1749 2316 damp-

104 2336 186 2362 nata
208 2336 265 2372 est,
288 2335 316 2361 et
338 2332 374 2361 in
390 2331 486 2372 reyni
510 2330 742 2370 vestrifinibus
759 2331 936 2370 dominari,
959 2342 1031 2361 cum
1057 2331 1091 2360 in
1112 2328 1335 2359 sacerdotibus
1351 2327 1437 2367 fides
1461 2332 1488 2358 et
1503 2327 1572 2358 vita
1596 2327 1747 2369 eliyenda

216 2455 242 2486 a)
264 2454 356 2479 titulus
377 2454 447 2479 deest
468 2454 493 2477 B
507 2456 528 2478 l.
599 2455 626 2486 b)
645 2454 793 2486 relinquam
816 2454 875 2479 ΒΞ.
915 2471 919 2475 .
943 2457 967 2484 c)
991 2454 1068 2478 Ratio
1091 2453 1153 2481 1213
1175 2452 1245 2476 dees-8
1265 2451 1326 2476 ΒΞ.
1397 2451 1423 2481 d)
1447 2452 1606 2475 omnimodis
1627 2455 1666 2476 est
1686 2451 1745 2475 132.

107 2501 132 2532 e)
155 2509 208 2526 sac.
231 2504 257 2525 et
276 2509 331 2533 reg.
352 2498 429 2524 32¹³.
505 2500 526 2528 f)
546 2501 616 2524 deese
636 2499 696 2525 Be.
773 2504 800 2532 g)
824 2509 895 2532 corp.
917 2500 974 2523 deb.
996 2499 1057 2523 BR.
1133 2499 1161 2527 h)
1180 2502 1269 2530 patres
1290 2497 1353 2521 add.
1376 2497 1402 2520 In
1422 2505 1514 2529 τηαν-9.,
1535 2498 1580 2522 s-ed
1599 2498 1649 2522 dcl.
1671 2497 1744 2522 B22,

105 2548 125 2578 i)
146 2548 267 2580 quiesc‘fit
286 2546 346 2571 Bl.
441 2546 470 2576 k)
492 2550 519 2570 et
538 2546 608 2570 cath.
633 2547 686 2570 «les.
709 2546 770 2570 Be.
865 2547 883 2575 l)
905 2546 942 2569 ila
964 2545 1029 2573 3⁴23
1059 2543 1199 2569 aberravci-
1219 2558 1253 2561 —
1274 2542 1364 2568 voluer
1384 2543 1443 2568 Bl.
1539 2545 1575 2576 m)
1594 2547 1648 2576 opt.
1670 2543 1744 2568 132³.

106 2593 137 2625 n)
157 2601 178 2618 s.
200 2593 265 2617 eccl.
285 2592 347 2618 B2.
423 2591 451 2623 ο)
472 2592 633 2617 Simonicam
654 2590 729 2617 [32¹³.
806 2594 834 2624 p)
856 2593 925 2616 deest
945 2588 1022 2615 [32¹¹.
1099 2592 1125 2622 q)
1147 2591 1200 2615 telo
1222 2590 1267 2615 Gr.

215 2700 243 2735 l)
267 2699 401 2735 Greyorii
422 2700 447 2726 I.
471 2699 564 2734 Epist.
581 2700 636 2732 IX,
657 2700 724 2732 110,
753 2700 822 2733 Opp.
846 2703 866 2725 t.
883 2699 922 2730 II,
949 2699 999 2727 col,
1020 2698 1109 2726 1016.
1129 2699 1217 2726 1017.
1238 2698 1334 2731 1018;
1357 2697 1442 2731 Jassc
1464 2697 1560 2731 1744;
1584 2697 1620 2730 cf.
1646 2696 1746 2722 Libelli

105 2751 130 2784 I,
149 2761 180 2786 p.
202 2752 270 2778 119.
311 2757 314 2760 ”

1766 291 1888 313 naumis,
1903 292 1933 309 11.

1766 454 1812 476 (92)

1766 553 1805 575 Ex
1826 553 1927 576 ratione
1936 556 1945 568 (ἱ

1767 590 1806 607 Iol]
1828 589 1860 611 14,
1871 589 1907 608 27.

1768 1837 1790 1855 cf
1808 1838 1827 1854 l.
1839 1837 1899 1855 Petr.

1796 1867 1814 1887 2,
1825 1867 1843 1885 6.
1855 1867 1874 1885 7.

1767 2020 1814 2043 (93)

1769 2075 1807 2098 Ex
1828 2076 1930 2099 ratione
1939 2078 1957 2100 θ.
