2132 3067
540 145 592 172 DE
615 145 786 173 UNITATE
808 147 1013 176 ECCLESIAE
1037 151 1331 180 CONSERVANDA.
1694 153 1751 184 177

213 234 314 266 Nunc
337 235 518 265 transimus
542 235 587 265 ad
609 246 680 266 eam
699 240 828 276 partem
845 237 1094 280 disputationis,
1118 242 1151 271 in
1170 253 1235 282 qua
1257 254 1461 284 erponemus,
1485 246 1559 286 quis
1575 245 1695 276 librum
1715 247 1752 278 de

112 287 234 317 unitate
264 285 417 316 ecclesiae
447 287 677 316 conservanda
707 287 883 328 scripserit.
930 289 978 320 De
1009 302 1073 332 91111
1105 303 1139 322 re
1170 293 1227 333 qui
1256 295 1457 334 scripserunt
1486 300 1579 327 tanta
1610 302 1685 328 sunt
1717 299 1751 328 in

111 339 264 369 varietate
287 348 326 368 ac
350 337 560 375 dissensione,
593 342 628 368 ut
659 339 802 369 omnium
832 350 942 370 eorum
972 341 1137 373 molestum
1168 344 1209 373 sit
1239 344 1449 376 dinumerare
1478 349 1664 379 sententias.
1711 349 1750 380 In

108 389 169 420 kae
192 389 278 419 enim
299 399 334 419 re
358 392 386 418 et
408 388 466 418 boc
491 388 667 419 videndum
690 394 746 428 est,
770 401 809 420 ne
833 391 920 432 quod
943 403 1008 423 non
1032 394 1114 424 satis
1137 395 1301 436 eaeplorote
1317 399 1481 438 coynitum
1502 400 1544 429 sit
1567 404 1752 432 statuamus

74 455 87 474 5
107 441 173 472 sive
195 439 422 480 defendamus
445 444 473 470 et
497 440 566 478 hoc,
589 451 629 470 ne
653 445 772 471 conatu
797 442 927 473 omnino
952 443 1145 475 desistamus
1163 447 1304 487 perinde
1321 459 1359 478 ac
1375 450 1405 479 si
1421 449 1458 479 de
1475 449 1536 481 hac
1552 463 1585 482 re
1601 456 1749 483 neutram

110 493 143 523 in
172 496 299 533 partem
329 492 409 522 certi
439 492 613 532 quicquam
644 493 799 523 constitui
824 495 941 534 possit.
991 495 1156 527 Huttenus
1179 497 1217 528 de
1239 500 1396 539 scriptore
1425 501 1599 542 apoloyiae
1621 508 1751 534 nostrae

109 544 155 575 nil
177 542 345 574 diiudicat
367 547 395 573 et
418 544 599 584 yeneratim
623 547 718 584 atque
742 544 892 575 universe
916 545 1035 576 dicit1:
1065 547 1195 579 ‘Emittit
1219 550 1386 590 confestim
1415 551 1466 582 hic
1497 554 1645 594 quisquis
1665 554 1750 594 fuit,

106 599 186 626 certe
207 594 315 625 matus
337 605 405 625 esse
428 605 493 624 non
514 595 632 634 potuit,
655 595 714 635 qui
735 595 782 625 sic
805 596 950 636 scripsit,
975 597 1092 628 exiluit
1115 604 1142 629 et
1167 601 1322 640 optimam
1346 613 1495 633 caussam
1527 605 1643 644 optime
1666 606 1750 636 tueri

105 656 280 689 aggressus
303 646 370 678 est’.
415 645 591 686 Postquam
609 646 705 677 etiam
724 647 909 678 novissimis
933 650 1131 690 temporibus
1155 652 1309 682 nonnulli
1332 653 1369 683 de
1393 654 1451 684 bac
1475 657 1660 695 quaestione
1683 657 1747 687 ‹lis-

59 711 85 730 ιο
105 701 315 739 putaverunt,
345 696 381 728 id
411 697 552 727 maxime
581 707 647 727 rem
675 709 874 739 causamque
898 701 1047 740 continet,
1076 707 1185 732 utrum
1216 702 1423 734 Walramus²
1451 707 1622 747 episcopus
1646 707 1747 738 Num-

105 749 278 790 buryensis
302 747 492 790 apoloyiam
516 749 685 790 scripserit
709 760 754 779 an
777 750 956 781 monachus
980 753 1113 793 quidam
1137 753 1389 794 Hersfeldensis‚
1413 757 1507 787 cuius
1530 769 1643 789 nomen
1675 770 1748 789 con-

104 800 195 832 stitui
217 810 282 831 non
303 801 418 841 possit,
447 798 495 830 vel
520 800 644 841 potius,
673 804 782 831 utrum
806 801 834 832 is
858 803 1038 833 monachus
1067 804 1320 846 Hei-sfeldensis‚
1348 807 1404 847 91ιί
1427 806 1541 838 librum
1567 809 1603 838 de
1626 810 1750 840 unitate

104 851 256 883 ecelesiae
279 851 507 882 conservanda
523 852 704 892 scripserit,
724 857 850 893 postca,
875 853 931 883 sed
951 855 1151 896 priusquam
1167 857 1267 896 finem
1291 858 1456 888 scribendi
1468 858 1608 899 faceret,
1632 861 1750 901 episco-

103 914 166 944 pus
189 902 453 944 Numburyensis
473 902 592 944 factus
615 903 657 933 sit
680 914 788 935 necne.
834 904 998 936 Nonnulli
1027 918 1147 947 eorum,
1170 909 1228 949 91ιὶ
1251 908 1335 938 banc
1358 920 1492 940 causam
1516 915 1750 951 tractaverunt,

57 968 84 987 ιε
103 955 299 993 εωὶεἰίτηαηῦ,
331 954 369 984 de
399 954 560 995 scriptore
587 954 666 985 libri
689 956 795 986 nostri
818 957 903 987 nihil
933 957 1077 997 amplius
1110 959 1178 989 dici
1204 970 1301 1000 posse
1331 970 1429 1000 quam
1460 961 1649 992 monachum
1682 974 1748 992 eum

95 1006 204 1049 fuisse
228 1005 498 1046 Hersfeldensem.
556 1005 643 1036 Velut
669 1006 912 1048 Helmsdo‘rfer8
937 1008 1028 1049 dicit,
1058 1009 1143 1040 nihil
1175 1010 1269 1041 aliud
1299 1011 1337 1041 (le
1367 1012 1525 1052 scriptore
1554 1012 1651 1043 liuius
1673 1013 1751 1044 libri

103 1058 170 1090 dici
195 1069 302 1099 posse,
332 1057 399 1088 nisi
428 1068 499 1087 eum
528 1057 702 1098 scripsisse
731 1069 818 1089 anno
851 1059 941 1090 1093.
971 1065 998 1090 et
1027 1062 1198 1101 scripsisse
1226 1062 1261 1092 in
1293 1064 1489 1093 monasterio
1514 1063 1750 1104 Hei-sfeldensi,

103 1110 187 1152 quod
209 1109 328 1141 eluceat
353 1119 392 1140 ex
415 1108 582 1149 capitibus
604 1108 649 1147 II,
665 1109 717 1140 28.
734 1109 870 1141 31—33.
909 1111 997 1142 Idem
1012 1112 1087 1153 fere
1110 1114 1207 1143 sentit
1223 1113 1348 1154 Beryer
1363 1115 1397 1145 in
1415 1115 1636 1156 disputatione
1657 1120 1750 1156 sua⁴7

103 1162 160 1203 qui
182 1161 260 1200 vult,
283 1160 368 1192 nillil
391 1160 430 1191 de
454 1162 583 1191 nomine
607 1162 752 1192 auctoris
776 1161 845 1193 dici
865 1174 973 1203 posse,
997 1164 1065 1194 nisi
1085 1175 1156 1194 eum
1172 1165 1366 1196 monachum
1385 1165 1594 1206 Hersfeldiae
1608 1166 1748 1207 susis-se&

56 1226 83 1245 2⁰
105 1212 152 1244 De
175 1212 291 1255 quibus
314 1212 408 1243 rebus
433 1212 514 1253 quid
538 1223 596 1254 eqo
620 1214 769 1253 sentiam,
793 1225 881 1244 nunc
904 1214 1041 1245 breviter
1063 1215 1241 1256 eoeplz'cabo.
1286 1216 1355 1246 Hoc
1381 1217 1465 1248 inter
1487 1229 1594 1248 omnes
1618 1222 1749 1258 constat,

102 1265 290 1306 scriptorem
314 1263 414 1294 liuius
437 1262 515 1294 libri
536 1263 733 1294 monachum
751 1265 1011 1306 Hersfeldensem
1025 1266 1148 1307 fuisse.
1184 1267 1268 1298 Nam
1291 1279 1306 1297 e
1322 1268 1485 1308 capitibus
1512 1269 1620 1300 1628.
1634 1270 1683 1302 31,
1698 1269 1748 1300 32.

101 1316 177 1347 libri
205 1315 250 1346 H.
282 1315 426 1346 dilucide
458 1320 614 1356 apparet,
649 1327 718 1346 eum
751 1328 857 1347 mense
887 1316 1036 1358 Augusto
1068 1319 1151 1349 anni
1185 1318 1280 1358 1086,
1312 1319 1441 1360 quando
1473 1325 1685 1361 porrexerunt
1716 1321 1747 1351 in

103 1365 286 1398 orientalem
318 1366 487 1398 Franciam
519 1366 559 1397 ad
591 1367 784 1408 patrandum
819 1367 898 1399 illud
932 1369 1017 1399 circa
1051 1369 1237 1410 Wirziburg
1274 1381 1408 1412 magnae
1440 1371 1611 1402 occisionis
1642 1371 1746 1402 scelus

102 1418 163 1458 (II,
187 1418 245 1458 31)
276 1418 485 1460 Hersfeloliae
506 1418 626 1459 fuisse.
679 1419 789 1451 Etiam
819 1425 953 1450 exeunte
983 1432 1071 1451 anuo
1099 1421 1189 1460 1087,
1218 1433 1289 1452 cum
1315 1422 1475 1464 Eybertus
1505 1434 1537 1454 se
1567 1423 1745 1464 supplicem

54 1485 81 1505 25
103 1471 294 1512 imperatori
323 1470 450 1502 dedidit
479 1475 507 1500 et
527 1470 629 1510 fidem
654 1472 810 1512 promisit
837 1472 930 1512 apud
960 1472 1191 1512 Hersfeldiam‚
1221 1473 1349 1504 videtur
1376 1475 1517 1514 scriptor
1546 1475 1642 1505 liuius
1671 1473 1747 1505 libri

102 1522 146 1554 ibi
163 1523 285 1564 fuisse.
329 1521 420 1553 Num
443 1527 551 1552 autem
573 1523 671 1553 etiam
694 1528 822 1564 postero
852 1528 993 1563 tempore
1015 1523 1222 1564 Hersfeldiae
1241 1524 1360 1565 fuerit,
1389 1525 1523 1556 dubium
1546 1530 1608 1564 est;
1635 1525 1747 1565 fuisse

101 1574 146 1606 ibi
167 1585 247 1614 eum,
279 1579 360 1605 certe
389 1585 455 1604 non
486 1584 525 1604 ex
554 1573 622 1604 illis
645 1574 723 1605 locis
747 1586 825 1616 quos
848 1576 1092 1605 commemoravi
1115 1575 1226 1617 colliyi
1250 1580 1363 1616 potest.
1406 1576 1493 1607 Nam
1519 1578 1600 1618 quod
1623 1576 1745 1608 Helms-

100 1626 232 1667 do‘rfer⁶
256 1626 348 1665 dicit,
370 1625 475 1656 verbis
499 1631 613 1656 sancta
635 1631 745 1656 nostra
768 1630 795 1656 et
819 1625 857 1657 ad
883 1626 993 1656 vivum
1017 1636 1075 1657 nos
1099 1626 1204 1667 tetigit
1227 1629 1270 1666 (c.
1284 1627 1334 1665 28,
1356 1627 1408 1658 lib.
1423 1627 1474 1667 II)
1499 1640 1557 1659 nos
1580 1628 1745 1670 impediri,

100 1678 272 1720 quominus
301 1677 501 1708 PValramum
530 1678 719 1718 episcopum
744 1677 1023 1719 Numburqensem
1052 1679 1088 1709 id
1117 1679 1288 1719 scripsisse
1318 1683 1512 1718 statuamus,
1542 1680 1598 1709 vim
1622 1691 1746 1710 necesse

53 1743 81 1763 ao
100 1733 154 1768 est,
176 1729 262 1771 quod
285 1729 454 1770 refutetur.
504 1729 593 1760 Nam
617 1730 646 1760 si
669 1729 742 1760 dico
766 1729 803 1760 de
826 1728 932 1767 rebus,
961 1729 1078 1769 quibus
1102 1741 1171 1760 una
1195 1742 1267 1760 cum
1291 1730 1368 1760 aliis
1391 1730 1575 1761 hominibus
1600 1732 1745 1771 interfui,

99 1786 128 1812 et
149 1792 232 1823 quae
253 1781 334 1812 mihi
358 1780 457 1811 simul
479 1792 550 1811 cum
575 1780 653 1811 aliis
677 1781 879 1818 acciderunt,
903 1781 952 1811 uti
968 1791 1103 1821 possum
1128 1781 1234 1812 verbis
1250 1782 1329 1812 ‘nos'
1345 1786 1372 1812 et
1388 1783 1525 1821 ‘noster’,
1549 1793 1743 1823 quamquam

99 1831 288 1875 longissime
312 1832 424 1863 absum
449 1831 488 1862 ab
511 1831 567 1863 illo
589 1832 667 1870 loco,
692 1843 754 1874 quo
777 1832 855 1862 haec
871 1831 971 1872 facta
995 1837 1079 1865 suut.
1121 1832 1327 1874 Quamquam
1349 1833 1455 1874 iyitur
1478 1833 1562 1864 nihil
1586 1833 1744 1873 habemus,

100 1894 158 1915 cur
185 1888 353 1925 putemus,
386 1884 576 1924 scriptorem
605 1883 705 1914 huius
737 1883 906 1925 apoloyiae
932 1885 1096 1923 proaez'mis
1127 1884 1280 1925 deinceps
1310 1885 1409 1915 annis
1439 1895 1505 1914 non
1537 1884 1742 1924 Hersfeldiae

206 1985 235 2020 1)
257 1984 356 2018 Praef.
375 1994 406 2019 p.
425 1985 453 2010 9.
522 1985 551 2016 2)
579 1984 750 2010 waltramus
772 1993 869 2010 nomen
891 1985 1024 2010 scribitur
1047 1984 1118 2010 Anu.
1136 1984 1166 2011 S.
1186 1984 1279 2010 Disib.
1300 1984 1388 2017 1090,
1412 1984 1467 2011 SS.
1485 1984 1584 2016 XVII,
1603 1993 1637 2018 p.
1651 1985 1667 2009 9
1683 1993 1740 2018 sqq.

52 2044 80 2065 ³5
100 2036 156 2064 Sed
184 2036 257 2063 Ann-
287 2036 403 2071 Peyav„
434 2036 490 2064 SS.
520 2036 603 2069 XVI,
634 2044 665 2069 p.
697 2035 766 2068 242,
802 2045 861 2061 eum
897 2036 1096 2062 Hblrabanum
1127 2036 1370 2070 (It'alravanum),
1405 2036 1440 2062 G.
1471 2035 1593 2069 archiep.
1629 2035 1739 2069 sslayd„

99 2087 153 2115 SS.
175 2088 259 2121 XIV,
277 2097 308 2122 p.
327 2087 387 2114 406
417 2087 617 2114 H'alrabonum
641 2087 746 2120 dicunt,
768 2086 799 2112 in
822 2087 1020 2120 diplomatibus
1043 2095 1107 2112 vero
1132 2087 1319 2113 Guoleramus
1342 2087 1383 2112 vel
1406 2087 1616 2113 Gwaleramuus
1639 2087 1742 2120 legitur

98 2138 238 2174 (Lepsius,
263 2139 309 2166 ‘G-
333 2139 361 2166 d.
385 2139 481 2165 Bisch.
506 2148 531 2166 υ.
554 2138 744 2173 Naumbury’‚
772 2146 801 2172 p.
826 2138 897 2164 235.
922 2137 1014 2171 236),·
1044 2138 1083 2163 ita
1113 2141 1141 2163 ut
1164 2138 1260 2171 forma
1290 2138 1448 2164 Walramus
1469 2137 1659 2172 praeferenda
1684 2146 1741 2163 esse

98 2190 237 2218 uideatur.
271 2191 307 2217 G.
328 2190 369 2217 W.
437 2190 466 2222 3)
491 2190 630 2216 ‘Willzelm
654 2199 679 2216 υ.
696 2188 857 2221 ΙΙίνεοῘιαιι’,
884 2189 972 2221 1874,
994 2198 1025 2223 p.
1043 2189 1092 2216 27.
1165 2189 1194 2222 4)
1217 2190 1288 2215 ‘Zur
1310 2190 1405 2215 Ix'rililc
1427 2190 1476 2215 der
1498 2189 1683 2221 Streilsclzrift
1706 2189 1740 2214 de

99 2241 203 2268 unitate
225 2242 359 2268 ecclesiae
381 2241 591 2273 consemandd,
617 2242 703 2268 Halle
722 2241 810 2274 1874,
829 2249 861 2274 p.
880 2241 908 2266 3.
925 2240 952 2266 4.
1021 2240 1050 2274 5)
1072 2239 1167 2266 Etiam
1189 2240 1312 2267 Sdralek
1333 2241 1400 2267 dicit
1418 2250 1448 2274 p.
1466 2240 1503 2266 33
1529 2240 1546 2266 Ι.
1564 2249 1602 2266 cu:
1627 2239 1739 2265 ‘Weder

50 2301 78 2320 4ο
99 2292 273 2320 Giesebrecht
295 2293 355 2327 III,
382 2293 460 2319 1050
485 2293 553 2319 nocli
582 2293 761 2318 Wattenbacli
783 2291 942 2327 (Deutsclzl.
968 2291 1234 2326 Gescliiclitsqucllen
1259 2293 1298 2325 ΙΙ,
1325 2292 1374 2327 76)
1398 2293 1532 2317 ενλίηιιιεη
1555 2291 1602 2316 die
1625 2291 1741 2316 (lriinde

92 2343 147 2377 fiir
166 2343 326 2379 stichkaltiq
349 2353 396 2379 an,
424 2344 525 2370 welche
542 2343 596 2377 fiir
626 2344 748 2370 Walram
772 2353 824 2371 von
848 2344 970 2370 Naumb.
994 2344 1036 2369 als
1066 2342 1210 2375 Verfasser
1233 2344 1282 2370 der
1304 2343 1490 2375 Streitsclirist
1519 2343 1553 2368 de
1580 2342 1649 2369 unit.
1673 2342 1738 2368 eccl.

98 2404 170 2422 cons.
191 2396 301 2431 geltend
323 2396 450 2430 yemacht
473 2396 582 2422 worden
611 2395 698 2424 sind'.
750 2396 784 2422 At
808 2405 879 2430 quae
901 2398 963 2421 sunt
986 2395 1054 2420 illae
1076 2403 1180 2421 causae
1201 2393 1321 2420 inanes?
1371 2393 1544 2420 Giesebreclzt
1573 2402 1603 2419 re
1630 2402 1683 2419 non
1710 2393 1738 2418 in

98 2447 312 2474 controuersiam
337 2448 457 2474 deducta
480 2447 540 2473 loeo
564 2447 650 2474 citato
671 2448 768 2474 statuit
791 2447 962 2473 Walramum
985 2455 1042 2472 esse
1065 2449 1214 2472 auctorem.
1256 2445 1435 2472 Il'attenbaclt
1458 2448 1547 2471 autem
1571 2445 1631 2470 loco
1654 2444 1739 2470 citato

94 2497 281 2532 persequitur,
309 2499 382 2534 quod
404 2499 507 2525 Ewald
530 2499 563 2524 de
586 2502 708 2532 tempore
731 2499 799 2524 libri
820 2497 971 2532 conscripti
992 2500 1126 2529 senserat,
1149 2506 1199 2523 nec
1223 2497 1302 2523 aliud
1331 2497 1488 2530 quicquam,
1511 2496 1584 2530 quod
1607 2495 1644 2521 ad
1666 2495 1738 2520 lianc

51 2555 81 2576 45
98 2549 283 2582 quaestionem
309 2550 461 2585 pertineat,
493 2550 573 2576 addit
603 2550 659 2576 nisi
687 2553 827 2576 auctorem
858 2549 925 2575 libri
954 2557 1010 2575 esse
1037 2548 1160 2575 dubium.
1213 2548 1292 2578 Quod
1321 2547 1498 2573 ll'auenbaclz
1526 2556 1559 2572 ne
1583 2547 1612 2572 in
1641 2546 1737 2579 quinta

99 2600 207 2634 quidem
235 2601 355 2628 editione
383 2601 450 2628 libri
477 2602 522 2628 sui
542 2601 679 2628 rationem
702 2601 799 2627 habuit
823 2603 1057 2635 aryumentorum,
1086 2608 1157 2633 quae
1179 2602 1276 2625 contra
1297 2599 1459 2625 sententiam
1483 2598 1597 2624 Ezoaldi
1618 2598 1651 2623 (Ic
1673 2599 1737 2623 tem-

95 2659 165 2685 pore
186 2652 335 2687 apologiae
356 2652 479 2687 scriptae
501 2653 694 2685 attuleramus,
718 2652 889 2686 praesertim
917 2660 977 2677 cum
1005 2651 1087 2677 etiam
1113 2651 1147 2677 G.
1170 2650 1257 2677 {Vaitz
1279 2659 1313 2676 ea
1336 2649 1491 2683 probasset,
1518 2649 1649 2675 dolemus.
1695 2647 1738 2673 Ad

99 2705 238 2729 auctorem
261 2707 351 2730 autem
374 2704 456 2731 huius
478 2704 628 2738 apologiae
650 2712 838 2738 quaecumque
859 2705 984 2737 spectant
1007 2701 1054 2737 qui
1077 2702 1238 2727 accuratius
1260 2700 1487 2732 consideraverit,
1512 2703 1604 2725 nostra
1629 2699 1735 2732 quidem

98 2754 232 2781 sententia
255 2755 357 2788 facere
385 2764 440 2781 non
465 2755 581 2791 poterit,
609 2755 676 2790 quin
703 2758 808 2781 statuat
831 2757 941 2789 partem
969 2753 1050 2779 huius
1077 2753 1144 2779 libri
1170 2753 1199 2778 in
1222 2752 1349 2778 coenobio
1375 2750 1567 2784 llcrsfcldensi
1593 2750 1734 2783 scriptam,

51 2810 80 2831 5⁰
99 2804 215 2832 alteram
234 2809 345 2840 partem
367 2806 433 2833 inde
455 2807 490 2833 ab
513 2815 575 2840 cap.
595 2807 642 2839 15,
667 2806 735 2832 libri
756 2805 797 2832 II.
822 2805 878 2832 alio
901 2805 970 2832 loco.
1059 2804 1088 2838 6)
1111 2804 1144 2831 L.
1169 2813 1192 2830 c.
1212 2812 1243 2837 p.
1261 2803 1309 2830 27.

171 2859 268 2885 Libeui
288 2861 322 2886 de
341 2861 396 2886 lite.
426 2861 462 2886 11.
1471 2857 1504 2879 ‘23
