2132 3067
698 145 749 171 XI.
784 146 835 172 DE
857 146 1124 176 PRESBYTERIS.
1677 149 1733 178 1433

87 233 214 266 dicens:
244 234 369 265 Paulus
398 238 425 264 et
456 233 662 264 leimotlzeus
687 236 772 265 servi
798 234 919 266 Christi
942 235 1014 266 Iesu
1039 238 1187 269 omnibus
1213 240 1348 279 sanctis,
1379 241 1436 281 qui
1459 245 1533 272 sunt
1557 240 1735 282 Philippis,
1755 253 1874 275 ruitur

87 298 158 317 cum
180 286 342 327 episcopis
365 290 393 316 et
416 285 621 316 diaconibus.
666 284 748 316 Nam
781 286 871 316 iuxta
895 285 1110 318 Iheronimum
1137 288 1293 331 Philippis
1323 301 1387 321 una
1416 297 1464 322 est
1492 292 1606 323 civitas
1631 292 1735 323 Maee-

87 337 211 377 doniae,
236 347 320 379 quae
343 336 452 378 plures
475 347 538 367 non
563 337 666 378 potuit
689 336 807 368 habere
831 338 1014 379 episcopos.
1048 339 1084 369 In
1105 340 1240 371 Actibus
1265 352 1394 383 quoquc
1417 342 1636 384 apostolorum
1662 342 1736 384 legi-

87 395 139 420 tur
171 387 335 431 apostolos
372 398 508 419 vocasse
539 387 748 430 presbyteros
780 388 1004 429 Ephesiorum,
1040 400 1120 432 quos
1156 397 1186 421 et
1219 393 1387 434 episcopos
1419 405 1437 424 a
1469 394 1591 436 Spiritu
1624 402 1734 426 sancto

58 441 210 483 apositos
241 451 311 472 esse
342 450 404 471 non
435 440 546 479 tacuit,
578 439 728 471 videlicet
758 440 854 470 unius
886 441 1024 471 civitatis
1054 442 1259 483 presbyteros
1283 454 1402 475 vocans
1431 445 1609 486 episcopos
1655 445 1734 477 Item

86 493 156 534 ipse
178 492 332 534 princeps
357 490 575 533 apostolorum
600 491 716 522 Petrus
740 492 770 521 in
795 491 932 533 epistola
956 502 1029 522 sua:
1062 493 1271 534 Presbyteros,
1303 496 1415 537 inquit,
1446 498 1477 527 in
1512 497 1598 527 vobis
1618 509 1737 538 precor
1759 524 1764 540 l
1788 493 1866 540 „effi-3
1888 524 1893 540 ι

89 544 321 586 compresbyter
343 547 372 574 et
394 544 482 573 testis
504 543 701 584 passionum
727 542 859 574 Christi.
913 543 993 574 Item
1018 544 1176 575 Iohannes
1200 546 1364 587 apostolus
1387 554 1417 578 et
1441 548 1637 589 evangelista
1661 549 1736 579 scri·
1772 537 1776 541 ⁵
1900 537 1904 541 .

89 597 167 627 bens
190 606 231 626 ex
255 595 305 626 sui
335 605 487 636 persona:
519 594 697 636 Presbyter,
727 594 840 636 inquit,
873 594 1001 625 Electae
1033 595 1185 627 dominae
1214 602 1241 627 et
1264 598 1351 637 filiis
1381 600 1459 632 eius.
1504 599 1593 630 Idem
1618 600 1649 630 in
1674 599 1735 631 alia
1757 611 1862 630 2.1oh.1.

88 645 238 689 epistola:
262 647 432 689 Presbyter
455 645 543 676 Gaio
567 646 748 676 carissimo.
1757 658 1863 678 3.10h.1.

41 710 68 728 ιο
193 698 254 730 His
276 698 378 740 igitur
400 697 566 729 sententiis
589 697 684 728 beato
708 696 891 727 Iheronimo
915 703 946 728 et
970 697 1142 728 Ambrosio
1171 699 1382 731 atestantibus
1407 700 1644 733 evidentissime
1667 713 1737 743 pro·
1758 712 1789 735 (s)

89 749 184 782 batur
205 749 343 780 eundem
366 749 591 791 presbyterum
616 756 646 780 et
669 749 858 790 episcopum
886 748 996 780 fuisse.
1043 750 1110 780 Cur
1132 756 1236 782 autem
1263 758 1373 792 postea
1397 753 1478 783 inter
1500 764 1534 784 se
1557 760 1588 784 et
1610 754 1738 784 nomine

89 807 121 833 et
143 801 247 833 officio
271 801 454 843 discrepare
479 801 654 843 coeperint,
678 801 722 831 ita
747 805 782 830 ut
803 800 886 831 inter
909 800 1117 842 presbyteros
1142 812 1224 832 unus
1249 802 1433 843 specialiter
1456 814 1571 834 nomen
1596 805 1739 846 episcopi

89 852 273 895 obtinuerit,
295 853 380 884 idem
397 853 588 894 leronymus
612 863 711 894 super
734 850 901 893 epistolam
920 851 959 882 ad
977 851 1106 883 Titum¹
1133 854 1208 884 satis
1233 860 1342 895 aperte
1362 856 1508 895 exponit:
1532 855 1704 896 Postquam
1717 861 1739 895 ³,

90 905 204 948 inquit,
233 906 457 947 unusquisque
480 915 541 944 e03‚
570 915 650 946 quos
673 903 911 944 baptizaverat,
939 914 1015 934 suos
1038 915 1103 935 esse
1127 916 1192 935 non
1219 904 1340 936 Christi
1359 907 1510 946 putabat,
1540 908 1574 936 in
1604 911 1664 937 toto
1688 907 1738 938 de-

44 966 70 985 15
90 961 211 989 cretum
234 962 279 988 est
301 955 384 995 orbe,
408 960 444 986 ut
467 967 554 986 unus
578 956 616 986 de
636 955 836 997 presbyteris
859 955 977 986 electus
1000 961 1278 996 superponeretur
1300 957 1422 996 ceteris,
1454 957 1498 988 ad
1522 969 1611 998 quem
1637 960 1739 988 omnis

89 1019 171 1040 cura
194 1009 349 1040 ecclesiae
366 1009 547 1049 pertineret
571 1011 598 1038 et
620 1008 809 1038 scismatum
831 1008 955 1038 semina
979 1007 1176 1038 tollerentur.
1220 1007 1263 1038 Et
1287 1008 1384 1039 infra:
1409 1008 1595 1048 Paullatim,
1622 1014 1653 1038 ut
1677 1010 1740 1040 dis-

90 1059 275 1092 sensionum
303 1060 480 1101 plantaria
503 1058 723 1098 evellerentur,
755 1058 799 1088 ad
830 1069 931 1089 unum
965 1060 1068 1089 omnis
1091 1058 1274 1090 sollicitudo
1304 1058 1412 1090 (lelata
1443 1065 1497 1091 est.
1552 1060 1643 1091 Sicut
1667 1072 1740 1102 erqo

86 1111 269 1154 presbyteri
296 1111 404 1142 sciunt
426 1122 460 1142 se
481 1121 522 1141 esc
544 1111 776 1142 consuetudine
801 1110 976 1141 aecclesiae
1000 1111 1038 1149 ei,
1068 1111 1124 1151 qui
1147 1109 1209 1140 sibi
1227 1111 1418 1152 prepositus
1431 1111 1552 1152 fuerit,
1582 1123 1646 1142 esse
1670 1111 1739 1142 sub-

89 1164 202 1194 iectos:
224 1162 273 1194 ita
297 1163 443 1204 episcopi
466 1163 627 1202 noverint,
652 1173 684 1192 se
707 1163 815 1203 mayis
832 1162 1064 1192 consuetudine
1088 1173 1185 1202 quam
1209 1162 1425 1202 dispositione
1449 1163 1634 1194 dominicae
1657 1164 1738 1194 veri-

42 1223 69 1242 20
89 1214 190 1246 tatisb
218 1214 418 1256 presbyteris
449 1225 515 1245 esse
546 1214 687 1244 maiores
721 1218 748 1244 et
782 1214 818 1243 in
853 1223 1018 1243 commune
1053 1213 1163 1243 debere
1197 1213 1387 1244 aecclesiam
1421 1226 1540 1255 reyere,
1577 1215 1740 1245 imitantes

89 1266 237 1308 Moysen,
265 1267 334 1307 qui,
357 1277 429 1296 cum
454 1265 585 1296 haberet
608 1266 644 1296 in
664 1269 823 1306 potestate
846 1263 935 1295 solus
955 1275 1086 1305 preesse
1105 1265 1230 1305 populo
1254 1264 1369 1305 Israel,
1400 1267 1614 1307 septuayinta
1637 1265 1740 1307 eleqit,

90 1329 161 1350 cum
184 1317 300 1360 quibus
321 1315 482 1358 populum
506 1317 680 1348 iudicaret.

196 1368 279 1401 Cum
303 1368 404 1410 igitur
426 1368 608 1410 presbyteri
631 1373 663 1399 et
685 1368 830 1409 episcopi
855 1367 1030 1409 antiquitus
1061 1366 1145 1398 idem
1176 1367 1274 1398 fuisse
1298 1367 1454 1408 legantur,
1485 1369 1579 1399 etiam
1605 1368 1738 1400 eandem
1760 1379 1792 1403 (4)

89 1420 211 1462 ligandi
239 1425 336 1462 atque
365 1419 511 1451 solvendi
542 1425 734 1462 potestatem
765 1425 796 1450 et
824 1419 886 1449 alia
915 1430 1001 1450 nunc
1029 1419 1190 1460 episcopis
1215 1419 1366 1461 specialia
1389 1419 1539 1451 habuisse
1564 1431 1625 1451 non
1650 1420 1738 1451 dubi-

43 1481 69 1501 25
91 1477 206 1505 tantur.
252 1471 428 1513 Postquam
452 1477 559 1502 autem
584 1471 764 1513 presbyteri
794 1471 834 1502 ab
866 1470 1041 1512 episcopali
1066 1469 1257 1502 excellentia
1281 1471 1425 1502 ‘cohibiti
1452 1477 1534 1510 sunt,
1566 1472 1672 1513 eoepit
1694 1472 1739 1502 eis
1761 1480 1841 1502 ‘niza

90 1535 152 1556 non
174 1523 271 1555 licere
295 1523 381 1566 quod
404 1522 504 1562 licuit,
529 1522 680 1553 videlicet
696 1522 781 1565 quod
799 1522 1037 1554 aecclesiastica
1053 1523 1226 1553 auctoritas
1250 1523 1325 1553 solis
1350 1523 1558 1564 pontificibus
1582 1534 1740 1565 exequen-

91 1576 167 1608 dum
196 1574 370 1616 delegavit,
398 1575 431 1605 id
456 1580 515 1614 est,
545 1574 778 1605 confectionem
811 1575 982 1613 crismatis,
1015 1575 1289 1606 consecrationem
1312 1575 1485 1616 virginum,
1510 1575 1740 1606 reconciliatio-

90 1639 162 1659 nem
185 1627 399 1670 penitentium
431 1631 462 1658 et
492 1626 555 1657 alia
585 1626 781 1666 huiusmodi,
810 1638 893 1669 quae
922 1631 1041 1657 statuta
1065 1631 1191 1668 patrum
1217 1626 1263 1657 eis
1287 1625 1515 1657 intercludunt.
1560 1626 1641 1657 Nam
1666 1626 1740 1657 Car-

91 1680 258 1721 taginense
283 1678 465 1719 concilium,
489 1679 541 1709 cui
561 1679 673 1710 beatus
691 1678 893 1719 Augustinus
916 1678 1072 1718 interfuit,
1097 1677 1238 1719 capitulo
1260 1677 1351 1709 ΥΠ.2
1366 1677 1564 1719 presbyteris
1581 1678 1742 1709 interdicit

43 1739 70 1758 30
91 1731 250 1762 crismatis
265 1729 509 1770 confectionem,
526 1730 758 1772 poenitentium
778 1729 1084 1770 reconciliationem,
1101 1731 1262 1770 virginum
1279 1729 1572 1760 consecracionem.
1601 1729 1740 1761 Sanctus

91 1793 219 1826 quoque
249 1779 411 1813 Eusebius
442 1792 529 1824 papa
559 1782 592 1812 in
621 1782 781 1813 decretis³
812 1782 879 1812 suis
910 1781 1021 1812 XXII.
1051 1782 1324 1812 confirmationem
1356 1780 1581 1822 neophitorum
1614 1781 1739 1811 nonnisi

91 1834 132 1866 ab
159 1830 323 1876 episcopis
354 1843 448 1875 posse
476 1833 528 1864 vel
558 1833 676 1864 debere
705 1833 773 1864 fieri
808 1834 923 1864 asserit
951 1844 1010 1864 nec
1041 1834 1122 1864 inter
1153 1832 1394 1863 aecclesiastica
1425 1838 1627 1863 sacramenta
1655 1831 1739 1862 illam

93 1886 244 1928 reputari,
267 1895 350 1928 quae
373 1883 413 1916 ab
437 1883 509 1916 aliis
532 1890 723 1927 presumpta
746 1885 850 1916 fuerit.

198 1936 262 1969 Sed
292 1936 332 1969 de
361 1936 410 1967 his
438 1936 583 1978 singulis,
615 1948 698 1979 quae
727 1936 925 1978 presbyteris
957 1947 1020 1966 non
1049 1935 1144 1966 licere
1176 1941 1360 1977 coeperunt,
1389 1939 1581 1976 postquam³
1606 1935 1667 1976 ipsi
1697 1934 1738 1964 ab
1760 1944 1792 1967 (5)

45 1997 72 2016 ³5
91 1988 269 2032 episcopali
292 1987 485 2020 excellentia
506 1990 646 2030 separati
671 1994 753 2027 sunt,
777 1988 891 2019 beatus
909 1988 1071 2018 Damasus
1094 1998 1178 2028 papa
1202 1986 1328 2028 plenius
1352 1986 1382 2016 in
1407 1985 1543 2017 decretis
1567 1986 1633 2016 suis
1657 1985 1739 2016 edis-

92 2041 178 2082 serit,
201 2041 258 2073 ubi
280 2051 396 2072 vanam
418 2041 680 2082 superstitionem
697 2040 1005 2081 chorepiscoporum
1021 2039 1193 2069 autenticis
1209 2037 1387 2068 rationibus
1406 2038 1611 2078 compescuit.
1657 2036 1738 2067 Nam

93 2092 236 2124 scribens
267 2091 417 2124 omnibus
448 2093 610 2134 episcopis
640 2092 778 2133 primum
811 2091 1062 2132 chorepiscopos
1092 2089 1170 2120 nihil
1200 2089 1288 2120 aliud
1319 2100 1389 2120 esse
1413 2100 1508 2131 quam
1533 2088 1738 2130 presbyteros

95 2144 220 2187 probat,
243 2143 358 2176 deinde
380 2150 535 2186 utrosque
559 2144 774 2175 communiter
790 2142 830 2173 ab
848 2141 1023 2183 episcopali
1048 2141 1175 2183 fastigio
1200 2140 1259 2171 hoc
1283 2141 1378 2172 modo
1402 2145 1613 2182 sequestrat⁴z
1640 2139 1738 2171 Chor-

95 2197 269 2239 episcopis,
298 2196 413 2238 inquit,
442 2208 508 2228 non
538 2196 611 2227 licet
641 2195 824 2226 sacerdotes
848 2205 1048 2230 consecrare,
1080 2205 1134 2224 nec
1158 2193 1324 2233 diaconos,
1355 2204 1409 2223 nec
1433 2192 1658 2228 subdiaconos,
1682 2203 1739 2222 nec

49 2255 77 2274 ⁴⁰
95 2249 251 2291 viryines,
273 2260 330 2279 nec
353 2248 459 2279 altare
481 2249 617 2290 eriqere,
643 2258 698 2277 nec
722 2257 868 2287 linquere
887 2244 932 2275 cel
948 2256 1093 2283 sacrare,
1120 2256 1175 2275 nec
1191 2245 1343 2275 ecclesias
1360 2244 1522 2283 dedicare,
1548 2255 1603 2274 nec
1619 2244 1738 2274 crisma

95 2299 263 2340 conficere,
293 2311 351 2331 nec
381 2300 531 2331 crismate
551 2299 686 2340 frontes
717 2298 957 2339 baptizatorum
987 2297 1140 2337 signare,
1174 2308 1229 2326 nec
1256 2295 1385 2336 publice
1417 2296 1544 2337 quidem
1574 2296 1608 2325 in
1639 2295 1739 2324 missa

96 2362 285 2393 quemquam
303 2352 499 2393 penitentem
522 2348 748 2388 reconciliare,
780 2360 835 2379 nec
854 2348 1024 2389 formatas
1048 2347 1203 2388 epistolas
1226 2349 1358 2386 mittere,
1390 2358 1446 2377 nec
1466 2346 1625 2388 populum
1648 2345 1737 2376 bene-

97 2403 212 2442 dicere,
241 2414 298 2434 nec
327 2407 403 2434 ante
431 2403 618 2444 episcopum
651 2402 685 2431 in
715 2400 907 2441 baptisterio
932 2399 979 2430 vel
1002 2400 1152 2430 sacrario
1177 2400 1321 2437 introire,
1346 2410 1402 2429 nec
1423 2403 1570 2438 presente
1594 2398 1741 2438 episcopo

96 2453 253 2495 infantem
282 2455 432 2496 linquere
462 2459 520 2484 aut
549 2455 696 2495 signare,
731 2463 787 2482 nec
810 2452 1009 2494 penitentem
1039 2453 1110 2482 sine
1139 2451 1283 2491 episcopi
1311 2450 1366 2479 sui
1392 2450 1601 2490 preceptione
1632 2459 1739 2478 recon-

49 2512 76 2532 ⁴⁵
97 2505 222 2546 ciliare,
252 2517 308 2537 nec
331 2517 366 2537 eo
386 2509 544 2547 presente,
573 2505 642 2536 nisi
666 2503 800 2543 iubente,
830 2507 1068 2533 sacramentum
1094 2503 1243 2543 corporis
1265 2506 1293 2531 et
1315 2502 1494 2542 sanquinis
1520 2500 1642 2531 Christi
1664 2510 1737 2529 con-

89 2556 199 2598 ficere,
229 2569 286 2588 nec
309 2568 344 2588 eo
366 2568 477 2587 coram
498 2556 604 2598 posito
623 2555 781 2598 populum
807 2555 919 2585 <locere
944 2554 989 2584 vel
1013 2554 1170 2592 salutare,
1200 2564 1258 2583 nec
1279 2552 1397 2594 plebem
1422 2552 1601 2583 eaebortari.
1649 2550 1739 2585 Quae

205 2662 232 2693 a)
253 2669 382 2694 posquam
403 2661 428 2685 9.
505 2661 534 2691 b)
554 2661 666 2685 veritate
687 2661 711 2691 9,
733 2660 916 2691 dispositionis
938 2659 1007 2683 dom.
1029 2660 1140 2682 veritate
1161 2657 1237 2682 Hier.

204 2754 232 2789 1)
257 2755 286 2781 C.
308 2755 333 2788 l,
356 2764 382 2783 υ.
400 2756 427 2787 5,
455 2753 526 2788 Opp.
550 2754 593 2780 ed.
618 2753 775 2779 Vallareius
797 2756 815 2780 t.
837 2753 898 2786 VII,
923 2753 974 2779 col.
994 2751 1169 2777 694—696.
1263 2750 1292 2783 ⁵2)
1317 2750 1399 2776 Cone.
1423 2749 1516 2775 Carth.
1538 2758 1564 2774 a.
1584 2748 1653 2772 419.
1680 2756 1701 2771 c.
1721 2746 1735 2770 6

96 2805 222 2840 (Dim),
310 2806 340 2840 3)
364 2806 418 2840 Ep.
440 2815 517 2840 spur.
542 2805 600 2837 III,
625 2814 648 2831 c.
671 2805 719 2836 21,
744 2803 896 2830 Hinschius
915 2813 945 2837 p.
964 2803 1034 2830 242.
1123 2802 1152 2833 4)
1175 2802 1230 2835 Ep.
1253 2810 1341 2835 span,
1366 2800 1518 2826 Ilius-chius
1539 2809 1567 2832 Ῑ).
1587 2798 1655 2823 513.
