2132 3067
245 1416 292 1436 Act,
302 1416 321 1438 8,
332 1416 365 1435 20.

292 1468 320 1487 ib.
333 1468 365 1486 21.

293 1875 321 1893 ln,
335 1875 366 1893 lu.

296 1979 326 1997 lb.
335 1978 369 1997 21¹.

296 2031 316 2048 ib
336 2031 357 2048 21

383 179 443 209 554
921 171 1113 200 BRUNONIS
1136 169 1307 197 EPISCOPI
1331 167 1479 195 SIGNINI

384 282 443 300 non
469 269 555 310 potui
580 272 704 297 centum
731 263 827 301 milia,
852 262 883 292 id
907 267 955 292 est
977 261 1051 302 quia
1074 259 1213 301 perfecte
1237 258 1344 288 omnia
1367 266 1497 286 narrare
1521 266 1583 286 non
1608 255 1708 296 potui,
1739 273 1778 277 —
1809 265 1913 296 neque
1937 254 2020 285 enim

382 321 420 351 ad
453 330 552 350 meam
585 317 732 347 noticiam
766 314 871 343 omnia
900 316 1115 354 pervenerunt
1151 329 1187 333 —
1218 309 1267 340 vel
1299 307 1455 350 quaedam
1485 305 1614 337 narravi
1645 306 1729 336 sicut
1758 306 1858 347 potui.
1906 306 2022 337 Precor

382 379 497 409 autem,
523 368 703 399 beatissime
727 364 892 406 pontyscx‚
922 370 955 394 ut
979 369 1070 404 grata
1094 361 1214 392 habeas
1240 360 1317 391 hacc
1340 357 1530 389 munuscula
1552 368 1633 396 mea,
1658 357 1785 399 tuisque
1808 357 1928 388 sanctis
1951 367 2024 399 pre-

382 422 471 453 cibus
497 421 641 462 optinens
666 417 749 458 apud
774 416 878 446 Iesum
897 414 1058 445 Christum
1084 412 1275 444 salvatorem
1300 416 1454 448 nostrum⁷
1479 415 1513 440 ut
1533 408 1674 440 dimittat
1689 407 1786 439 michi
1810 408 1919 440 debita
1942 418 2023 447 mea,

383 473 445 512 Qui
475 483 546 502 cum
574 471 664 500 l'atre
695 475 725 499 et
749 468 869 508 Spiritu
897 473 1007 497 sancto
1037 465 1116 495 vivit
1146 469 1177 495 et
1204 467 1318 504 regnat
1341 461 1432 493 Deus
1463 461 1494 491 in
1527 459 1635 491 secula
1664 459 1856 491 seculorum.
1907 459 2023 490 Amen.

488 532 535 562 1⁴).
581 530 689 561 Restat
719 535 835 566 autem,
871 532 905 557 ut
936 536 1019 556 nunc
1049 524 1088 555 ad
1118 535 1188 555 eam
1219 523 1440 564 quaestionem
1472 520 1737 563 respondeamus,
1767 520 1808 551 ad
1839 530 1935 563 quam
1967 529 2024 552 nos

382 583 527 624 superius
558 590 768 622 responsuros
797 579 864 609 fore
896 577 1110 619 promisimus.
1162 575 1315 606 Diximus
1347 574 1431 604 enim
1463 574 1525 604 iam
1556 577 1632 603 tunc
1660 582 1679 602 a
1707 571 1908 613 temporibus
1938 571 2024 604 beati

383 635 498 665 Leonis
529 633 574 663 sic
603 631 772 663 aeclesiam
802 630 899 660 fuisse
923 634 1119 669 corruptam,
1150 632 1183 657 ut
1207 626 1261 656 vix
1285 625 1400 666 aliquis
1428 625 1627 656 inveniretur
1655 624 1710 666 qui
1740 622 1789 655 vel
1818 623 2025 665 symoniacus

383 697 443 716 non
468 691 560 722 esset,
586 683 633 713 vel
658 694 675 713 a
699 681 890 723 symoniacis
914 679 1079 710 ordinatus
1104 688 1165 708 non
1191 683 1284 708 esset.
1330 676 1423 708 Unde
1447 677 1543 717 etiam
1574 686 1678 717 usque
1701 674 1795 706 hodie
1818 675 2027 706 inveniuntur

383 736 522 778 quidam,
553 735 606 776 qui
632 733 712 764 male
735 738 996 773 argumentantes
1027 736 1057 761 et
1083 729 1240 761 aeclesiae
1263 728 1534 770 dispensationem
1559 737 1622 758 non
1645 726 1727 758 bene
1749 725 1964 767 intelligentes
1985 725 2027 758 ab

383 788 434 819 illo
459 788 520 817 iam
546 791 688 826 tempore
711 783 923 815 sacerdotium
949 783 979 813 in
1003 781 1143 812 aeclesia
1167 780 1321 811 defecisse
1345 780 1553 811 contendunt.
1598 779 1698 810 Aiunt
1720 778 1823 810 enim:
1847 777 1893 810 ‘Si
1917 788 2027 810 omnes

384 839 460 870 tales
484 843 582 877 erant,
613 836 643 867 id
669 842 726 876 est,
757 836 782 865 si
807 845 917 865 omnes
947 833 995 864 vel
1028 832 1207 874 symoniaci
1238 831 1288 862 vel
1311 842 1330 862 a
1353 831 1548 873 symoniacis
1579 829 1716 861 ordinati
1740 834 1841 869 erant,
1873 839 1942 871 vos,
1971 829 2027 872 qui

385 901 468 920 nunc
491 889 578 927 estis,
603 895 658 919 aut
680 887 763 918 unde
779 885 934 918 venisfisfi>
968 885 1027 916 Per
1051 894 1131 926 quos
1154 883 1216 914 nisi
1242 894 1298 925 per
1320 882 1391 914 illos
1415 881 1601 914 transistis?
1634 881 1706 912 Non
1729 880 1790 913 fuit
1811 881 1865 912 via
1883 880 2027 912 aliunde:

386 942 471 982 Ergo
501 940 544 971 illi
569 940 622 981 qui
648 950 704 970 vos
727 938 967 977 ordinaverunt,
997 935 1037 966 ab
1061 934 1122 966 illis
1151 941 1182 966 et
1206 945 1269 966 non
1298 933 1339 965 ab
1364 933 1434 966 aliis
1465 944 1540 964 suos
1568 933 1697 964 ordines
1721 937 1942 975 susceperunt,
1973 932 2028 976 qui

385 992 433 1023 vel
457 991 632 1033 symoniaci
657 996 755 1029 erant,
779 990 829 1020 vel
852 1000 871 1020 a
894 987 1089 1030 symoniacis
1113 987 1251 1018 ordinati
1275 992 1374 1018 erant.
1422 985 1511 1017 Haec
1535 991 1585 1016 est
1608 985 1707 1027 igitur
1722 984 1880 1027 quaestio,
1903 985 1954 1016 cui
1970 995 2028 1016 nos

385 1043 577 1085 respondere
594 1042 756 1073 debemus.
795 1040 859 1071 Sed
869 1045 883 1056 “
899 1041 997 1081 prius,
1023 1038 1099 1080 quid
1117 1039 1202 1069 sint³
1225 1039 1406 1079 symoniaci
1430 1043 1462 1068 et
1485 1037 1570 1068 unde
1586 1036 1744 1075 dicantur,
1768 1036 1876 1068 dicere
1892 1041 2028 1078 oportet.

386 1094 512 1125 Deinde
535 1105 621 1132 vern,
645 1094 720 1135 quia
743 1091 875 1124 multum
900 1091 997 1122 distat
1020 1091 1102 1121 inter
1123 1090 1327 1131 symoniacos
1351 1096 1382 1121 et
1406 1101 1462 1120 eos
1485 1089 1539 1131 qui
1565 1088 1756 1120 ordinantur
1780 1098 1800 1119 a
1822 1088 2029 1130 symoniacis,

385 1147 411 1177 si
435 1152 539 1177 tamen
557 1156 618 1175 non
643 1156 695 1176 eos
713 1145 915 1186 symoniacos
932 1154 1001 1174 esse
1018 1148 1229 1183 cognoscunt.
1274 1141 1337 1181 Qui
1362 1141 1469 1172 enimb
1493 1141 1682 1183 episcopum
1705 1139 1846 1182 aliquem
1869 1140 2030 1182 symonia-

385 1208 454 1228 cum
486 1208 556 1227 esse
587 1207 648 1226 non
673 1195 807 1226 dubitat.
838 1196 862 1225 si
895 1195 935 1225 ab
964 1204 1000 1224 eo
1026 1193 1202 1232 ordinatur,
1234 1203 1348 1235 parum
1373 1192 1526 1234 quide1u⁰
1555 1193 1587 1222 in
1612 1191 1723 1223 ordine
1747 1191 1846 1223 distat
1868 1191 1909 1223 ab
1934 1201 1983 1233 eo,
2010 1202 2030 1222 a

385 1260 446 1290 quo
476 1247 655 1278 ordinatur:
687 1248 746 1278 scit
773 1247 857 1278 enim
889 1257 961 1277 eum
993 1245 1094 1276 furem
1125 1256 1194 1276 esse
1224 1250 1255 1276 et
1282 1244 1449 1282 latronem,
1480 1242 1668 1285 nichilqued
1691 1242 1778 1274 aliud
1809 1243 1841 1274 in
1865 1254 1924 1274 sua
1947 1242 2031 1274 ordi·
2076 1268 2078 1271 ,

386 1300 512 1330 natione
536 1300 725 1340 suscepisse,
749 1299 809 1329 nisi
834 1297 1091 1328 maledictionem
1116 1303 1147 1328 et
1171 1295 1384 1328 maledicendi
1409 1300 1617 1338 potestatem:
1649 1295 1696 1326 sic
1721 1296 1805 1326 enim
1830 1295 2030 1337 symoniaci⁸

387 1362 496 1382 omnes
520 1350 718 1388 ordinantur,
742 1351 824 1381 sicut
846 1350 914 1391 ipse
939 1350 1060 1390 Symon
1085 1347 1251 1379 ordinatus
1275 1353 1332 1379 est.
1379 1347 1438 1379 Cui
1462 1347 1494 1378 in
1518 1348 1589 1388 ipsa
1613 1357 1671 1378 sua
1694 1346 1896 1378 ordinatione
1918 1345 2032 1378 beatus

387 1403 500 1433 Petrus
524 1403 583 1433 ait:
609 1403 770 1433 I'eccunia
793 1407 849 1431 tua
874 1406 973 1431 tecum
998 1402 1039 1431 sit
1061 1402 1096 1430 in
1112 1401 1309 1441 perditione,
1333 1400 1413 1441 quia
1436 1400 1636 1430 existimasti
1651 1398 1772 1430 donum
1791 1398 1854 1430 Dei
1866 1399 2032 1440 peccunia

385 1454 568 1496 possideri:
601 1465 665 1484 non
690 1458 733 1484 est
755 1454 839 1483 enim
863 1453 920 1483 tibi
938 1463 1021 1494 pars
1046 1463 1146 1492 neque
1169 1463 1239 1483 sors
1265 1453 1298 1482 ἱη
1322 1462 1467 1482 sermone
1490 1451 1561 1482 isto.
1615 1449 1697 1482 Sunt
1718 1450 1818 1491 igitur
1839 1449 2030 1491 symoniaci,

389 1505 442 1547 qui
467 1505 584 1535 donum
611 1505 680 1543 Dei,
712 1504 742 1534 id
774 1511 820 1536 est
850 1505 985 1545 gratiam
1012 1504 1150 1544 Spiritus
1179 1503 1292 1543 sancti,
1321 1513 1427 1534 emere
1450 1501 1659 1534 contendunt.
1705 1501 1781 1533 Sive
1805 1502 1890 1533 enim
1914 1504 2032 1542 emant,
2072 1510 2082 1530 ’i

388 1557 454 1587 sive
485 1567 545 1586 non
577 1561 693 1594 emant,
725 1556 750 1585 si
781 1560 903 1586 tantum
933 1555 1121 1597 peccuniam
1151 1554 1286 1585 offerant
1323 1559 1354 1586 et
1383 1553 1506 1596 aliquid
1537 1564 1596 1596 pro
1624 1554 1684 1584 hac
1721 1553 1825 1595 gratia
1854 1552 1932 1584 dare
1959 1562 2032 1595 pro·

390 1609 524 1646 mittant,
553 1608 729 1648 symoniaci
759 1612 840 1637 suut.
891 1607 971 1637 Nam
1002 1617 1106 1649 neque
1135 1607 1203 1648 ipse
1233 1606 1354 1647 Symon
1383 1605 1505 1648 aliquid
1537 1606 1623 1637 emit.
1675 1605 1746 1636 Non
1775 1605 1860 1637 enim
1888 1604 1950 1636 fuit
1976 1603 2032 1647 qui

390 1660 550 1699 venderet,
575 1658 630 1689 scd
655 1666 769 1690 tamen.
802 1659 876 1700 quia
900 1670 1005 1690 emere
1029 1657 1139 1699 voluit,
1168 1657 1362 1689 maledictus
1393 1663 1450 1689 est.
1496 1657 1602 1696 Quam
1632 1658 1743 1699 utique
1774 1655 2032 1688 maledictionem

389 1710 537 1741 omnibus
568 1710 633 1740 suis
664 1709 828 1750 discipulis
860 1710 1083 1741 hereditariam
1115 1709 1317 1752 dereliquitf,
1364 1709 1415 1740 Ab
1446 1708 1527 1740 hocs
1556 1714 1662 1740 autem
1688 1708 1830 1750 Symone
1854 1707 2034 1750 symoniaci

389 1762 538 1793 dicuntur
575 1761 758 1803 quicunque
794 1762 890 1792 cumh
924 1762 955 1792 in
993 1761 1051 1792 hoc
1084 1762 1168 1792 facto
1202 1762 1377 1792 imitantur.
1434 1761 1496 1791 Hie
1530 1761 1617 1792 enim
1648 1759 1771 1802 Symon
1801 1760 1985 1802 baptizatus
2013 1769 2034 1791 a

390 1812 547 1854 Philippo,
571 1812 743 1844 adherebat
767 1813 805 1844 ci.
851 1813 913 1852 Qui
938 1824 1010 1844 cum
1034 1813 1168 1845 vidisset
1190 1813 1230 1844 ab
1255 1811 1410 1855 apostolis
1433 1811 1550 1844 multas
1573 1813 1710 1843 virtutes
1733 1817 1765 1844 et
1787 1810 1942 1843 miracuta
1962 1810 2032 1842 fieri

390 1876 445 1906 per
476 1875 587 1895 manus
620 1865 867 1906 impositionem,
899 1864 1015 1896 obtulit
1049 1866 1093 1896 eis
1125 1866 1310 1907 peccuniam
1344 1864 1473 1896 dicens:
1510 1863 1596 1895 Date
1627 1875 1682 1895 vos
1712 1863 1800 1894 hanc
1825 1861 2030 1906 potestatem¹

390 1916 496 1955 michi,
528 1921 561 1946 ut
591 1918 772 1957 cuicunque
800 1928 930 1948 manum
966 1918 1149 1958 imposuero
1181 1918 1326 1958 accipiat
1358 1917 1520 1959 Spiritum
1551 1920 1710 1946 sanctum.
1767 1913 1838 1954 Cui,
1869 1918 1905 1945 ut
1933 1912 2031 1946 modo

390 1969 536 2008 superius
571 1967 723 2006 diximus,
759 1968 871 1998 beatus
899 1968 1011 1999 Petrus
1042 1969 1100 1999 ait:
1142 1968 1307 2000 Peccum'a
1339 1974 1398 2000 tua
1429 1973 1529 1999 tecum
1567 1969 1610 1998 sit
1637 1968 1674 1998 ἰἠ
1699 1966 1897 2008 perditione,
1927 1964 2032 2009 quia*

390 2020 585 2050 ewistimasti
607 2019 724 2050 donum
751 2019 813 2050 Dei
832 2022 995 2060 peccunia.
1016 2020 1202 2061 possideri:
1234 2031 1295 2051 non
1328 2025 1373 2051 est
1402 2021 1487 2051 enim
1512 2019 1572 2051 tibi
1602 2029 1704 2060 neque
1723 2028 1809 2059 pars
1837 2028 1938 2060 neque
1960 2027 2032 2048 sors
2116 2052 2117 2058 ἵ

393 2071 425 2101 iu
449 2082 591 2101 sermone
617 2072 684 2101 isto.
731 2070 837 2101 Haec¹
871 2077 918 2102 est
948 2071 1045 2112 igitur
1074 2071 1231 2103 ordinatio
1257 2071 1419 2113 Symonis.
1466 2070 1521 2102 Sic
1551 2069 1740 2102 ordinantur
1767 2068 1946 2111 symoniaci
1975 2067 2031 2110 qui

393 2122 575 2163 peccuniam
601 2122 746 2154 offerunt.
791 2122 923 2161 Quare?
972 2123 1055 2161 Quia
1085 2124 1273 2155 existimant
1300 2123 1450 2154 donumm
1473 2122 1538 2154 Dei
1568 2121 1725 2164 peccunia
1753 2119 1922 2163 possideri.
1966 2117 2032 2151 Sed

393 2183 487 2214 qnam
524 2172 778 2204 benedictionem
813 2173 1012 2215 suscipiunt?
1056 2174 1155 2206 Dicat
1189 2174 1300 2206 beatus
1335 2175 1460 2213 Petrus,
1495 2174 1587 2205 cuius
1618 2184 1683 2204 vox
1717 2172 1941 2204 efficacissima
1973 2175 2032 2211 est,

394 2225 481 2254 cuins
514 2224 691 2255 maledictio
728 2225 877 2256 interiora
913 2231 1073 2266 penetrat:
1110 2227 1284 2267 Peccunz'a,
1319 2225 1441 2268 inquid,
1475 2231 1533 2256 tua
1568 2230 1670 2257 tecum
1701 2226 1743 2256 sit
1771 2225 1808 2256 in
1833 2222 2032 2266 perditione.

398 2275 483 2305 llaec
514 2275 694 2307 benedictio
725 2276 818 2307 datur
847 2277 901 2307 eis.
950 2277 1038 2308 Haec
1070 2279 1170 2309 oratio
1201 2284 1334 2309 eornmn
1363 2276 1510 2308 nefandis
1540 2275 1701 2318 capitibus
1729 2276 1936 2318 imprecatur.
1980 2273 2063 2307 Sic?

397 2326 636 2367 lwncdicuntur,
667 2329 711 2357 sic
743 2334 979 2369 consecrantur,
1011 2329 1056 2359 sic
1089 2329 1285 2360 ordinantur.
1337 2330 1452 2361 Statim
1485 2329 1571 2360 enim
1600 2333 1636 2360 ut
1665 2327 1855 2370 peccuniam
1887 2325 2034 2364 offerunt,

397 2378 577 2418 cuicunque
602 2379 743 2413 olibi-ant,
771 2379 861 2409 adest
890 2380 1064 2420 apostolus.
1092 2391 1200 2412 corum
1226 2386 1437 2415 consecrator,
1485 2380 1566 2411 Nam
1591 2379 1652 2411 etsi
1674 2389 1693 2410 a
1716 2377 1881 2410 catholicis
1910 2387 2035 2409 sacren-

398 2435 447 2458 tur
476 2430 644 2470 episcopis„
671 2449 705 2453 --
731 2430 814 2471 quod
843 2431 994 2472 quidcm⁰
1029 2443 1104 2473 sepe
1136 2433 1295 2473 contingit
1326 2453 1361 2457 —
1394 2432 1486 2464 adest
1516 2438 1624 2463 tamen
1653 2429 1818 2473 apostolus
1856 2430 1940 2461 inter
1969 2438 2033 2462 cos.

521 2533 529 2545 ⁹
565 2537 616 2562 1111-
635 2539 718 2569 pcrgyit
739 2540 767 2562 2.-
787 2536 896 2566 Quibus
920 2546 994 2562 nnnc
1019 2538 1251 2572 respondendum
1277 2543 1329 2570 cst,
1354 2543 1457 2574 postea
1481 2547 1549 2565 vero
1575 2546 1609 2565 ea
1632 2545 1707 2573 quae
1731 2535 1860 2572 cepimus
1875 2541 2035 2571 prosequa·
2060 2534 2061 2538 ’

569 2594 635 2612 mur.
682 2585 736 2611 Sosi
763 2586 838 2620 prius
863 2595 907 2615 etc,

511 2692 537 2707 “¹
559 2694 622 2715 sym,
646 2686 694 2709 *5¹¹³
717 2688 738 2709 '3-
816 2688 841 2710 br
865 2688 933 2711 ''fc-‘¹
955 2689 978 2712 ‘2-
1055 2695 1080 2715 c)
1102 2690 1163 2722 qnid
1187 2692 1210 2714 1.
1287 2691 1313 2717 d‘)
1338 2691 1417 2716 nichil
1439 2691 1463 2716 2.
1547 2692 1570 2721 e)
1593 2697 1687 2714 omnes
1706 2697 1772 2722 sym.
1794 2689 1818 2714 l.
1899 2687 1920 2720 s)
1942 2685 2036 2712 dereli-

402 2730 462 2761 quid
487 2732 509 2754 2.
585 2739 611 2759 g>
635 2740 664 2754 cn
688 2733 709 2754 2².
787 2732 811 2755 lli
835 2742 882 2756 om.
907 2735 927 2756 1.
1001 2735 1018 2761 i)
1039 2735 1064 2759 in
1087 2739 1181 2766 potest.
1204 2737 1227 2760 ‘-¹.
1299 2737 1327 2761 kt
1348 2739 1410 2769 quia
1430 2751 1464 2754 —
1485 2737 1536 2762 isto
1557 2745 1606 2761 om.
1621 2736 1646 2764 2,
1668 2735 1714 2760 ubi
1733 2740 1760 2761 et
1780 2738 1877 2760 cetera.
1947 2733 1967 2766 l>
1986 2731 2036 2758 hec

403 2776 417 2798 ‘2
440 2784 523 2806 «mlv,
600 2785 633 2800 mr
657 2777 680 2801 d·
704 2778 773 2801 ‹lonu
797 2780 819 2801 ·.‘.
896 2787 921 2801 ni
946 2787 1033 2803 curtim
1053 2785 1111 2811 poc!
1132 2789 1189 2813 cup.
1212 2782 1235 2806 2.
1314 2784 1342 2809 o)
1363 2792 1411 2807 om.
1434 2784 1459 2807 ¹2.
