2132 3067
185 1234 320 1257 Rom.1‚32.

186 1751 228 1770 los.
241 1751 259 1774 Β,

180 1906 188 1923 1
208 1904 258 1924 Cor.
271 1905 281 1922 Τ

271 1749 319 1769 kb.

341 161 382 192 22
741 163 893 189 LIBELLI
918 161 1114 188 BERNALDI
1138 161 1374 188 PRESBYTERI
1398 161 1585 189 MONACHI.

340 252 527 284 temnendos
561 262 698 282 canones
729 250 809 282 adeo
844 250 1042 289 confortant,
1074 255 1108 280 ut
1138 256 1278 281 rectores
1312 248 1521 281 ecclesiarum
1557 251 1739 281 necessario
1770 250 1988 293 Gregorianas

339 304 513 336 sententias
543 302 583 332 ad
615 301 774 332 seculares
806 302 979 342 proferant.
1087 301 1160 342 Ipse
1191 302 1275 332 enim
1309 300 1422 331 doctor
1452 301 1669 342 apostolicus=
1701 302 1850 333 Iennasio
1885 303 1983 344 patri-

341 357 390 386 cio
422 357 464 386 ita
493 354 620 384 scribit:
651 354 738 385 Scito
761 358 883 391 autem,
906 351 963 392 fili
985 352 1282 392 eaecellentisssime,
1306 353 1335 383 εἰ
1358 353 1514 383 victorias
1533 354 1709 395 quaeritis,
1738 354 1768 384 si
1799 355 1985 385 commissae

340 407 427 437 vobis
460 406 651 446 provinciae
684 405 887 435 securitatem
921 405 1090 442 tractatis,
1123 403 1208 434 nihil
1243 404 1336 435 aliud
1376 403 1462 434 vobis
1502 405 1609 445 vnn-qis
1646 404 1691 434 ad
1728 404 1784 435 hoc
1815 404 1986 446 proficere,

342 469 435 499 quam
473 458 571 487 zelari
601 455 804 486 sacerdotum
835 457 946 493 vitam,
982 459 1009 485 et
1044 456 1198 486 intestina
1229 455 1472 494 aecclesiarwn,
1496 456 1531 486 in
1560 460 1718 496 quantum
1745 455 1899 497 possibile
1930 461 1986 495 eat,

341 508 423 540 bella
455 518 659 549 compescere.
714 506 802 536 Idem
834 507 929 536 etiam
962 516 1054 546 reges
1078 506 1274 537 Francorum
1304 506 1336 536 in
1359 505 1553 537 adiutorium
1579 506 1642 537 sibi
1665 506 1705 537 ad
1736 507 1986 546 correctioueqm⁸

341 559 543 591 sacerdotum
570 559 627 588 hac
652 557 785 588 terribili
810 557 969 588 sententia
992 557 1137 588 incitavit
1161 558 1227 588 itab
1244 562 1460 588 contestans2:
1485 559 1564 599 quia
1575 563 1598 597 ⁶,
1621 558 1735 600 inquit,
1754 557 1988 599 proculdubio

331 612 494 652 facientis
518 609 647 650 culpam
673 609 775 649 habel,
799 610 856 650 qui
879 608 965 650 quod
985 613 1089 649 potest
1113 611 1285 650 corrigere,
1310 609 1447 651 vzeylo'gyit
1463 609 1642 640 emendare.
1679 608 1745 640 Nec
1768 614 1875 640 tamen
1901 608 1987 640 idem
2005 623 2016 630 -

341 661 534 703 apostolicus
558 671 616 702 per
639 660 698 690 hoc
723 659 846 701 aliquid
869 660 1029 690 commisit
1052 660 1082 690 in
1108 666 1289 691 sanctorum
1316 667 1442 701 patrum
1468 666 1587 691 statuta
1610 660 1792 691 sacerdotes
1822 670 1841 690 a
1864 659 1988 691 secula-

340 713 428 744 ribus
452 711 665 743 defendentia.
705 711 802 742 Novit
825 712 908 742 enim
934 711 1114 742 certissime
1139 710 1216 742 haec
1238 710 1350 743 eadem
1376 710 1498 742 nullum
1522 711 1722 743 sacerdotem
1746 723 1764 742 a
1787 710 1988 743 secularibus

340 756 532 801 defendisse,
557 764 610 804 qui
636 763 737 793 sacris
761 761 939 793 canonibus
963 763 1124 793 obstinato
1148 763 1256 793 animo
1280 763 1453 801 resisteret,
1477 763 1576 794 immo
1604 765 1658 805 qui
1688 763 1729 794 ab
1753 762 1875 794 eisdem
1900 762 1987 794 dam-

340 823 433 847 natus
458 816 519 845 iam
544 814 665 845 dudum
690 825 708 844 a
732 813 914 845 sacerdotio
937 813 1024 856 apud
1050 814 1153 845 Deum
1179 814 1359 845 decidisset.
1395 814 1536 845 Videsne
1560 814 1667 856 igitur,
1692 825 1788 856 quam
1812 814 1986 846 iustissime

329 867 484 911 vpredicto
514 866 709 897 anathemati
738 865 926 896 subiaceant
957 865 1210 904 Sozomenistae,
1239 867 1293 908 qui
1325 865 1487 908 quoslibet
1517 866 1701 897 sacerdotes
1731 865 1812 897 adeo
1847 875 1987 897 canones

2009 726 2035 745 10

341 924 555 958 contemnere,
579 917 658 948 adeo
683 927 772 948 suam
798 916 1036 948 damnationem
1062 928 1213 958 spernere
1237 917 1363 958 docent,
1389 925 1423 948 ut
1446 916 1559 959 prelati
1587 928 1696 948 eorum
1721 918 1902 949 necessario
1926 916 1987 948 sibi
2022 917 2027 921 '

342 972 373 1001 in
409 970 604 1000 adiutorium
640 967 800 1000 seculares
835 979 892 1010 pro
928 969 1006 1010 ipsis
1040 978 1059 998 a
1093 968 1299 1000 damnatione
1332 968 1522 1000 revocandis
1554 968 1748 1010 implorent?
1870 968 1986 1000 Parum

342 1027 459 1062 autem,
491 1022 588 1051 immo
620 1018 697 1050 nihil
721 1025 793 1050 tuae
822 1020 992 1051 intentioni
1024 1019 1166 1062 prodest,
1195 1020 1279 1062 quod
1311 1026 1356 1051 tot
1387 1021 1647 1061 compassionum
1679 1019 1827 1062 exempla
1859 1030 1988 1051 enume-

345 1085 411 1113 ras,
440 1073 516 1103 dum
547 1071 606 1102 hoc
635 1070 767 1102 cuilibet
797 1071 922 1102 erudito
954 1071 993 1102 sit
1025 1071 1246 1110 manifestum,
1277 1071 1364 1113 quod
1397 1070 1576 1103 nullatenus
1608 1081 1666 1113 pro
1697 1071 1832 1103 alicuius
1856 1070 1988 1102 infirmi-

340 1131 404 1155 tate
428 1135 462 1155 se
485 1123 625 1165 aliquisd
655 1133 674 1152 a
698 1119 826 1153 Christo
857 1121 975 1154 debeat
1005 1134 1173 1165 separare,
1201 1123 1288 1165 quod
1316 1134 1426 1154 omnes
1456 1123 1577 1154 faciunt
1607 1124 1792 1166 quicunque
1820 1122 1892 1154 aliis
1921 1128 1986 1154 tam

341 1175 502 1206 obstinato
536 1175 642 1205 animo
677 1180 787 1204 contra
813 1175 1048 1205 sacratissimos
1078 1185 1217 1205 canones
1246 1173 1470 1206 adminiculari
1501 1180 1666 1211 conantur,
1699 1181 1734 1205 ut
1761 1181 1793 1206 et
1822 1174 1885 1216 ipsi
1918 1174 1988 1205 iure

340 1238 411 1258 cum
437 1226 496 1256 illis
529 1225 589 1256 sub
620 1236 682 1256 uno
706 1225 909 1256 anathemate
941 1225 1069 1257 multari
1099 1231 1291 1258 mereantur.
1337 1225 1417 1257 Nam
1446 1227 1536 1256 iuxta
1559 1225 1760 1267 apostolum:
1789 1226 1887 1268 diqni
1912 1229 1989 1256 sunt

339 1283 437 1309 morte
461 1289 525 1308 non
550 1276 653 1308 solum
676 1277 734 1318 qui
756 1276 835 1307 talia
849 1277 1001 1317 faciunt,
1024 1277 1080 1308 sed
1103 1282 1130 1308 et
1154 1270 1433 1319 quisaeientibus
1463 1279 1681 1308 consentiunt.
1726 1276 1761 1308 Si
1785 1287 1869 1308 ver0'
1890 1275 1990 1318 digna

338 1329 433 1361 rebus
457 1329 585 1359 nomina
609 1329 776 1369 imponere
799 1328 960 1368 volumus,
985 1339 1047 1359 non
1073 1328 1132 1359 hoc
1156 1329 1339 1359 misericors
1363 1329 1556 1370 compassio,
1587 1327 1642 1360 sed
1667 1329 1774 1370 potius
1797 1327 1989 1359 miserabilis

339 1381 562 1411 condemnatio
587 1379 836 1420 nuncupabitur,
861 1391 933 1410 cum
958 1379 1073 1422 aliquis
1098 1391 1161 1411 non
1186 1379 1280 1410 modo
1305 1391 1409 1420 suum,
1433 1381 1488 1411 sed
1513 1385 1545 1411 et
1567 1379 1697 1411 alterius
1720 1384 1889 1422 peccatum
1906 1378 1988 1410 adeo

340 1432 510 1464 defendere
534 1442 596 1462 non
619 1431 764 1470 dubitat,
780 1436 813 1462 ut
830 1442 849 1462 a
864 1431 951 1462 fonte
975 1433 1117 1462 omnium
1144 1427 1300 1462 b'onorum
1325 1442 1358 1462 se
1382 1431 1487 1473 ipsum
1512 1431 1651 1463 alienare
1674 1429 1737 1462 rfon
1761 1432 1882 1462 timeat.
1915 1429 1987 1461 Non

340 1490 387 1515 est
416 1483 545 1514 autemb
576 1483 670 1513 modo
702 1483 932 1521 necessarium,
962 1488 996 1514 ut
1025 1482 1175 1524 exempla
1206 1483 1479 1524 compassionum,
1511 1494 1594 1525 quae
1626 1482 1745 1514 frustra
1778 1481 1987 1524 multiplicas,

339 1536 435 1567 etiam
460 1534 643 1576 singillatim
668 1534 851 1573 discutiam,
874 1545 946 1565 cum
972 1534 1083 1565 eadem
1109 1533 1301 1576 generaliter
1324 1533 1402 1565 nihil
1427 1541 1500 1566 tuae
1523 1534 1607 1576 parti
1630 1533 1785 1576 prodesse
1812 1534 1875 1565 iam
1900 1544 1988 1565 mon-

340 1592 501 1625 strassem,
526 1596 608 1628 quae
632 1591 683 1617 et⁰
708 1586 738 1616 in
763 1586 926 1628 epistolari
952 1586 1106 1617 brevitate
1131 1585 1318 1627 singulatim
1350 1592 1546 1627 pertractare
1577 1586 1672 1616 nimis
1700 1586 1832 1627 longum
1863 1585 1987 1626 estimo.

340 1638 422 1670 Volo
447 1645 552 1669 tamen
577 1637 635 1667 hoc
660 1642 732 1668 tuae
754 1637 948 1668 fraternitati
972 1637 1108 1669 fideliter
1131 1638 1288 1677 intimare,
1313 1637 1411 1679 quiac
1436 1636 1514 1668 illud
1537 1636 1733 1680 exemplum,
1757 1636 1844 1679 quod
1868 1637 1989 1668 iustum

341 1690 422 1721 Loth
447 1689 528 1720 filias
552 1700 624 1719 suas
648 1699 706 1730 pro
732 1688 911 1730 hospitibus
935 1689 1127 1730 stuprandas
1151 1688 1338 1720 exhibuisse
1362 1694 1507 1728 testatur,
1531 1700 1550 1720 a
1574 1689 1668 1721 beato
1691 1689 1875 1730 Augustino
1905 1689 1990 1719 inter

341 1742 471 1772 vitanda
502 1741 619 1782 potius,
651 1751 747 1782 quam
778 1740 933 1771 imitanda
964 1751 1074 1771 sacrae
1106 1733 1284 1782 scripturae
1315 1739 1478 1781 exempla,
1509 1741 1592 1772 sicut
1614 1745 1645 1771 et
1668 1739 1873 1771 mendacium
1897 1739 1988 1771 Raab

341 1799 545 1835 computatur
555 1792 573 1825 s.
613 1791 701 1822 Idem
727 1790 1052 1833 enim‘Augustinuss
1069 1791 1323 1822 evidentissimis
1347 1791 1526 1823 rationibus
1548 1792 1674 1833 probat,
1697 1791 1782 1834 quod
1807 1791 1989 1822 nullatenus

341 1846 478 1886 aliquem
504 1854 561 1885 pro
585 1843 689 1874 aliena
712 1843 898 1874 infirmitate
922 1848 1090 1884 peccatum
1115 1843 1316 1874 committere
1339 1843 1442 1881 liceat,
1467 1854 1524 1884 pro
1549 1854 1612 1885 quo
1635 1842 1808 1875 devitando
1832 1853 1891 1874 nec
1913 1852 1986 1884 pro-

285 1906 319 1928 ‚2.
340 1897 428 1938 priae
444 1895 618 1926 infirmitati
636 1905 770 1936 parcere
787 1894 911 1926 debeat.
993 1894 1073 1926 Illud
1091 1901 1198 1926 autem
1216 1894 1369 1936 apostoli:
1399 1895 1630 1937 Unusquisque
1646 1895 1783 1926 habeat&
1799 1906 1894 1926 suam
1910 1905 1989 1925 uxo-

340 1960 416 1987 rem,
439 1959 511 1978 cum
537 1958 594 1978 nec
619 1946 794 1977 infirmitati
819 1946 1059 1985 monachorum,
1083 1957 1142 1977 nec
1165 1945 1330 1987 fragilitati
1354 1945 1570 1988 quarumlibet
1586 1946 1761 1977 velatarum
1785 1944 1988 1988 aliquatenus

340 1998 585 2036 condescendat,
609 1997 708 2028 multo
732 1998 836 2028 minus
861 1990 1092 2029 condescendit
1115 1997 1353 2037 sacerdotibus3
1377 1997 1526 2029 videlicet
1542 1997 1596 2039 qui
1620 2007 1683 2028 non
1700 1996 1840 2038 simplici
1862 2002 1986 2028 tantum

341 2050 566 2081 benedictione
589 2049 630 2080 ad
654 2050 882 2081 continentiam
907 2056 981 2080 sunt
1006 2049 1113 2088 dicati,
1137 2049 1194 2080 sed
1219 2060 1276 2091 per
1299 2049 1515 2081 venerandam
1545 2059 1658 2079 manus
1687 2049 1926 2090 impositionem
1957 2054 1988 2080 et

342 2113 398 2143 per
421 2101 627 2131 sacratissimi
652 2101 810 2131 crismatis
834 2102 1016 2132 unctionem
1043 2100 1173 2143 reliquis
1197 2100 1446 2141 continentibus,
1477 2101 1575 2131 immo
1597 2099 1790 2142 virginibus,
1822 2105 1897 2131 sunt
1919 2111 1988 2142 pre-

342 2153 406 2190 lati,
430 2153 504 2194 quih
527 2158 557 2182 et
581 2151 621 2182 ad
646 2151 891 2193 persolvendum
917 2152 1068 2192 officium,
1093 2152 1187 2183 nullis
1211 2153 1270 2183 nisi
1296 2151 1535 2183 continentibus
1558 2150 1712 2190 licitum⁵⁷
1736 2151 1853 2183 cotidie
1869 2150 1987 2183 debent

341 2216 410 2235 esse
434 2204 547 2245 parati.
593 2203 740 2245 Denique
764 2203 848 2234 idem
873 2203 1038 2245 apostolus
1063 2203 1239 2234 informans
1262 2203 1370 2234 Titum
1401 2203 1440 2234 de
1471 2203 1674 2234 ordinatione
1703 2203 1833 2244 sive‚de
1857 2213 1986 2234 conver-

343 2256 464 2286 satione
497 2254 710 2294 sacerdotum,
743 2255 962 2286 indubitanter
989 2255 1138 2287 affirmat.
1167 2254 1253 2296 quod
1277 2253 1474 2286 sacerdotem
1499 2260 1644 2296 oporteat
1667 2265 1737 2286 esse
1760 2255 1986 2286 continentem.

449 2307 539 2336 Scias
562 2307 656 2336 etiam
682 2317 738 2346 pro
763 2314 850 2337 certo
875 2307 1003 2338 beatum
1029 2307 1245 2347 Augustinum
1271 2305 1389 2336 nullam
1414 2306 1607 2336 mentionem
1636 2306 1680 2336 tui
1705 2306 1840 2347 capitis¹¹
1863 2305 1986 2344 fecisse,

341 2369 413 2388 cum
438 2364 598 2394 tractaret,
623 2357 708 2399 quod
726 2357 944 2399 multipliciter
960 2358 1070 2389 divina
1093 2359 1253 2398 scriptura
1277 2356 1416 2398 intellegi
1435 2363 1551 2398 posset.
1587 2357 1669 2396 Quis
1685 2358 1769 2388 enim
1786 2357 1854 2388 sani
1871 2357 1987 2398 capitis

343 2411 447 2451 ipsum
473 2410 553 2439 inter
576 2408 684 2439 divina
708 2415 919 2450 computaret,
944 2409 1029 2451 quod
1054 2409 1094 2440 ab
1118 2409 1195 2450 ipsis
1219 2408 1338 2439 divinis
1370 2409 1590 2440 sanctionibus
1618 2408 1680 2439 iam
1710 2408 1751 2440 ab
1780 2408 1915 2450 antiquo
1942 2408 1987 2439 in-

454 2526 479 2545 u>
503 2527 568 2542 corr.
590 2511 621 2541 c}
641 2519 832 2549 corruptionem
856 2519 878 2542 3.
938 2519 963 2549 b)
987 2519 1057 2543 deest
1077 2518 1108 2544 G.
1175 2518 1202 2548 c)
1223 2519 1293 2551 quod
1315 2518 1345 2543 G.
1413 2518 1440 2542 d·
1464 2518 1498 2542 al.
1519 2518 1578 2544 deb.
1599 2526 1615 2542 a
1634 2518 1696 2544 Chr.
1717 2518 1749 2543 G.
1807 2517 1834 2549 e)
1854 2518 1935 2543 etiam
1954 2517 1986 2543 G.

344 2565 363 2589 ἡ
387 2568 523 2596 reputatur
544 2564 574 2587 G.
642 2571 670 2594 gi
691 2572 712 2587 s.
732 2563 790 2588 hab.
812 2573 854 2589 nx.
877 2564 908 2588 G.
978 2564 1006 2588 ht
1027 2565 1071 2596 qui
1092 2569 1117 2588 et
1130 2577 1160 2581 —
1173 2566 1257 2596 parati
1278 2563 1423 2588 minoribus
1443 2564 1525 2589 literis
1547 2564 1573 2588 in
1593 2565 1711 2597 margine
1730 2563 1868 2596 superiore
1886 2563 1943 2589 cod.
1960 2563 1986 2589 8.

346 2610 439 2634 addita
459 2614 528 2633 ωιτη.
605 2609 625 2634 ἰ)
647 2610 717 2633 licite
738 2610 768 2634 G.
845 2611 872 2636 k)
896 2610 1005 2641 capituli
1026 2610 1056 2635 G.

454 2708 463 2731 l
506 2707 566 2731 Lib.
591 2707 641 2734 [Γ.
667 2716 707 2741 cp.
727 2707 752 2733 7.
777 2709 814 2733 ari
839 2708 1024 2739 Gennadium,
1049 2709 1090 2734 ed.
1112 2709 1211 2734 lin-ald
1234 2709 1256 2740 J,
1285 2718 1314 2742 p.
1341 2708 1416 2742 238‚·
1444 2709 1523 2741 Jaffcf
1546 2718 1587 2734 ur.
1613 2707 1704 2734 1278.
1791 2707 1822 2742 2)
1844 2707 1907 2735 Lib.
1930 2707 1986 2740 IX,

344 2767 386 2792 ep.
415 2759 482 2786 11⁰.
509 2762 579 2792 ‘'pp.
605 2758 644 2784 ll.
673 2759 723 2784 col.
752 2759 845 2791 1⁰1⁸?
875 2759 951 2791 Just}
983 2768 1024 2787 nr,
1056 2759 1141 2784 1144.
1230 2759 1259 2787 3]
1286 2760 1386 2787 Contra
1413 2760 1584 2786 mendacium
1615 2760 1654 2785 ad
1679 2759 1770 2792 Cone„
1799 2757 1902 2790 §§·2l.
1928 2757 1986 2791 32,-

348 2810 418 2843 Ορρ.
443 2813 461 2837 t.
484 2809 528 2841 1'1,
552 2810 602 2835 orel.
628 2810 696 2835 4:1¹3.
723 2809 792 2835 4131.

2007 981 2034 1001 1⁵

2008 1237 2036 1256 20

2008 1494 2035 1514 25

2007 1751 2035 1770 ³⁰

2007 2008 2036 2028 ³5

2006 2265 2034 2284 40

2004 2572 2032 2592 4⁵
