2132 3067
305 612 369 630 1045.

308 1128 372 1147 10⁴4.

313 2108 364 2126 11³4?

387 151 447 181 237⁵*
744 152 909 179 mixoxls
936 151 1189 184 ALIORUMQUE
1213 152 1485 180 CARDINALIUM
1509 153 1678 180 SCRIPTA.

389 243 561 273 ilem-icum
587 243 821 282 imperatorem.
847 241 1051 272 successione
1076 241 1202 282 imperii
1226 241 1416 282 exturbare,
1441 247 1472 273 et
1495 243 1526 272 in
1550 240 1706 272 aecclesia
1729 241 1882 271 scismata
1905 240 2034 271 diversa

387 294 553 325 seminare.
601 293 671 323 Hoc
695 293 779 323 enim
804 298 852 323 est
875 292 961 333 quod
985 292 1123 333 amplius
1147 293 1288 333 exigitur
1317 304 1335 324 a
1360 294 1470 324 mundi
1495 293 1652 335 principio
1679 302 1698 322 a
1720 291 1925 322 tenebrarum
1949 292 2034 334 prin-

387 345 467 385 cipe.
514 344 601 374 Misit
631 344 746 385 igitur·
781 354 931 374 coronam
964 343 1097 374 Romani
1128 345 1256 385 imperii
1286 345 1378 376 Petro
1408 346 1476 386 regi
1508 345 1682 386 Ungarico.
1737 343 1800 374 Sed
1832 343 1873 374 ad
1902 343 2033 374 Petrum

387 395 638 436 expugnandum
663 395 782 426 direxit
805 396 979 436 imperator
1002 395 1162 425 IIenricus
1186 396 1300 427 ducem
1323 397 1508 439 Lotaringie
1531 395 1757 434 Godefridum,
1779 396 1882 425 virum
1906 394 2032 425 fidelem

388 454 417 477 et
443 446 524 476 bello
547 452 730 485 strenuum,
762 451 793 477 et
817 447 898 477 inter
921 447 1010 487 regni
1035 447 1196 488 principes
1223 447 1446 478 clarissimum.
1492 448 1555 487 Qui
1587 448 1690 489 primo
1722 445 1873 477 conflictu
1904 446 2034 477 Petrum

389 497 470 528 bello
494 502 622 538 captum
650 498 858 539 imperatori³
889 499 1100 539 presentavit;
1129 504 1346 540 presentatum
1371 511 1447 531 vero
1478 501 1654 542 imperator
1683 499 1786 530 cecari
1817 498 1919 529 iussit.
1964 498 2036 537 Quo

389 549 472 579 facto
497 560 588 589 reges
612 554 641 580 et
665 560 775 580 omnes
800 550 922 580 vicinas
946 551 1106 589 nationes,
1130 561 1169 580 ne
1194 551 1224 580 in
1249 562 1320 581 eum
1345 550 1467 593 aliquid
1493 556 1728 593 presumerent,
1756 549 1925 589 deterruit;
1948 554 1980 580 et
2002 554 2037 579 ut

389 601 485 641 digna
509 600 600 631 factis
624 601 702 631 tanti
726 601 886 631 scismatis
910 602 1031 632 auctori
1050 600 1281 642 Theophilacto
1298 602 1455 643 redderet,
1480 603 1614 634 Romam
1630 603 1739 633 venire
1755 601 1925 642 disposuit.
1963 600 2036 639 Quo

388 652 510 692 audito,
534 651 784 693 'l‘heophilactus
808 653 921 683 timore
946 654 1145 694 perterritus,
1170 653 1314 685 vendidit
1338 660 1489 696 papatum
1515 653 1665 696 complici
1691 663 1748 683 suo
1772 651 1916 694 predicto
1937 651 2036 683 arehi-

389 703 567 745 presbitero
591 703 767 734 aecclesiae
791 706 890 735 sancti
910 705 1059 735 Iohannis
1084 704 1122 735 de
1141 705 1237 735 l'orta
1260 705 1383 744 Latina,
1408 707 1562 747 magistro
1588 703 1811 743 Hildebrandi,
1833 703 1973 744 acceptis
1996 701 2037 733 ab

389 766 426 786 eo
457 755 545 786 libris
577 754 661 785 mille
690 756 883 796 quingentis.
937 756 1000 794 Qui
1032 756 1208 787 ascendens
1239 767 1362 788 sacram
1393 758 1499 788 sedem
1531 763 1637 789 tantae
1665 755 1843 798 iniquitatis
1874 753 2038 796 gradibus,

390 808 516 836 nomine
535 812 655 837 mutato
672 807 777 837 dictus
801 812 849 837 est
865 813 974 838 sextus
992 808 1179 848 Gregorius.
1225 808 1329 849 Igitur
1346 808 1589 840 Hildebrandus
1615 810 1645 840 in
1669 807 1755 839 scola
1777 812 1841 838 tam
1860 805 2038 848 profundae

391 859 609 899 perversitatis
633 870 692 888 usu
717 865 747 889 et
770 865 837 889 arte
861 859 1003 892 edoctus,
1027 866 1095 890 erat
1118 865 1279 890 tantorum
1304 861 1386 892 fidus
1407 862 1552 891 minister
1569 860 1810 893 maleficiorum,
1835 862 1868 889 et
1889 858 2038 900 pessimis

391 910 552 951 magistris
576 911 666 951 peior
689 909 876 951 discipulus.
922 910 1016 949 Quod
1042 922 1081 941 ex
1105 911 1261 942 fructibus
1285 912 1439 954 perfidiae
1464 913 1564 954 ipsius
1582 919 1693 954 postea
1710 910 1858 953 percepit
1872 908 2038 947 aecclesia,

392 973 447 1003 per
477 973 549 992 eum
580 961 638 992 sub
663 961 796 992 obtentu
821 961 970 992 catholici
1002 963 1138 993 nominis
1161 964 1253 1003 gravi
1277 964 1449 995 scismateb
1472 963 1623 1003 lacerata3
1655 963 1800 1005 percepit
1830 967 1863 992 et
1889 960 2039 997 mundus,

392 1013 482 1044 bellis
511 1013 663 1044 feralibus
695 1019 725 1044 et
750 1014 903 1043 inmensis
927 1013 1060 1044 cedibus
1090 1014 1158 1055 ipso
1183 1020 1313 1046 auctore
1337 1017 1490 1055 laniatus,
1521 1022 1552 1047 et
1575 1014 1634 1046 sub
1658 1014 1763 1045 colore
1791 1012 1892 1044 mellis
1915 1023 2038 1043 veneno

391 1065 560 1107 propinato
584 1064 750 1095 heresibus
774 1064 1011 1095 nefandissimis
1036 1076 1136 1107 prope
1160 1067 1341 1098 suffocatus.

496 1118 524 1148 8.
572 1116 701 1147 Eisdem
720 1116 833 1147 diebus
850 1117 1074 1158 superpositus
1093 1123 1142 1148 cst
1165 1119 1195 1148 in
1221 1125 1374 1161 papatum
1398 1119 1543 1161 predicto
1565 1117 1834 1160 archipresbitero
1851 1115 2038 1147 Sabinensis

392 1169 573 1210 episcopus,
603 1169 656 1210 qui
689 1173 810 1199 mutato
834 1169 963 1198 nomine
987 1169 1092 1200 dictus
1117 1176 1166 1200 est
1190 1170 1346 1202 Silvester
1369 1172 1504 1209 terciusg
1536 1176 1567 1202 et
1596 1170 1716 1201 factum
1749 1173 1807 1207 est,
1837 1172 1873 1199 ut
1894 1167 2039 1198 Romana

391 1220 548 1251 aecelcsia
577 1221 607 1250 in
633 1226 738 1261 partes
768 1220 911 1250 diversas
941 1220 1043 1251 scindi
1073 1221 1266 1254 videretur2.
1312 1222 1394 1253 Cum
1422 1228 1529 1254 autem
1562 1228 1651 1253 tanta
1678 1221 1874 1263 perversitas
1902 1219 2037 1250 Romam

322 1286 333 1297 ι·
356 1284 371 1302 i.
391 1271 588 1310 ludificaret,
620 1271 730 1302 divino
768 1276 845 1302 nutu
875 1272 967 1303 affuit
1002 1273 1176 1314 imperator
1201 1273 1385 1313 Heinricus,
1414 1280 1461 1310 et,
1493 1279 1526 1305 ut
1550 1273 1651 1305 multa
1674 1273 1814 1304 breviter
1837 1270 2038 1312 concludam,

392 1323 613 1364 religiosorum
636 1323 844 1354 cardinalium
870 1323 1018 1365 precibus
1042 1324 1248 1366 efflagitatus,
1269 1327 1349 1367 ipsis
1365 1326 1581 1366 auctoribus&
1606 1336 1663 1367 pro
1686 1325 1756 1356 loco
1780 1324 1876 1355 officii
1898 1324 1958 1363 sui,
1982 1333 2039 1365 pro

392 1374 499 1405 officio
524 1375 698 1416 imperiali,
730 1386 787 1416 pro
811 1380 969 1416 potestate
993 1375 1054 1406 sibi
1077 1386 1095 1405 a
1119 1377 1218 1407 sacris
1242 1377 1419 1408 canonibus
1444 1388 1606 1418 concessa,
1630 1377 1669 1408 ad
1693 1376 1895 1419 purgandam
1919 1374 2039 1406 aeccle-

392 1427 482 1467 siam,
505 1426 545 1458 ad
562 1426 801 1457 exturbandum
825 1432 855 1457 ct
872 1426 1091 1458 ulciscendum
1117 1429 1147 1458 iu
1159 1434 1171 1448 ⁰
1188 1428 1372 1471 sacrilegOS,
1397 1429 1548 1461 devotum
1566 1441 1600 1460 se
1617 1429 1754 1471 prebuit,
1771 1426 2036 1469 Theophilactum

392 1480 422 1509 in
446 1478 553 1519 fugam
579 1479 694 1519 coegit,
719 1484 845 1509 sextum
864 1479 1057 1519 (rh-egorium
1084 1480 1113 1509 in
1138 1480 1315 1512 custodiam
1333 1482 1494 1522 retrusitd,
1519 1492 1612 1523 quem
1638 1485 1750 1523 postea
1774 1481 1805 1510 in
1830 1477 1962 1510 exilium
1985 1477 2038 1510 ab·

393 1530 517 1569 (luxae,
542 1529 750 1561 Sabincnscm
775 1531 982 1572 episcopum,
1015 1542 1109 1572 quem
1134 1543 1196 1563 non
1221 1532 1371 1573 ambitio,
1404 1533 1460 1564 sed
1483 1534 1532 1564 vis
1562 1533 1602 1564 ad
1626 1538 1779 1574 papatum
1804 1535 1968 1572 coegerat,
1997 1529 2037 1560 ad

393 1581 500 1612 sedem
527 1582 687 1622 propriam
711 1581 814 1612 redire
839 1581 1003 1624 compulit.
1042 1583 1186 1614 Romana
1212 1595 1286 1615 vero
1310 1584 1464 1616 aecclesia
1487 1586 1554 1615 eius
1578 1585 1740 1625 respirans
1764 1581 1904 1621 auxiliis,
1927 1592 2037 1613 secun>

392 1633 466 1664 dum
485 1632 681 1663 Clementem
700 1644 815 1674 papam
841 1633 947 1675 elegit,
971 1634 1030 1664 sub
1055 1646 1117 1676 quo
1135 1635 1310 1667 aecclesiae
1333 1637 1438 1667 unitas
1462 1637 1618 1676 refloruit,
1642 1648 1661 1667 a
1681 1646 1744 1677 quo
1761 1641 1792 1667 et
1808 1634 2040 1677 subsequenter

409 1685 608 1715 Romanorum
640 1685 813 1726 imperator
835 1692 991 1727 augustus
1015 1687 1215 1718 venerandae
1246 1689 1418 1719 memoriae
1442 1688 1614 1719 Heinricus
1638 1693 1810 1719 coronatus
1832 1694 1895 1727 est,
1924 1691 1956 1717 et
1980 1697 2038 1728 pro

393 1737 489 1767 tantis
513 1737 634 1767 meritis
658 1737 750 1767 unice
775 1735 971 1777 glorificatus
995 1739 1156 1780 triumpho
1182 1739 1355 1780 singulari,
1385 1741 1470 1770 unici
1501 1740 1618 1770 amoris
1644 1738 1865 1781 privilegium,
1889 1737 2038 1780 pellendo

392 1787 556 1829 ydolatras
580 1789 798 1829 symoniacos,
832 1794 863 1819 ct
893 1789 1047 1821 unitatem
1078 1789 1251 1821 aecclesiae
1275 1791 1487 1832 defendendo,
1513 1791 1718 1833 promeruits.
1763 1789 1888 1830 Quibus
1911 1795 2038 1821 strenue

394 1841 541 1880 peractis,
566 1846 690 1870 sextum
716 1841 920 1881 ngorium,
952 1848 985 1872 ut
1009 1852 1106 1882 supra
1129 1841 1248 1873 dictum
1279 1849 1337 1882 est,
1368 1854 1440 1874 cum
1470 1843 1689 1875 Hildebrando
1713 1841 1871 1884 discipulo
1894 1843 1985 1873 eiuss
2006 1842 2038 1872 iu

394 1891 589 1923 Teutonicas
610 1900 716 1933 partes
733 1891 960 1933 deportacione
977 1893 1177 1934 dampnavit.
1215 1893 1323 1924 Nimia
1340 1900 1446 1926 tamen
1464 1896 1584 1937 pietate
1601 1895 1766 1936 deceptus,
1790 1905 1850 1925 nec
1865 1893 2039 1925 aecclesiae

396 1944 557 1974 Romanae
587 1955 645 1974 nec
669 1943 730 1973 sibi
758 1954 816 1973 nec
843 1945 952 1983 generi
984 1944 1123 1976 humano
1153 1947 1373 1988 prospiciens,
1404 1947 1503 1977 (ἰιιιιι)1
1533 1957 1632 1978 novos
1663 1946 1815 1977 idolatras
1841 1946 1937 1977 nimis
1966 1945 2040 1977 laxe

394 1994 515 2033 habuit,
539 2005 673 2036 quorum
692 1997 877 2025 memoriam
902 2003 1032 2027 aeterno
1050 2007 1179 2028 carcere
1195 2009 1213 2028 a
1230 1999 1421 2040 contagione
1445 1998 1607 2029 homiuum
1632 2008 1796 2029 removere
1811 1997 1932 2029 debuit.
1976 1997 2041 2028 De-

394 2047 502 2077 functo
534 2052 640 2077 autcm
673 2047 703 2076 in
735 2047 832 2077 exilio
861 2054 954 2078 sexto
977 2047 1030 2078 illo
1055 2049 1224 2090 Gregorio,
1256 2049 1497 2082 Hildebrandus
1529 2049 1682 2092 perfidiae
1712 2049 1807 2081 simul
1830 2056 1861 2081 et
1884 2050 2040 2091 pecuniae

369 2098 463 2128 ,eius
495 2098 586 2128 heres
616 2098 730 2129 extitit.
777 2098 899 2129 Eodem
931 2105 1073 2141 tempore
1099 2100 1247 2131 Clemens
1279 2113 1362 2143 papa
1391 2101 1558 2133 defunctus
1587 2108 1643 2134 est.
1688 2101 1773 2133 Huic
1797 2101 1954 2133 successit
1974 2101 2040 2133 Da-

396 2160 512 2189 masus,
537 2155 567 2179 ct
591 2149 673 2180 sedit
692 2151 804 2189 viginti
829 2156 951 2181 tantum
975 2157 1007 2182 et
1030 2152 1132 2183 tribus
1156 2153 1280 2191 diebus,
1304 2164 1437 2193 veneno,
1462 2159 1497 2185 ut
1513 2153 1639 2192 dieitur,
1662 2154 1834 2196 propinato
1857 2153 2039 2185 suffocatus.

395 2200 646 2242 Theophilactus
685 2202 767 2232 enim
799 2203 953 2243 magister
976 2203 1208 2241 IIildebrandi,
1233 2211 1305 2246 post
1326 2205 1436 2245 fugam
1460 2217 1609 2236 reversus
1633 2205 1767 2236 Romam
1795 2215 1866 2236 cum
1890 2205 2038 2237 familiari

2059 717 2084 735 10

2061 975 2086 994 15

2059 1232 2086 1251 20

2058 1493 2086 1512 25

2058 1751 2132 1787 ³⁰}

2059 2008 2087 2028 ³5

395 2264 452 2282 suo
484 2252 673 2288 Laurentio,
698 2252 805 2283 multis
835 2254 1000 2285 maleficiis
1029 2266 1151 2287 sacram
1183 2257 1292 2288 sedem
1324 2257 1478 2298 vexabat,
1509 2262 1540 2288 et
1568 2268 1626 2298 per
1655 2256 1777 2288 litteras
1810 2256 1958 2299 discipuli
1989 2258 2038 2288 sui
2058 2266 2086 2287 ιο

399 2303 607 2334 llildebrandi
638 2316 685 2342 ea,
718 2315 799 2345 quae
829 2306 858 2335 in
884 2305 1001 2346 palatio
1033 2307 1236 2349 imperatoris
1262 2309 1472 2349 gerebantur,
1503 2309 1670 2340 resciebat.
1722 2308 1770 2339 Eo
1802 2309 1900 2351 igitur
1929 2310 2039 2340 imma-

398 2355 477 2385 niter
494 2361 639 2392 vexantc,
663 2356 776 2385 iterum
798 2355 941 2388 Romana
965 2358 1118 2390 aecclesia
1142 2359 1280 2401 legatum
1305 2359 1346 2390 ad
1370 2360 1593 2402 imperatorem
1614 2359 1735 2402 dirigit,
1759 2365 1794 2391 ut
1816 2360 1948 2392 consilio
1971 2372 2038 2392 car-

397 2405 548 2437 dinalium
576 2417 690 2447 papam
715 2407 897 2445 eligendum
924 2409 1057 2441 Romam
1084 2412 1197 2444 mittat,
1221 2412 1380 2452 exposcit.

522 2513 542 2541 *l
568 2512 722 2537 Romanam
749 2514 918 2540 aecclesiam
945 2515 1007 2539 mlvi.
1032 2518 1053 2539 1.
1075 2517 1099 2540 ⁶2.
1122 2516 1146 2540 S.

509 2620 535 2637 η,
562 2615 622 2645 imp,
647 2628 671 2631 -
699 2624 773 2643 regi-s
795 2616 847 2639 dc„
871 2617 894 2639 23,
917 2617 942 2638 λ’.
1048 2619 1074 2644 l»
1100 2619 1223 2649 scismatg·
1246 2620 1268 2643 1.
1373 2623 1400 2644 c)
1426 2618 1461 2642 im
1492 2621 1512 2643 1.
1535 2622 1566 2645 ’3,-
1592 2621 1616 2644 vi
1643 2619 1670 2644 S.
1777 2620 1805 2652 d)
1830 2621 1938 2645 reclusit
1962 2620 1987 2647 2.
2008 2620 2035 2645 Si
2055 2622 2082 2643 ⁴⁵

399 2666 425 2682 vl
447 2660 514 2683 misit
536 2668 666 2690 supe-svin
688 2660 727 2683 v--l
750 2661 859 2684 abduxit
883 2663 909 2687 l:
932 2663 998 2686 misit
1023 2666 1045 2686 2.
1068 2665 1094 2688 ΝΔ
1172 2665 1194 2688 f·
1214 2665 1344 2696 promovit
1365 2666 1389 2689 2.
1466 2672 1494 2691 ει
1515 2674 1562 2689 suo
1584 2667 1608 2690 2).
1629 2666 1656 2691 S.
1734 2666 1760 2698 h)
1781 2667 1852 2691 dees!
1870 2665 1898 2691 S.

509 2758 535 2786 13
565 2759 606 2782 lle·
636 2759 686 2783 ime
707 2759 811 2790 ‚sabula
842 2759 879 2791 cs.
906 2760 1071 2794 Strinvlorff,
1101 2762 1246 2789 ‘Heinrich
1273 2763 1339 2791 III.y
1368 2764 1397 2795 l,
1426 2773 1453 2798 p.
1481 2764 1550 2790 477.
1679 2766 1708 2799 ’2)
1738 2765 1782 2798 Cf.
1812 2765 1977 2791 Bom'zonem
2005 2763 2035 2797 V,

400 2809 496 2835 Λέων,
523 2809 545 2837 l.
567 2818 595 2842 p,
615 2809 683 2836 3-4,
