2132 3067
80 741 108 760 1⁰

81 998 107 1017 15

80 1256 108 1275 2⁰

78 1516 105 1535 25

79 1774 108 1794 80

80 2031 108 2051 86

84 2287 112 2306 ⁴0

84 2587 114 2607 45

550 174 602 200 DE
624 173 796 201 UNITATE
818 173 1027 201 ECCLESIAE
1050 175 1344 204 CONSERVANDA.
1712 173 1774 203 245

124 264 259 296 vetitum
283 263 344 295 sibi
368 263 509 294 officium
533 273 614 293 ausu
637 262 807 293 temerario
831 268 998 304 usurpant,
1023 264 1079 295 sed
1102 265 1198 294 etiam
1223 264 1401 296 secundum
1425 275 1565 296 canones
1588 276 1773 297 concessam

125 315 193 347 sedi
216 314 414 357 apostolicae
439 319 630 356 potestatem
654 319 812 345 conantur
834 315 959 355 eripere
982 320 1013 346 et
1037 315 1167 346 sibimet
1191 327 1261 346 eam
1287 322 1398 348 contra
1422 328 1560 348 canones
1579 317 1777 348 contendunt

124 378 300 409 usurpare3
331 366 470 408 ideoque
501 365 720 407 frequentibus
750 365 984 396 conventiculis
1014 367 1135 408 pariter
1163 372 1193 398 et
1222 368 1350 409 scriptis
1375 368 1585 400 firmaverunt
1607 369 1668 400 sibi
1692 369 1776 399 hunc

125 430 304 450 sermonem
335 428 486 459 nequam,
517 423 552 448 ut
583 428 645 447 non
676 417 778 458 possit
800 416 946 448 Romana
974 417 1109 448 ecelesia
1137 417 1233 448 alium
1266 418 1384 451 habere
1414 431 1542 462 papam,
1572 422 1633 452 nisi
1662 421 1703 452 sit
1735 431 1775 451 ex

126 476 217 512 parte
248 470 296 500 sui
327 469 489 510 Gregorii,
519 469 574 510 qui
605 467 682 499 velit
711 469 860 499 resistere
892 468 1056 499 Henricho
1088 470 1165 511 regi,
1198 471 1295 501 immo
1327 471 1455 503 divinae
1484 473 1688 511 ordinationi,
1720 473 1775 514 qui

125 522 220 553 etiam
251 520 329 552 velit
358 521 466 552 sedem
496 519 707 562 apostolicam
737 519 891 551 invadere
914 526 1025 551 eontra
1049 521 1254 562 XVigbertum
1280 523 1462 564 pontificem
1488 524 1589 565 ipsius
1613 524 1776 554 Romanae

124 572 288 604 ecclesiae.
335 572 399 603 Sed
416 571 516 602 velint
531 570 633 602 nolint
649 575 756 612 partes
771 571 1041 612 adversariorum,
1066 583 1140 604 eece
1162 574 1245 604 sacri
1267 584 1405 605 canones
1423 576 1656 606 constituerunt
1679 576 1775 606 totius

125 624 281 656 ecclesiae
305 623 537 666 appellationes
561 623 678 654 deferri
703 623 743 653 ad
767 633 903 654 examen
921 623 1006 654 sedis
1022 624 1228 665 apostolieae,
1253 626 1305 656 ‘ab
1330 626 1401 667 ipsa
1417 637 1494 657 vero
1512 638 1670 668 nusquam
1688 637 1775 668 pror-
1798 631 1805 639 ‘

126 687 181 707 sus
204 674 359 717 appellari
384 675 504 706 debere
528 680 720 714 sanxerunt3
749 685 787 705 ac
812 685 870 716 per
892 675 952 705 hoc
976 674 1062 705 illam
1087 676 1126 706 de
1150 681 1216 707 tota
1240 676 1375 708 ecclesia
1398 678 1550 717 iudicare,
1574 679 1677 720 ipsam
1701 689 1777 709 vero

125 728 164 760 ad
189 726 306 758 nullius
331 726 485 757 iudicium
511 737 692 757 commeare
716 737 774 757 nec
797 726 836 757 de
862 727 930 757 cius
954 726 1074 757 iudicio
1099 727 1235 758 iudicari
1256 735 1500 771 praeceperunt,
1526 741 1630 771 neque
1654 735 1777 761 senten-

126 780 203 810 tiam
234 778 318 810 illius
350 784 497 820 oportere
528 777 658 809 dissolvi
690 778 936 817 constituerunt,
967 779 1059 809 euius
1090 780 1198 820 potius
1227 780 1390 822 sequenda
1420 781 1549 813 decreta
1573 781 1776 812 mandarunt.

127 830 224 870 Quod
247 831 273 861 si
296 831 340 861 ita
364 835 421 869 est,
446 831 544 860 immo
569 831 646 871 quia
669 831 712 861 ita
736 835 792 869 est,
817 830 999 862 debuerunt
1022 830 1134 872 procul
1158 831 1257 862 dubio
1280 832 1485 864 adversariae
1508 834 1608 874 partis
1632 834 1777 875 episcopi

126 888 181 914 aut
203 882 383 913 consentire
408 893 479 912 cum
505 881 581 912 sede
604 881 781 923 apostolica
805 892 863 924 pro
887 892 966 923 pace
991 887 1022 913 et
1045 883 1169 913 unitate
1195 883 1349 916 eeclesiae
1367 890 1421 915 aut
1437 885 1550 916 merito
1568 884 1777 916 condemnari

127 940 238 976 utpote
267 940 522 975 transgressores
554 933 666 963 iudicii
697 933 783 964 sedis
813 932 1022 974 apostolieae.
1076 934 1111 964 In
1143 934 1203 965 hoc
1232 936 1316 966 enim
1340 936 1469 978 utrique
1493 941 1725 967 consenserunt
1747 942 1779 967 et

127 986 316 1028 Wigbertus
347 991 378 1016 et
408 995 465 1015 rex
489 984 671 1015 Henrichus
700 990 797 1026 atque
824 985 922 1016 totius
947 985 1102 1016 ecclesiae
1126 997 1289 1026 assensus,
1314 993 1357 1028 ut,
1382 989 1528 1030 quisquis
1552 989 1682 1018 resistat
1705 987 1777 1029 paci

126 1037 178 1069 vel
199 1037 354 1069 ecclesiae
375 1036 425 1067 vel
449 1037 493 1067 rei
517 1035 676 1078 publicae,
699 1036 741 1067 sit
764 1037 810 1067 eis
833 1038 917 1068 sicut
940 1037 1088 1068 ethnicus
1111 1043 1138 1068 et
1160 1039 1369 1079 publicanus.
1416 1040 1524 1080 Beati,
1547 1040 1660 1081 inquit,
1681 1040 1778 1080 paci-

118 1089 192 1130 fici,
216 1090 370 1131 quoniam
387 1088 458 1128 filii
474 1088 538 1119 Dei
561 1088 773 1119 vocabuntur.
813 1088 878 1119 Sed
903 1088 1070 1119 discordes
1093 1090 1250 1131 episcopi,
1275 1090 1387 1132 quales
1405 1091 1559 1122 dicuntur
1574 1090 1629 1122 filii
1647 1090 1778 1131 diaboli,

127 1142 183 1183 qui
206 1140 286 1171 alios
308 1140 435 1180 docent,
460 1150 559 1181 quare
583 1145 686 1170 semet
708 1140 796 1181 ipsos
820 1151 883 1170 non
907 1140 1034 1181 docent,
1059 1140 1201 1172 dicentes
1218 1142 1310 1173 iuxta
1326 1143 1548 1173 auctoritatem
1571 1147 1698 1184 patrum
1724 1142 1778 1173 de-

127 1192 203 1224 bere
226 1203 285 1223 nos
309 1193 421 1223 timere
450 1191 543 1232 ligari
567 1190 617 1221 vel
642 1191 759 1222 iniuste
789 1197 819 1222 et
849 1193 1139 1223 excommunicatis
1170 1204 1233 1223 non
1262 1194 1523 1225 communicare?
1574 1194 1667 1225 Unde
1696 1195 1778 1225 sicut

127 1243 298 1275 Gelasius¹
330 1254 416 1286 papa
447 1242 572 1273 scribit:
604 1243 745 1274 Prorsus
777 1245 810 1274 in
842 1245 1016 1285 quamlibet
1047 1255 1078 1275 se
1105 1250 1233 1285 partem
1263 1247 1549 1287 causationemque
1578 1251 1777 1285 convertunt,

126 1296 322 1338 manifestea
345 1296 494 1326 veritatis
519 1295 563 1324 ita
586 1295 713 1336 laqueis
735 1294 948 1336 sifi'ocantur,
978 1301 1013 1326 ut
1042 1298 1113 1327 suis
1141 1297 1209 1337 ipsi
1231 1297 1335 1328 verbis
1355 1298 1486 1338 possint
1509 1297 1754 1338 actionibusque
1765 1298 1777 1316 ι’

126 1347 290 1388 concludi,
313 1358 370 1378 nec
394 1347 464 1377 nisi
486 1347 582 1377 solam
604 1348 784 1388 perniciem
808 1346 989 1378 obstinatae
1009 1347 1173 1388 perfidiae
1196 1349 1364 1379 residuam
1383 1349 1551 1380 ventilare.
1591 1349 1675 1379 Ecce
1692 1349 1777 1380 enim

127 1409 264 1441 quorum
293 1398 425 1439 vulgata
455 1398 669 1438 transgressio
704 1402 766 1435 est,
802 1409 858 1439 per
889 1410 986 1429 unum
1020 1399 1213 1430 scribentem
1249 1406 1434 1441 proponunt
1467 1400 1560 1430 nobis
1594 1404 1776 1430 sanctorum

126 1456 254 1492 patrum
283 1450 479 1490 testimonia,
511 1460 593 1491 quae
625 1455 698 1480 sunt
729 1450 813 1480 circa
842 1461 906 1490 eos,
938 1450 992 1492 qui
1022 1451 1158 1492 iungunt
1180 1462 1214 1481 se
1239 1452 1527 1483 excommunicatis
1551 1452 1776 1482 communione

124 1501 243 1544 aliqua.

232 1552 326 1592 Quod
351 1558 469 1592 autem,
494 1553 608 1594 inquit,
631 1553 918 1584 excommunicatis
942 1564 1006 1584 non
1030 1554 1070 1584 sit
1093 1553 1409 1594 communicandum,
1439 1555 1607 1586 audiamus
1631 1560 1777 1586 sanctum

126 1604 317 1637 Callistum2
340 1615 476 1646 papam:
498 1604 808 1635 Eaecommunicatos
832 1617 851 1635 a
875 1605 1098 1636 sacerdotibus
1122 1605 1234 1637 nullus
1256 1606 1398 1647 recipiat
1415 1612 1489 1637 ante
1508 1608 1676 1649 utriusque
1698 1619 1775 1649 par-

125 1658 168 1688 tis
190 1657 466 1688 eaeanzz'nationem
491 1657 622 1696 iustam,
646 1667 704 1687 nec
727 1657 773 1687 eis
796 1657 831 1687 in
857 1657 1006 1687 oratione
1023 1662 1080 1688 aut
1096 1657 1165 1688 cibo
1188 1656 1236 1688 vel
1256 1663 1338 1699 potu
1357 1663 1414 1688 aut
1432 1659 1540 1690 osculo
1557 1660 1777 1698 communicet,

126 1719 184 1739 nec
208 1720 266 1739 ave
289 1709 335 1739 eis
359 1708 459 1739 dicat.
504 1706 658 1738 Urbanus
682 1712 806 1749 papa-³:
832 1708 929 1739 Valde
945 1709 1091 1739 timenda
1107 1714 1153 1739 est
1176 1711 1334 1740 sententia
1359 1711 1538 1751 episcopie,
1562 1710 1634 1741 licet
1656 1711 1778 1742 iniuste

125 1760 268 1802 aliquem
289 1759 377 1801 liget,
401 1759 488 1801 quod
511 1763 618 1790 tamen
642 1770 843 1800 summopere
863 1760 1056 1801 praevidere
1073 1761 1170 1791 debet.
1210 1760 1412 1802 Gregorius⁴
1428 1761 1459 1791 in
1478 1761 1633 1792 homiliis:
1663 1762 1776 1792 Uerum.

125 1812 208 1843 iuste
232 1823 277 1842 au
300 1812 423 1842 iniuste
447 1811 562 1852 obliget
580 1815 708 1852 pastor,
737 1812 883 1852 pastoris
906 1816 1013 1842 tamen
1037 1813 1197 1843 sententia
1222 1814 1318 1854 qrcqi
1340 1813 1485 1844 timenda
1513 1818 1567 1853 est,
1598 1826 1638 1844 ne
1670 1814 1697 1844 is
1720 1814 1777 1855 qui

126 1863 242 1903 subest,
264 1867 292 1894 et
315 1875 387 1894 cum
410 1863 532 1894 iniuste
544 1862 697 1902 forsitan
721 1863 859 1903 liyatur,
882 1864 989 1904 ipsam
1008 1862 1219 1905 obligsationis
1234 1876 1314 1895 suae
1329 1866 1519 1895 sententiam
1537 1876 1576 1896 ea:
1593 1866 1663 1896 alia
1680 1865 1775 1906 culpa

125 1920 297 1949 mereatur,
349 1914 467 1945 Pastor
488 1925 564 1955 erqo
586 1914 634 1944 vel
658 1913 822 1945 absolvere
847 1915 1019 1946 indiscrete
1048 1916 1158 1946 timeat
1181 1915 1229 1946 vel
1251 1915 1367 1956 liyare.
1421 1916 1453 1946 Is
1485 1921 1602 1956 autem,
1633 1918 1690 1958 qui
1719 1917 1776 1947 sub

125 1978 228 1998 manu
245 1967 396 2009 pastoris
419 1971 475 2005 est,
503 1965 608 2007 liyari
630 1966 740 1996 timeat
765 1966 810 1996 vel
834 1967 956 1996 iniuste
979 1977 1036 1997 nec
1055 1968 1205 2008 pastoris
1228 1967 1391 1998 iudicium
1414 1972 1527 1998 temere
1549 1968 1776 2008 reprehendat,

126 2029 176 2058 ne,
198 2018 259 2049 etsi
282 2017 423 2049 iniusted
446 2017 571 2059 liyatus
594 2021 648 2055 est,
672 2027 712 2047 ecc
734 2018 811 2057 ipsa
834 2017 979 2048 tumidae
1001 2018 1266 2058 reprehensionis
1290 2019 1446 2059 superbia
1469 2019 1578 2060 culpa,
1603 2030 1686 2060 quae
1709 2030 1774 2050 non

126 2074 207 2109 erat,
222 2069 298 2109 fiat.
335 2068 424 2099 Idem
444 2067 642 2109 Gregorius⁵
667 2068 875 2109 p1·esbyteriS‚
900 2068 1054 2109 diaconis,
1078 2068 1242 2100 nobilibus
1266 2074 1297 2100 et
1316 2069 1435 2111 populo
1452 2070 1602 2101 Iaderae:
1626 2070 1777 2101 Pervenit

127 2121 172 2152 ad
195 2132 242 2152 me
270 2121 429 2162 quosdam
457 2125 631 2151 vestrorum
662 2120 859 2161 ignorantia
889 2120 936 2150 vel
965 2121 1152 2152 necessitate
1176 2121 1321 2162 deceptos
1352 2122 1413 2160 his,
1445 2123 1503 2163 qui
1530 2122 1569 2153 ab
1594 2121 1776 2162 apostolica

128 2173 211 2213 sede,
242 2172 341 2213 culpa
371 2173 455 2203 sicut
486 2172 589 2202 nostis
619 2172 777 2212 eaeiyente,
806 2172 1028 2202 communione
1048 2173 1179 2212 privati
1200 2179 1286 2213 sunt,
1315 2173 1593 2213 ‘commmzicasse,
1617 2173 1774 2214 quosdam
1800 2180 1807 2188 ’
1842 2181 1849 2190 s

129 2235 202 2255 vero
225 2229 277 2255 see
301 2223 430 2254 salubri
453 2223 658 2263 discretione,
678 2228 867 2264 proteglente
884 2223 1036 2263 Domino,
1059 2224 1290 2265 suspendisse;
1315 2229 1342 2254 et
1366 2229 1526 2265 quantum
1543 2226 1581 2256 de
1597 2226 1776 2255 constanti-

129 2275 187 2306 bus
209 2276 346 2317 qaudeo,
371 2279 497 2306 tantum
521 2275 560 2305 de
583 2274 792 2305 deviantibus
815 2275 1004 2316 ingemisco,
1034 2276 1188 2316 quoniam
1211 2287 1326 2307 sacrae
1348 2277 1587 2307 communionis
1610 2277 1778 2318 mysteria,

130 2338 213 2368 quae
237 2327 281 2357 ad
303 2326 492 2358 solutionem
518 2326 609 2357 nobis
634 2326 751 2356 divina
772 2327 894 2366 pietate
917 2337 1069 2357 concessa
1093 2332 1182 2366 sunt,
1211 2328 1246 2358 ‘in
1280 2328 1505 2358 detrimentum
1538 2329 1670 2358 animae
1699 2339 1779 2358 suae

130 2379 236 2420 mayis
265 2383 465 2419 receperunt.
518 2378 560 2408 Et
582 2378 674 2418 quia,
698 2379 782 2408 sicut
805 2378 893 2409 vobis
918 2379 1120 2419 omnipotens
1143 2379 1233 2410 Deus
1256 2380 1447 2417 innotescat,
1472 2379 1670 2410 veliementer
1692 2380 1778 2410 cari-

131 2430 192 2460 tati
213 2434 336 2461 vestrae
359 2434 385 2460 et
408 2429 596 2460 medullitus
618 2440 657 2460 est)
680 2433 740 2459 toto
765 2430 946 2469 compatior
965 2434 1107 2470 paterno
1131 2430 1259 2471 affectu,
1291 2431 1427 2462 obtestor
1455 2436 1551 2472 atque
1582 2431 1714 2470 suadeo,
1745 2436 1779 2461 ut

243 2534 268 2566 a)
291 2534 449 2560 manifestae
469 2534 525 2559 Gel.
602 2534 630 2563 b)
652 2534 808 2566 actibusque
829 2534 885 2559 Gel.
956 2534 980 2565 c)
1005 2534 1041 2559 ita
1066 2535 1142 2564 U1·l1.‚·
1163 2535 1260 2560 Christi
1283 2538 1306 2560 1.
1375 2536 1403 2564 d)
1425 2537 1492 2560 iuste
1516 2537 1539 2560 1.
1608 2535 1633 2566 e)
1656 2535 1726 2560 deest
1749 2535 1780 2565 l;

134 2580 219 2612 recepi
237 2588 270 2605 ex
289 2580 368 2613 Greq.

242 2678 270 2713 1)
292 2679 383 2713 Epist.
401 2679 450 2705 27.
475 2679 513 2705 ad
536 2679 618 2713 episc.
647 2678 694 2705 Or.
718 2682 732 2709 ξ
758 2679 783 2710 1,
803 2688 835 2713 p.
853 2678 923 2706 423.
1023 2679 1052 2713 2)
1076 2679 1168 2713 Epist.
1185 2679 1226 2712 II,
1249 2682 1263 2710 ξ
1290 2680 1336 2713 10,
1366 2679 1521 2706 Hinschius
1539 2688 1569 2713 p.
1591 2680 1660 2706 138.
1704 2678 1779 2712 [Hir-

136 2731 159 2755 et
180 2733 322 2763 sequentes
345 2730 399 2756 duo
422 2730 477 2756 loci
500 2740 525 2758 υ.
548 2730 578 2756 in
601 2730 663 2756 Lib.
688 2739 751 2756 can.
775 2739 800 2756 c.
824 2730 879 2763 XI,
902 2729 1006 2756 Libelli
1027 2731 1051 2763 J,
1071 2739 1103 2764 p.
1120 2730 1189 2757 484.
1224 2730 1285 2765 S.].
1405 2731 1434 2765 3)
1459 2731 1549 2765 Epist.
1572 2731 1596 2763 J,
1620 2734 1634 2759 ,S
1658 2730 1685 2763 8,
1709 2730 1777 2755 ibid.

133 2788 163 2814 p.
190 2780 258 2808 145.
376 2781 406 2815 4)
428 2781 462 2807 In
486 2790 584 2816 evang.
609 2782 650 2814 II,
678 2781 749 2808 hom.
775 2782 823 2814 26,
847 2785 861 2812 ,ξ
885 2781 912 2814 G,
945 2781 1015 2815 Opp.
1038 2782 1063 2815 I,
1087 2782 1138 2808 col.
1166 2782 1256 2808 1556.
1375 2782 1405 2816 5)
1428 2782 1519 2816 Epist.
1550 2782 1595 2815 VJ,
1622 2782 1669 2814 27,
1700 2781 1778 2814 Jaffe'

134 2839 177 2857 nr.
198 2831 286 2865 1428,
309 2833 352 2859 ed.
376 2833 478 2859 Ewald
503 2833 524 2865 I,
544 2841 573 2866 p.
592 2832 663 2860 421.
707 2833 788 2867 [Lib.
812 2842 875 2860 can.
900 2842 923 2859 c.
949 2833 976 2866 3,
1000 2834 1018 2859 l.
1042 2833 1060 2860 l.
1082 2843 1113 2868 p.
1130 2833 1200 2862 478,
1237 2834 1296 2867 827.

1798 1033 1950 1082 hlattli.sls„17.

1798 1102 1940 1125 Manl1.5,vv
