2132 3067
45 720 71 739 10

43 977 69 996 15

42 1235 69 1253 20

42 1492 69 1510 25

43 1750 70 1769 ³⁰

43 2008 71 2028 55

41 2266 69 2284 40

43 2567 72 2586 45

538 157 574 183 ΙΙ.
613 157 944 184 DEDAMNATIONE
969 158 1288 186 SCISMATICORUM.
1335 148 1340 153 .
1695 159 1736 188 523

90 246 205 287 sapiat.
243 245 315 276 Non
339 246 422 275 enim
447 245 500 276 alii
524 251 587 276 tarn
613 245 794 284 liberaliter,
819 252 882 276 tarn
908 247 1047 278 infucate
1072 247 1157 288 loqui
1176 260 1446 289 presumerenms,
1472 260 1566 291 quem
1592 256 1736 280 nontam

89 298 255 328 veritatem
287 307 404 333 rerum,
436 307 532 338 quam
564 296 694 338 aliquod
718 297 879 338 privatum
905 297 1044 328 studium
1076 310 1132 339 per
1156 299 1281 340 singula
1307 301 1586 342 interpretaturum
1612 307 1736 342 putare-

90 359 171 379 mus.
216 348 298 387 Hoc,
327 350 469 390 inquam,
499 347 588 378 nefas
620 354 705 378 esset
736 348 774 378 de
798 348 890 379 vobis
916 348 964 379 vel
989 351 1157 390 suspicari,
1188 351 1240 392 qui
1270 352 1373 392 ipsum
1401 364 1569 393 preconem
1594 353 1736 383 veritatis

88 411 148 442 pro
179 400 321 430 sacrario
353 399 493 440 Spiritus
522 400 625 430 sancti
657 399 874 430 venerandum
903 400 1174 431 fore'iudicastis.
1222 402 1356 444 Experti
1389 404 1486 443 igitur
1510 413 1633 434 vestrae
1665 415 1736 445 pru-

75 452 217 483 'dentiae
235 453 380 482 ardorem
397 451 436 480 ad
454 450 671 491 indagandam
690 451 756 480 sive
773 451 1028 482 denunciandam
1048 463 1151 482 rerum
1171 454 1348 491 veritatem,
1374 455 1575 495 potissimum
1594 464 1734 486 vestrum

89 508 299 545 expectamus
322 502 477 533 iudicium
503 502 542 533 de
566 501 615 532 his
639 503 745 542 rebus,
771 502 808 532 de
834 503 951 544 quibus
975 502 1081 533 adhuc
1105 503 1300 535 dubitamus.

197 554 245 585 De
268 554 482 595 symoniacis¹
510 554 618 594 igitur,
644 564 822 595 precamur,
854 561 886 585 ut
912 554 1082 595 prudentia
1106 548 1213 585 vestra
1237 556 1329 586 nobis
1353 558 1499 598 apert-ius
1523 558 1688 597 edisserat,
1711 559 1736 587 si

88 611 120 637 et
141 605 186 637 illi
210 617 266 647 pro
291 606 440 637 hereticis
463 605 668 646 deputentur,
693 606 747 646 qui
772 611 918 646 praetera
943 616 1053 636 sacros
1077 606 1204 636 ordines
1229 607 1335 648 aliqua
1359 607 1595 639 aecclesiastica
1620 609 1735 642 officia.

89 662 125 688 ut
153 657 330 695 decaniam,
363 657 610 699 preposituram,
643 662 753 687 emunt
776 656 827 686 vel
850 656 1003 687 vendunt.
1051 657 1120 687 Non
1146 668 1300 699 negamus
1325 659 1453 700 quidem
1486 667 1517 691 et
1545 672 1599 690 cos
1624 661 1737 701 proba-

90 708 197 740 biliter
225 720 321 751 posse
352 710 461 740 vocari
492 709 695 746 simoniacos,
725 713 837 749 utpote
869 708 907 738 de
937 708 1073 750 spiritali
1105 710 1206 740 offitio
1235 710 1376 741 seculare
1407 710 1530 741 lucrum
1556 717 1737 753 querentes,

89 771 169 803 quos
193 765 224 791 et
246 761 286 791 ab
310 760 430 791 eisdem
455 759 570 791 officiis
594 760 684 790 iuxta
703 770 840 791 canones
864 759 1028 801 pellendos
1053 772 1122 791 esse
1147 771 1328 791 censemus:
1353 761 1407 793 sed
1425 763 1484 792 anb
1510 774 1565 803 pro
1590 762 1737 793 hereticis

89 812 153 843 sint
182 812 371 854 deputandi,
401 822 441 842 ex
472 812 663 842 testimoniis
687 818 868 842 sanctorum
896 817 1021 852 patrum
1048 812 1227 842 evidentius
1259 812 1366 843 doceri
1391 813 1553 844 vellemus,
1600 814 1737 844 Sanctus

88 863 239 895 videlicet
255 863 431 905 Gregorius
455 864 486 894 iu
503 863 642 894 decretis
658 863 725 893 suis
741 862 841 893 illud²
858 863 1040 903 specialiter
1056 865 1274 904 symoniacam
1294 864 1449 895 heresimc
1467 876 1580 895 vocare
1602 865 1738 902 videtur,

89 926 162 946 cum
192 926 305 946 manus
336 915 504 956 imposicio
537 915 617 956 prod
642 915 780 955 pecunia
804 915 942 945 emiture
971 914 1022 946 vel
1046 915 1206 946 venditur.
1252 915 1333 946 Illud
1360 916 1454 946 etiam
1480 915 1571 946 nobis
1596 917 1735 947 scribere

90 967 277 1009 dignemini,
309 966 356 997 sir
390 973 421 997 et
454 966 499 996 illi
530 977 589 1007 pro
621 966 768 997 hereticis
799 965 1012 1005 habeanturg,
1047 968 1100 1008 qui
1134 978 1191 1008 per
1219 966 1305 997 aliud
1336 978 1462 1006 munus,
1493 969 1552 998 nisi
1582 979 1599 998 a
1631 978 1737 1005 manu,

90 1029 183 1049 sacra
219 1017 327 1049 officia
361 1023 508 1049 emerunt
543 1017 593 1049 vel
624 1017 850 1048 vendiderunt.
905 1017 987 1048 Nam
1019 1017 1090 1048 illos
1125 1019 1227 1060 magis
1261 1018 1455 1049 ambiciosos
1490 1021 1611 1050 censeri
1648 1018 1738 1049 relle-

91 1080 172 1108 mus,
204 1080 301 1111 quam
335 1071 543 1111 symoniacae
578 1069 700 1101 heresis
732 1068 905 1108 obnoxios,
936 1080 976 1100 ne
1007 1071 1134 1111 penitus
1169 1069 1409 1101 aecclesiastica
1441 1076 1639 1101 sacramenta
1667 1082 1738 1112 pro-

90 1121 318 1160 scriberentur,
347 1132 429 1163 quae
457 1133 539 1163 pene
569 1121 698 1152 omnino
730 1121 881 1151 hacteuus
912 1132 930 1151 a
962 1120 1037 1151 solis
1068 1121 1252 1152 huiusmodi
1280 1122 1463 1152 ambiciosis
1494 1128 1647 1163 usurpata
1675 1133 1736 1152 non

90 1173 286 1214 ignoramus

197 1225 269 1255 Deh
292 1235 330 1255 eo
355 1230 472 1265 autem,
495 1223 581 1266 quod
606 1224 758 1264 scribitis,
782 1229 983 1254 sacramenta
1004 1235 1021 1254 a
1039 1225 1225 1265 symoniaco
1242 1224 1383 1254 nondum
1402 1224 1566 1266 publicato
1584 1231 1736 1266 usurpata

89 1276 203 1307 scienti
226 1276 355 1317 quidem
373 1288 437 1307 non
455 1287 524 1307 esse
548 1282 760 1313 sacramenta,
784 1275 838 1306 sed
857 1277 1022 1315 nescienti,
1048 1276 1184 1306 necdum
1208 1275 1345 1306 fideliter
1369 1275 1546 1317 intelligere
1564 1277 1737 1317 potuimus.

88 1327 171 1358 Nam
200 1329 371 1359 essentiam
402 1339 510 1359 rerum
543 1339 605 1358 non
631 1327 711 1358 solet
734 1327 766 1357 iu
791 1329 987 1358 contrarium
1012 1327 1131 1357 ducere
1156 1328 1367 1358 contrarietas
1393 1328 1603 1369 opinantium.
1648 1328 1735 1368 Ergo

89 1379 114 1409 si
138 1385 341 1410 sacramenta
356 1379 504 1422 quoquoi
525 1379 619 1410 modo
636 1379 794 1410 veraciter
817 1378 857 1410 ab
874 1378 982 1420 aliquo
1000 1380 1186 1420 symoniaco
1211 1379 1433 1417 conficiuntur,
1458 1379 1618 1421 quomodo
1642 1379 1737 1410 alicui

89 1432 157 1462 eius
181 1431 306 1462 heresin
337 1432 451 1462 scienti
478 1431 659 1462 inconfecta
681 1431 843 1461 veraciter
866 1430 1112 1472 probabuntur?
1157 1430 1319 1462 Credibile
1345 1430 1473 1472 quidem
1499 1431 1636 1468 videtur,
1669 1442 1736 1461 cor-

91 1482 215 1524 porales
239 1494 288 1514 res
312 1483 345 1513 in
368 1482 461 1514 altari
486 1483 606 1524 positas
630 1494 686 1524 per
712 1481 944 1513 sacerdotalem
977 1482 1232 1513 benedictionem
1259 1494 1298 1512 cx
1323 1493 1481 1513 consensu
1505 1483 1680 1513 aecclesiae
1706 1483 1736 1512 in

90 1534 201 1565 divina
230 1545 324 1576 posse
355 1536 500 1565 converti
531 1540 743 1572 sacramenta,
773 1535 867 1565 etiam
899 1535 983 1564 inter
1012 1545 1124 1564 manus
1154 1534 1376 1571 hereticorum,
1409 1534 1549 1564 nondum
1574 1540 1680 1565 tamen
1705 1534 1736 1564 in

89 1585 248 1618 aecclesia
271 1585 518 1628 publicatorum.
557 1587 660 1626 Quae,
685 1587 827 1627 inquam,
851 1591 1052 1616 sacramenta
1070 1585 1270 1626 proscribere
1295 1587 1455 1620 timemus,
1478 1585 1526 1616 vel
1543 1587 1629 1626 apud
1653 1585 1737 1616 illius

90 1638 268 1677 scientiam,
291 1639 347 1680 qui
370 1637 456 1669 solus
480 1637 529 1668 vel
553 1637 633 1669 alter
655 1637 866 1668 sacrificantis
890 1637 1023 1668 heretici
1047 1638 1235 1677 cognoverit
1261 1637 1465 1675 dementiam,
1495 1638 1623 1667 sacius.k
1645 1637 1736 1668 nobis

90 1689 262 1730 videretur,
286 1696 321 1720 ut
344 1689 455 1721 eadem
479 1695 511 1720 et
533 1690 595 1730 ipsi
620 1689 760 1720 heretico
784 1689 967 1720 conficienti
994 1694 1025 1719 et
1053 1688 1106 1719 alii
1135 1689 1218 1719 eius¹
1247 1689 1371 1719 heresin
1401 1690 1514 1719 scienti
1538 1694 1737 1720 sacramenta

88 1752 157 1772 esse
173 1741 504 1783 crederentur,‘quam
521 1741 632 1772 eadem
651 1747 751 1772 essem
769 1746 799 1772 et
815 1751 878 1771 non
896 1752 966 1771 esse
984 1746 1233 1779 statueremus¹¹;
1252 1740 1413 1777 videlicet,
1431 1747 1464 1771 ut
1482 1740 1592 1771 eadem
1610 1739 1732 1770 oblacio

90 1799 123 1824 et
152 1792 297 1824 offerenti
328 1793 468 1824 heretico
498 1793 565 1824 sive
595 1793 663 1824 eius
693 1793 779 1823 socio
808 1792 848 1822 ad
881 1792 1155 1834 dampnationem,
1186 1793 1345 1832 ignoranti
1377 1798 1483 1822 autem
1515 1792 1672 1822 catholico
1695 1792 1735 1822 ad

90 1843 225 1876 salutem
249 1845 466 1886 provenirent.
511 1844 594 1875 Nam
622 1849 751 1875 sanctus
774 1844 1008 1885 Augustinusss,
1037 1842 1091 1873 ubi
1123 1843 1301 1884 neophitos.
1332 1843 1408 1874 lieet
1436 1850 1509 1874 ante
1540 1844 1736 1874 communio-

89 1907 160 1927 nem
186 1901 288 1927 morte
311 1902 494 1938 preventos,
517 1907 580 1927 non
606 1902 712 1927 tamen
736 1901 811 1926 eos⁰
837 1901 1059 1926 sacramentor
1084 1895 1204 1936 privari
1227 1900 1370 1934 testatur,
1399 1906 1461 1925 non
1487 1895 1525 1925 de
1550 1907 1592 1932 re,
1617 1895 1671 1924 sed
1696 1894 1735 1924 de

1756 568 1803 591 (22²)

1758 1238 1804 1261 (23)

89 1948 207 1979 virtute
230 1949 422 1979 sacramenti
446 1948 568 1979 dixisse
590 1948 728 1987 videtur,
751 1952 787 1978 ut
810 1946 861 1978 ille
885 1947 1078 1977 sacramenti
1101 1947 1218 1977 virtute
1243 1957 1305 1976 non
1329 1953 1445 1982 careat,
1474 1957 1567 1987 quem
1593 1953 1737 1976 extrema
1753 1964 1761 1971 ι

91 2000 264 2030 necessitas
287 2010 306 2029 a
329 1999 405 2031 reali
428 2001 653 2030 communione
677 1999 853 2041 suspendit.
900 1999 941 2028 Et
964 2009 1021 2028 nos
1045 1999 1156 2039 utique
1180 2009 1300 2037 omnes,
1325 1998 1350 2028 si
1375 1997 1550 2028 catholicae
1575 1997 1647 2028 fidei
1673 2008 1734 2027 non

91 2061 253 2082 cessamus
277 2052 453 2093 cooperari,
476 2062 653 2093 numquam
677 2051 744 2082 eius
769 2051 960 2081 sacramenti
984 2050 1101 2080 virtute
1126 2051 1299 2090 privamur,
1323 2049 1395 2079 licet
1418 2049 1519 2090 ipsam
1544 2060 1610 2079 rem
1634 2060 1737 2080 sacra-

91 2103 189 2134 menti
212 2103 315 2140 rarius
339 2114 467 2134 sumere
490 2102 659 2134 soleamuS.
699 2102 753 2134 Sic
770 2102 880 2143 utique
896 2101 1023 2132 facilius
1040 2111 1096 2132 vos
1113 2100 1311 2142 intelligereq
1337 2111 1514 2141 possemus,
1538 2101 1563 2131 si
1580 2100 1736 2138 diceretis,

91 2153 267 2196 quemlibet
295 2153 508 2185 catholieumr
538 2155 578 2186 ab
610 2166 658 2193 eo,
689 2165 784 2195 quem
816 2154 918 2184 nescit
950 2152 1136 2192 hereticum,
1167 2163 1229 2182 non
1258 2163 1322 2182 rem
1348 2153 1537 2182 sacramenti
1562 2152 1734 2193 percipere,

91 2216 187 2248 quam
212 2216 271 2237 nec
293 2205 451 2237 hereticus
474 2211 581 2248 potest
604 2205 773 2245 conficere,
798 2204 853 2236 sed
877 2205 1030 2234 virtutem
1054 2204 1257 2243 sacramenti,
1286 2215 1350 2234 non
1381 2215 1422 2234 ex
1446 2203 1498 2233 illa
1521 2204 1736 2244 perceptione,

91 2257 146 2288 sed
175 2268 217 2288 ex
247 2258 380 2299 propria
410 2258 481 2289 fide.
526 2258 609 2296 Hoc,
639 2258 782 2299 inquam,
813 2254 1070 2295 intelligibilius⁵
1096 2255 1189 2285 nobis
1213 2254 1384 2293 videretur,
1416 2266 1510 2296 quam
1536 2254 1618 2284 idem
1644 2255 1735 2295 panis

90 2311 122 2339 in
146 2308 258 2340 divina
280 2315 483 2341 sacramenta
505 2309 671 2340 confectus
695 2314 726 2339 et
749 2318 810 2338 non
836 2307 1002 2338 confectus
1026 2306 1195 2337 diceretur.
1240 2307 1401 2348 Apercius
1427 2307 1526 2347 igitur
1548 2306 1640 2336 nobis
1665 2306 1735 2336 inti-

90 2365 174 2391 mate
198 2360 275 2402 quid
299 2360 339 2392 de
361 2352 547 2392 huiusmodi
571 2360 780 2391 sacramentis
805 2359 982 2390 debeamus
1006 2358 1159 2391 iudicare,

196 2412 382 2444 Sententiae
405 2418 513 2444 autem
537 2418 664 2444 vestrae
687 2411 727 2442 de
751 2411 905 2442 ordinatis
928 2410 968 2441 ab
992 2410 1143 2449 heretico,
1174 2410 1288 2439 iterum
1315 2408 1501 2439 ordinandis
1525 2419 1544 2438 a
1568 2407 1733 2439 catholico.

201 2518 227 2549 a)
248 2521 358 2550 propter
377 2517 408 2542 G.
466 2518 494 2549 b)
515 2525 560 2541 cur
581 2517 612 2541 G.
672 2518 696 2547 c)
716 2516 837 2547 heresym
859 2516 882 2540 ⁴2.
951 2514 979 2538 d]
1000 2522 1047 2546 per
1067 2514 1207 2545 pecuniam
1229 2513 1260 2539 G.
1328 2514 1351 2544 e)
1374 2522 1508 2544 suprascr.
1524 2514 1548 2536 3.
1617 2513 1635 2541 ss»
1659 2521 1689 2544 sy
1710 2513 1733 2537 ⁵2.

90 2562 118 2595 g)
139 2562 270 2588 habentur
291 2563 323 2588 G.
409 2563 436 2595 h)
458 2564 516 2587 Deo
538 2564 562 2588 2.
638 2563 657 2593 i)
681 2570 785 2594 quoque
803 2562 827 2586 2.
913 2561 942 2586 kt
964 2561 1053 2592 utique
1073 2559 1137 2585 add.
1153 2560 1177 2583 3.
1254 2560 1272 2589 1)
1292 2559 1346 2583 her.
1369 2560 1402 2582 ei.
1424 2559 1449 2582 3.
1527 2559 1561 2587 πη)
1585 2564 1610 2582 et
1631 2566 1688 2582 esse
1710 2559 1733 2582 3.

90 2607 119 2639 n)
141 2610 310 2634 statuerimus
331 2610 355 2635 3.
370 2609 402 2634 G.
470 2609 498 2639 o)
519 2617 550 2633 eo
572 2610 596 2633 3.
664 2609 691 2640 p)
715 2611 882 2632 sacramenta
903 2606 927 2630 9..
995 2606 1022 2638 q)
1045 2605 1198 2637 intellegere
1219 2606 1243 2629 3.
1302 2606 1323 2635 r)
1346 2605 1537 2629 catholicorum
1558 2604 1588 2629 G.
1656 2604 1680 2629 s]
1702 2612 1733 2628 cz

92 2655 238 2687 intellegib.
260 2664 326 2680 corr.
348 2655 378 2686 2;
397 2655 598 2686 intellegibilius
619 2655 644 2678 3.
984 2660 986 2662 ’

201 2762 229 2796 1)
255 2761 412 2795 opprobrio
434 2762 601 2796 respondere
623 2761 762 2793 videntur,
792 2761 865 2793 quod
889 2759 1073 2785 Bernhardus
1095 2759 1123 2783 in
1150 2757 1371 2784 Constantienses
1394 2766 1480 2791 supra
1501 2766 1530 2790 p.
1549 2756 1598 2781 452.
1623 2755 1732 2781 tulerat.

94 2811 123 2845 2)
145 2813 207 2842 Lib.
226 2813 256 2846 V,
281 2822 322 2847 ep.
348 2813 404 2846 57,·
427 2813 470 2839 ed.
488 2813 589 2839 Ewald
612 2813 635 2845 I,
658 2821 686 2846 p.
705 2811 784 2845 377;
812 2811 891 2843 Jaffe'
913 2819 956 2837 nr.
977 2809 1066 2837 1378.
1153 2809 1182 2842 3)
1212 2808 1241 2834 V.
1265 2817 1351 2842 supra
1379 2817 1420 2841 ep.
1445 2808 1485 2840 II,
1515 2816 1545 2841 p.
1569 2807 1618 2833 40.

1754 2419 1800 2443 (ιι)
