2132 3067
529 154 566 182 X.
604 154 655 180 DE
678 153 1020 181 EXCOMMUNICATIS
1044 155 1227 183 VITANDIS
1250 157 1330 183 ETC.
1699 153 1755 184 123

212 243 515 274 Ecclesiasticarum
540 241 723 283 regularum
748 243 965 274 institutiones
989 245 1105 285 partim
1130 244 1170 275 ab
1195 246 1273 286 ipsis
1297 245 1451 287 apostolis
1467 248 1661 288 accepimus,
1686 257 1755 287 par-
1788 258 1823 280 25)

111 296 165 327 tim
197 307 216 326 a
239 295 393 326 Romanis
425 293 641 336 pontificibus,
673 294 788 335 partim
821 293 862 324 ab
894 293 963 325 aliis
995 296 1111 326 sanctis
1143 297 1298 337 patribus,
1333 308 1467 338 quorum
1501 304 1604 328 tamen
1637 297 1755 328 iudicia

110 347 245 378 Romani
270 346 439 388 pontifices
464 346 680 376 firmaverunt.
726 345 769 375 Et
792 345 955 386 apostolos
981 346 1108 388 quidem
1135 347 1174 378 ad
1200 348 1454 379 insol-mationem
1480 351 1639 380 nascentis
1656 349 1751 380 eccle-

109 400 174 430 siae
198 399 247 429 V¹
272 403 395 429 tantum
420 397 560 440 synodos
585 397 772 436 instituisse,
797 407 837 427 ex
861 396 942 427 libro
966 406 1095 428 actuum
1122 399 1262 439 ipsorum
1288 405 1318 430 et
1341 412 1380 431 ex
1406 401 1574 431 traditione
1599 402 1753 431 maiorum

77 465 90 484 ⁵
109 450 291 481 didicimus.
336 450 460 480 Harum
485 450 621 492 primam
646 448 751 478 statim
777 453 850 490 post
871 458 1040 478 ascensum
1062 449 1189 480 Domini
1215 450 1254 480 de
1277 450 1432 482 electione
1454 452 1594 482 Matliiae
1618 452 1755 494 apostoli
1776 466 1895 490 Amnes.

107 503 140 533 in
170 502 274 532 locum
306 501 478 543 proditoris
502 500 604 531 Iudae
635 499 888 530 celebraverunt.
941 499 1135 541 Secundam,
1167 512 1238 531 cuin
1271 509 1391 543 septem
1422 503 1571 534 diacones
1601 504 1755 543 eligerent
1776 518 1878 537 mem.

108 554 148 584 ad
173 553 422 595 dispensationis
447 553 670 583 ministerium.
723 551 870 582 Terciam
902 551 940 581 de
972 553 1135 582 conversis
1160 564 1200 583 ex
1223 553 1384 594 gentibus,
1416 566 1454 585 ne
1480 543 1754 595 iudaizarevcoge-
1775 569 1885 593 misas

107 612 227 645 rentur,
259 605 314 636 sed
346 609 482 643 tantum,
513 610 548 634 ut
577 603 774 634 abstinerent
805 613 823 632 a
852 603 1073 643 fornicatione,
1098 603 1137 634 ab
1162 604 1337 635 idolothitis
1362 613 1391 636 et
1416 608 1582 647 sanguine.
1629 607 1752 637 Horum

107 656 254 688 ultimum
280 657 374 687 beato
398 656 582 696 Augustino
606 655 839 696 dispensatorie
863 654 992 685 videtur
1016 655 1215 695 institutum,
1250 657 1274 687 si
1300 664 1407 688 tamen
1432 659 1475 688 ita
1499 657 1697 699 intelligitur,
1721 665 1755 689 ut

61 722 88 741 ιο
107 709 306 740 abstinerent
336 718 355 738 a
385 707 547 747 carnibus,
579 717 714 748 quarum
747 707 878 747 sanguis
910 717 972 736 non
1004 712 1087 737 esset
1118 707 1246 738 effusus
1297 708 1417 740 Scribit
1448 710 1531 740 enim
1564 711 1602 739 de
1634 709 1692 740 hoc
1723 711 1754 740 in

107 760 189 791 libro
213 760 255 791 lI.
279 764 393 790 contra
415 759 614 790 Faustum2:
645 759 802 800 Eleqisse,
833 758 947 800 inquit,
978 759 1059 789 mihi
1091 759 1241 789 ridentur
1265 761 1403 802 apostoli
1430 772 1493 801 pro
1523 766 1660 802 tempore
1692 773 1754 792 rem

99 812 238 855 facilem
262 817 290 843 et
313 823 520 854 nequaquam
544 810 789 842 observantibus
814 821 993 849 onerosam,
1019 811 1052 840 in
1078 821 1143 851 qua
1167 823 1235 841 cum
1260 811 1418 842 Israelitis
1441 818 1468 841 et
1491 818 1598 853 gentes
1618 818 1756 853 propter

107 864 199 895 illum
221 863 415 905 angularem
444 862 587 904 lapidem
619 862 701 893 duos
732 863 765 892 in
795 873 828 892 se
857 862 1056 901 condentem,
1088 861 1217 902 aliquid
1241 874 1403 893 commune
1428 863 1641 894 observarent.
1691 864 1754 894 ΑΝ

107 916 164 946 ubi
193 915 330 946 ecclesia
360 915 503 955 'acutium
536 915 612 945 talis
643 913 753 955 effecta
784 918 839 953 est,
873 918 907 944 ut
938 914 973 943 in
1005 925 1043 943 ea
1074 912 1186 943 nullus
1215 914 1371 945 Israelita
1403 915 1549 945 carnalis
1580 920 1755 955 appareat,

63 979 90 999 15
109 968 181 1009 quis
211 968 278 998 iam
309 966 513 997 christianus
542 965 699 1005 observat,
728 970 763 995 nt
793 965 908 995 turdos
938 964 985 995 vel
1015 966 1209 996 minutiores
1233 966 1382 996 aviculas
1407 977 1470 996 non
1498 967 1660 1007 acltinyat,
1694 967 1757 996 ussi

109 1029 250 1060 quarum
273 1018 416 1058 sanquis
439 1016 561 1058 effusus
585 1021 640 1057 est,
664 1021 722 1047 aut
744 1016 883 1057 leporem
904 1028 967 1047 non
992 1016 1076 1054 edat,
1101 1018 1131 1047 si
1152 1029 1253 1048 manu
1279 1029 1299 1048 α
1324 1019 1446 1048 cervice
1468 1029 1642 1058 percussus
1668 1017 1756 1048 nullo

109 1074 239 1101 cruento
270 1068 402 1100 vulnere
433 1069 558 1099 occisus
588 1070 656 1098 est?
706 1068 749 1098 Et
780 1069 837 1109 qui
857 1069 950 1108 forte
975 1069 1083 1109 pauci
1114 1069 1223 1100 adhuc
1253 1074 1386 1110 tanyere
1417 1071 1480 1099 ista
1504 1070 1703 1109 fot—1111'1lr111t,
1736 1081 1755 1099 a

109 1121 222 1152 ceteris
245 1121 441 1152 irridentur.
492 1120 543 1150 Ita
567 1121 710 1150 omnium
734 1121 838 1150 tenuit
861 1121 988 1150 animos
1014 1121 1047 1150 in
1073 1120 1134 1151 Izac
1158 1133 1191 1151 re
1216 1121 1270 1151 illa
1294 1122 1453 1152 sententia
1478 1122 1645 1152 veritatis:
1669 1121 1755 1151 ‘Non
1776 1132 1925 1155 muman.

109 1173 195 1215 quod
217 1173 322 1203 intrat
344 1174 379 1203 in
406 1183 439 1203 os
465 1177 601 1202 vestrum
627 1183 680 1202 vos
703 1172 910 1212 coinquinat,
933 1172 990 1202 sed
1013 1172 1099 1213 quod
1122 1173 1209 1210 eaeit;
1236 1172 1358 1203 nullam
1384 1174 1448 1204 cibi
1470 1178 1635 1211 naturam,
1659 1184 1755 1215 quam

62 1237 89 1258 ιο
109 1225 228 1255 soietas
258 1224 400 1255 admittit
430 1224 596 1262 humana,
626 1223 682 1253 sed
712 1234 795 1265 quae
829 1224 991 1265 iniquitas
1021 1225 1197 1263 committit,
1225 1230 1359 1265 peccata
1392 1225 1628 1256 condemnans.
1686 1223 1755 1254 Non

109 1286 185 1317 ergo
216 1275 408 1314 mirandum,
439 1276 466 1306 si
496 1281 528 1306 et
558 1285 761 1305 successores
785 1274 1004 1316 apostolorum
1035 1274 1143 1317 aliqua
1172 1275 1404 1317 dispensatorie
1428 1276 1646 1313 instituerunt,
1675 1286 1756 1317 quae

109 1339 219 1359 eorum
251 1327 381 1370 posteri,
412 1327 589 1357 mutatione
618 1327 775 1367 temporis
806 1325 866 1357 hoc
896 1327 1057 1367 exigente,
1087 1327 1321 1358 rationabiliter
1348 1327 1520 1369 aliquando
1555 1333 1677 1358 mutare
1707 1327 1756 1358 vel

108 1380 237 1422 penitus
261 1379 418 1420 abrogare
441 1383 688 1410 consueverunt.

214 1431 395 1470 Quartam³
417 1441 494 1461 vero
518 1430 677 1472 synodum
709 1431 748 1461 de
780 1429 985 1461 credentibus
1014 1441 1054 1460 ex
1078 1430 1186 1461 Iudeis
1217 1430 1258 1462 ab
1287 1430 1441 1472 apostolis
1470 1431 1585 1462 factam
1610 1429 1756 1471 legimus,

63 1496 90 1516 85
108 1494 148 1514 ne
171 1494 190 1513 a
212 1481 371 1524 legalibus
403 1483 594 1513 ceremoniis
623 1483 888 1524 prohiberenturg
923 1488 954 1513 et
982 1482 1042 1513 hoc
1073 1493 1130 1524 pro
1154 1482 1312 1514 abolenda
1336 1483 1519 1524 suspicione
1543 1482 1755 1524 quorundam,

109 1535 163 1577 qui
187 1546 242 1566 eos
266 1533 385 1576 legales
408 1534 599 1564 cerimonias
624 1535 716 1576 quasi
740 1533 921 1564 idolatriam
945 1545 1096 1575 respuere
1121 1535 1287 1576 putabant.
1339 1534 1406 1564 Has
1430 1534 1495 1565 IIII
1519 1534 1659 1576 synodos
1682 1544 1755 1574 apo·

109 1586 180 1618 stoli
204 1585 405 1618 Ierosolimis
429 1585 642 1626 celebrarunt,
666 1591 701 1616 ut
724 1585 807 1616 liber
830 1592 960 1616 actuum
984 1586 1126 1627 ipsorum
1153 1587 1300 1617 intimare
1325 1586 1461 1617 videtur.

215 1637 367 1677 Quintam
392 1643 498 1668 autem
522 1637 742 1679 apostolorum
767 1637 927 1679 synodum
951 1649 992 1668 ex
1015 1638 1186 1668 traditione
1206 1639 1361 1668 maiorum
1379 1638 1574 1678 accepimus,
1599 1647 1668 1666 cum
1694 1636 1755 1665 sin·
1777 1650 1824 1671 (κα)

108 1689 175 1731 guli
201 1688 344 1730 singulas
368 1689 567 1731 proferentes
591 1690 765 1720 sententias
790 1688 971 1730 symbolum
993 1689 1177 1728 conderent,
1202 1689 1286 1731 quod
1306 1689 1494 1720 universalis
1512 1687 1644 1720 ecclesia
1661 1692 1756 1726 tenet,

63 1755 90 1775 ³⁰
109 1752 180 1772 eum
204 1742 267 1772 iam
291 1741 332 1771 ab
356 1741 492 1771 invicem
519 1741 692 1772 discessuri
715 1747 831 1779 essent,
862 1746 897 1771 ut
925 1742 956 1771 in
987 1752 1111 1772 omnem
1138 1748 1253 1772 terrain
1280 1752 1376 1772 sonus
1400 1752 1508 1771 eorum
1539 1740 1650 1770 exiret.
1702 1739 1755 1769 Sic

109 1794 193 1824 enim
214 1792 328 1824 beatus
344 1792 495 1824 Clemens
512 1804 607 1835 papa,
631 1792 809 1834 discipulus
825 1798 856 1824 et
872 1803 1039 1824 successor
1054 1793 1283 1834 apostolorum,
1305 1793 1337 1823 in
1354 1793 1509 1823 decretis*
1528 1793 1593 1822 suis
1611 1796 1754 1821 testatur.

108 1845 189 1876 Item
215 1851 346 1875 sanctus
362 1844 448 1876 Leo⁵
471 1855 557 1886 papa
580 1845 605 1876 I.
631 1845 818 1876 pulcheriae
837 1846 1003 1885 Augustae
1020 1843 1176 1875 scribens:
1201 1845 1293 1885 Ipsa,
1317 1845 1430 1885 inquit,
1455 1844 1606 1874 catholici
1629 1842 1755 1873 simboli

108 1897 212 1929 brevis
247 1902 275 1928 et
304 1897 454 1938 pevfecta
491 1897 652 1938 confessio
687 1897 757 1927 XII
786 1897 1005 1938 apostolorum
1040 1897 1167 1927 totidem
1200 1901 1244 1926 est
1275 1897 1409 1937 signata
1443 1896 1618 1926 sententiis.
1673 1893 1752 1924 Item

109 1948 315 1980 beatissimus
339 1953 431 1989 patet·
447 1948 658 1979 Ambrosius⁶
682 1947 803 1978 clavem
828 1949 918 1988 regni
945 1947 1105 1979 coelorum
1131 1947 1288 1989 deputans
1312 1958 1381 1978 esse
1404 1947 1499 1977 tidem
1523 1945 1754 1987 apostolorum:

62 2013 89 2033 ³5
111 2000 247 2038 Clavem,
276 2000 390 2042 inquit,
419 2001 515 2031 istam
545 2000 688 2030 arbitror
714 1999 783 2030 XII
807 2000 970 2040 artificum
1004 2001 1190 2041 operatione
1221 1999 1401 2040 conflatam.
1460 1998 1636 2028 Duodecim
1669 1999 1753 2027 «nim

109 2052 329 2093 apostolorum
361 2051 501 2094 symbolo
523 2051 611 2091 fides
642 2056 798 2093 concepta
828 2057 883 2091 est,
914 2064 1021 2093 quam,
1053 2051 1135 2081 velut
1163 2051 1263 2092 periti
1293 2050 1450 2089 artifices,
1483 2050 1516 2080 in
1547 2061 1646 2079 vnum
1679 2060 1752 2078 eon-

107 2105 270 2135 venientes
293 2104 413 2134 clavem
436 2114 494 2133 suo
518 2103 656 2134 concilio
685 2103 919 2144 conflaverunt.
977 2103 1047 2132 Hoc
1078 2109 1125 2133 est
1155 2113 1230 2143 ergo
1261 2101 1443 2142 symbolum
1469 2099 1661 2131 catholicum
1687 2100 1754 2129 sive

107 2154 187 2186 fides
211 2154 442 2197 apostolorum,
472 2155 540 2186 sine
570 2155 639 2185 eius
669 2154 870 2196 professione
892 2166 952 2185 nec
977 2154 1186 2195 baptizamur,
1216 2165 1277 2184 nee
1301 2152 1341 2182 ad
1366 2153 1572 2193 penitentiam
1602 2152 1754 2182 canonice

108 2207 300 2249 recipimur:
323 2217 420 2248 quam
445 2213 477 2238 et
499 2206 639 2246 cottidie,
664 2217 735 2237 cum
762 2207 934 2247 surgimus,
958 2206 1049 2236 iuxta
1067 2205 1269 2236 traditionem
1293 2210 1474 2235 sanctorum
1497 2210 1622 2245 patrum
1648 2214 1755 2233 recen-

61 2270 90 2289 40
109 2269 178 2290 sere
202 2258 368 2290 debemus.
415 2257 499 2289 Hinc
523 2258 637 2289 beatus
661 2259 884 2299 Augustinus⁷
909 2258 939 2287 in
965 2257 1081 2288 omelia
1106 2257 1265 2287 XL'IIF:
1290 2256 1462 2298 Numquid,
1487 2256 1599 2297 inquit.
1624 2254 1754 2296 quando

109 2312 232 2352 surgis,
261 2322 328 2341 non
352 2315 380 2340 te
403 2309 521 2341 vestis?
576 2309 634 2341 Sic
658 2315 686 2340 et
708 2309 986 2340 commemorando
1010 2309 1186 2351 symbolum
1210 2314 1299 2338 tuum
1323 2308 1401 2338 vesti
1424 2308 1568 2338 animam
1594 2312 1692 2345 tuam,
1718 2318 1755 2336 ne

101 2361 192 2402 forte
215 2373 286 2392 eam
309 2362 409 2392 nudet
432 2361 548 2405 oblivio
570 2366 598 2391 et
620 2373 791 2392 remaneas
814 2361 924 2391 nudus
948 2365 976 2391 et
990 2361 1067 2400 flat,
1092 2360 1178 2402 quod
1201 2361 1246 2390 ait
1272 2360 1448 2400 apostolus,
1471 2359 1558 2400 quod
1575 2359 1657 2389 absit
1675 2370 1693 2387 a
1711 2363 1754 2396 te,-

109 2414 139 2445 si
160 2418 268 2444 tamen
291 2414 398 2444 vestiti
419 2413 467 2444 vel
489 2413 658 2454 eaepoliati‚
686 2424 750 2443 non
775 2412 859 2443 nudi
881 2413 1102 2443 inveniamur.
1156 2411 1264 2441 Vestite*
1286 2422 1361 2452 erqo
1384 2411 1504 2440 erimus
1525 2410 1595 2449 fide
1622 2414 1754 2447 ποεῖν-α,-

109 2469 138 2496 et
159 2465 236 2506 ipsa
259 2465 347 2505 fides
374 2469 403 2496 et
432 2466 545 2496 tunica
577 2469 621 2496 est
652 2469 680 2495 et
709 2464 831 2495 lorica:
860 2465 976 2495 tunica
1005 2469 1121 2495 contra
1150 2462 1386 2503 confusionem,
1420 2462 1524 2492 lorica
1554 2466 1665 2492 contra
1695 2460 1752 2491 ad-

63 2527 91 2546 45
109 2517 302 2548 versitatem.

220 2596 248 2624 a)
269 2601 391 2630 quartum
413 2598 437 2621 7.

218 2664 248 2701 1)
272 2665 317 2698 Cf.
340 2665 494 2691 Hincmam·
516 2665 594 2694 Rem,
622 2664 693 2699 Opp.
718 2665 760 2692 ed.
784 2664 918 2690 Sirmond
939 2667 959 2689 t.
977 2664 1019 2699 II,
1039 2673 1069 2698 p.
1087 2663 1158 2689 474.
1279 2662 1308 2695 2)
1331 2662 1418 2687 Immo
1441 2661 1489 2687 lib.
1508 2660 1639 2691 XXXII,
1664 2669 1688 2685 c.
1708 2659 1753 2690 13,

113 2715 185 2751 Opp.
209 2717 251 2743 ed.
277 2717 382 2744 Bened.
405 2719 426 2743 t.
448 2716 530 2750 VIII,
555 2716 607 2743 col,
625 2716 694 2742 457.
805 2715 834 2749 3)
857 2715 923 2741 Post
946 2714 1045 2748 aliqua
1063 2714 1276 2749 praetermissa.
1385 2713 1414 2744 4>
1438 2713 1493 2746 Ep.
1515 2721 1592 2745 spur.
1618 2712 1640 2743 J,
1665 2720 1686 2739 c,
1705 2710 1753 2741 21,

110 2767 226 2797 Himch.
246 2777 279 2802 p.
296 2767 346 2794 37.
413 2768 443 2803 5)
466 2768 524 2801 Ep.
541 2768 591 2800 31,
615 2777 638 2794 c.
656 2767 684 2801 4,
709 2767 751 2793 ed.
776 2766 884 2793 Baller.
908 2766 933 2799 I,
957 2766 1009 2793 col.
1027 2766 1105 2800 857,·
1126 2764 1213 2797 Jasse'
1235 2773 1279 2790 nr.
1297 2765 1366 2792 425.
1435 2764 1463 2795 6)
1485 2764 1575 2790 Serm.
1593 2763 1642 2794 33,
1666 2771 1708 2787 nr.
1727 2761 1753 2792 6,

63 2822 91 2842 ⁶⁰
113 2817 184 2853 Opp.
207 2822 227 2846 t.
244 2819 286 2851 II,
308 2828 386 2853 app„
409 2819 462 2847 col.
481 2819 552 2845 435.
642 2819 670 2853 7)
693 2818 792 2845 Sermo
815 2817 863 2843 58.
887 2817 916 2842 in
939 2817 1043 2843 Matth.
1069 2819 1083 2848 ξ
1109 2817 1155 2848 13,
1183 2816 1254 2850 Opp.
1279 2816 1320 2842 ed.
1346 2815 1450 2841 Bened.
1473 2817 1492 2841 t.
1516 2813 1544 2846 V,
1569 2813 1620 2839 col.
1638 2812 1707 2837 343.

1476 2868 1521 2890 16‘
