2132 3067
347 141 633 169 LEODICENSIUM
659 141 845 169 EPISTOLA
868 141 1071 169 ADVERSUS
1095 142 1327 169 PASCHALEM
1351 142 1491 168 PAPAM.
1685 138 1747 170 459

94 238 124 263 et
147 231 207 263 sub
232 231 291 262 hac
314 231 548 262 consuetudine
573 232 795 272 migraverunt
818 242 836 261 a
859 231 966 262 seculo
991 232 1113 262 sancti¹
1140 236 1171 262 et
1191 237 1373 262 reverentes
1396 232 1553 273 episcopi,
1577 231 1747 262 reddentes

94 284 213 315 caesari
243 293 304 324 que
333 288 424 314 erant
453 283 572 313 cesaris
601 288 632 314 et
661 283 732 313 Deo
764 293 846 324 quae
877 288 969 314 erant
993 282 1065 313 Dei.
1112 283 1174 314 Sed
1208 283 1285 324 quid
1317 283 1395 314 dicit
1425 282 1618 314 Ambrosius
1650 293 1748 323 super

94 335 240 366 Lucam?
286 334 325 365 Si
350 334 509 373 Christus,
533 334 668 375 inquit2‚
693 345 756 365 non
779 334 893 365 habuit
918 335 1093 375 bna-qinein
1118 336 1252 375 cesaris,
1281 346 1341 365 cm·
1365 334 1453 365 dedit
1475 334 1628 365 censum?
1669 334 1744 365 Non

93 388 131 418 (le
155 398 213 418 suo
237 386 346 422 dedit;
374 386 430 415 sed
452 385 599 416 reddidit
622 386 743 416 mundo
768 386 854 427 quod
877 391 947 416 erat
970 386 1097 416 mundi.
1143 387 1184 416 Et
1207 391 1250 425 tu,
1277 387 1305 416 si?
1329 397 1393 417 non
1418 387 1467 416 vis
1494 397 1561 417 esse
1585 386 1747 417 obnoxius

60 452 73 471 5
93 439 208 478 cesari,
240 437 307 468 noli
338 437 451 467 habere
475 448 558 478 quae
586 438 703 468 mundi
727 442 822 476 sunt;
854 437 910 467 sed
933 438 961 467 si
984 437 1081 467 habes
1105 438 1252 478 divitias,
1282 438 1463 468 ohaam-{113³
1488 449 1520 468 es
1544 439 1661 468 cesari.
1708 438 1747 469 Si

91 491 142 521 vis
179 491 285 531 iyitur
322 489 425 519 nichil
462 489 573 519 debere
610 490 683 529 'ressa'
719 493 858 526 terreno,
897 488 1021 519 dimitte
1059 489 1167 519 omnia
1207 494 1234 519 et
1271 500 1401 530 sequere
1443 489 1618 521 Christum.
1665 489 1744 520 Item

91 541 293 582 Augustinus
325 551 421 581 super
445 539 658 570 Iohannemss:
689 540 865 580 Apostolus
891 540 990 571 voluit
1020 541 1138 571 serviri
1162 541 1303 581 remes,
1334 540 1435 571 voluit
1458 540 1615 572 honorari
1644 553 1745 583 reyes,

91 598 120 624 et
142 593 247 624 dimit:
272 592 402 633 ‘Regem
425 592 636 622 reveremini&
682 590 789 621 Nolite
813 592 936 622 dicere:
971 591 1096 627 ‘Qaiclb
1120 591 1201 622 milei
1223 596 1250 622 et
1274 591 1378 632 regii?
1426 591 1513 627 Quid
1536 593 1595 623 tibi
1618 604 1694 634 erqo
1719 598 1746 623 et

89 644 315 686 possessioni?
359 643 421 674 Per
454 645 533 674 iura
567 653 680 684 reyum
716 643 933 683 possidentur
971 644 1209 684 possessz‘011685
1247 654 1312 684 per
1344 645 1554 684 imperatores
1593 649 1619 674 et
1656 656 1746 685 reyes

45 707 72 727 10
91 696 191 727 seculi
219 695 309 726 Deus
338 695 417 726 iura
447 695 595 725 humana
626 694 795 725 distribuit
829 695 943 735 {seueri
977 695 1152 725 humano&
1210 694 1313 735 Igitur
1344 706 1385 725 ex
1415 694 1521 726 verbis
1553 696 1686 726 istorum
1716 700 1745 726 et

91 747 225 778 aliorum
250 752 456 778 sanctorumc
482 752 608 788 patrum
627 745 795 776 consulant
818 746 878 777 sibi
904 746 1048 787 episcopi
1073 745 1204 787 regibus
1228 752 1258 776 et
1282 747 1530 787 imperatoribus
1548 747 1681 776 obnoxii
1705 757 1745 777 ex

91 809 202 830 eorum
227 797 389 839 regalibus
413 799 573 840 acceptis3
603 809 642 829 ne
667 798 799 839 proprio
822 797 943 839 gladio,
973 797 1005 828 id
1029 803 1079 828 est
1109 809 1219 828 eorum
1250 798 1424 836 beneficiis,
1457 809 1511 828 eos
1542 798 1745 828 interficiant.

92 851 125 882 Si
150 851 220 892 quis
245 849 384 891 denique
408 855 558 891 respectu
589 850 691 880 sancti
716 850 856 891 Spiritus
878 854 971 880 vetus
1000 855 1032 880 et
1055 861 1174 880 novum
1205 854 1430 880 testamentum
1461 854 1617 891 gestaque
1647 849 1745 880 revol-

90 903 181 943 verit,
206 906 354 943 patenter
377 902 534 932 inveniet:
560 901 645 943 quod
669 906 726 931 aut
750 901 881 932 minime
905 907 960 932 aut
985 901 1117 932 difficile
1134 906 1270 942 possunt
1287 912 1377 941 reges
1401 905 1433 931 et
1456 902 1668 942 imperatores
1692 912 1745 931 ex-

44 966 70 985 15
91 953 321 985 communicari
352 953 531 984 secundum
564 952 803 994 ethimologiam
835 952 1160 984 nominumrillorum
1192 958 1223 984 et
1252 953 1343 983 iuxta
1366 952 1666 983 determinationem
1692 963 1745 982 ex-

91 1006 401 1037 communicationis.
448 1004 490 1036 Et
511 1004 617 1036 adhuc
646 1005 705 1036 sub
737 1004 843 1036 iudice
867 1004 904 1036 lis
934 1010 990 1036 est.
1036 1005 1225 1035 Ammoneri
1251 1004 1381 1046 quidem
1405 1010 1550 1046 possunt,
1575 1005 1745 1045 increpari,

90 1058 182 1098 argui
207 1068 225 1087 a
248 1057 407 1088 timoratis
432 1061 463 1087 et
485 1056 633 1088 discretis
657 1057 752 1097 viris,
788 1057 864 1098 quia
894 1067 974 1098 quos
999 1056 1147 1088 Christus
1177 1057 1209 1086 in
1233 1056 1327 1087 terris
1357 1067 1415 1086 rex
1444 1067 1555 1097 regum
1587 1056 1656 1086 vice
1688 1066 1745 1086 sua

91 1109 258 1140 constituit
280 1108 506 1151 dampnandos
530 1109 583 1140 etd
607 1108 778 1140 salvandos
800 1119 856 1139 suo
882 1108 999 1140 iudicio
1022 1107 1153 1150 reliquit
1163 1114 1184 1139 ⁰.
1230 1108 1326 1147 Ecce,
1351 1118 1451 1150 quare
1471 1107 1743 1139 excommunicati

90 1171 262 1192 vocamur:
296 1171 333 1192 eo
369 1160 455 1202 quod
487 1166 614 1192 sanctos
649 1166 680 1192 et
710 1160 893 1191 moderatos
928 1166 958 1191 et
989 1161 1138 1202 antiquos
1170 1165 1278 1201 patres
1312 1164 1456 1191 tenemus
1492 1165 1522 1191 et
1556 1170 1613 1201 pro
1648 1170 1744 1200 posse

45 1225 72 1245 20
90 1213 262 1244 imitamur.

195 1264 408 1306 Episcopum,
432 1264 713 1306 archiepiscopum
737 1268 893 1305 nostrum,
918 1263 1147 1306 provincialem
1180 1270 1212 1295 et
1238 1261 1532 1305 conprovincialem
1561 1262 1744 1304 synodumf

90 1328 131 1348 ex
154 1317 287 1358 antiqua
310 1316 482 1347 traditione
506 1322 666 1355 tenemus,
697 1321 728 1346 et
751 1315 907 1359 quicquid
939 1315 982 1347 ibi
1013 1316 1053 1346 de
1084 1317 1253 1357 scripturis
1282 1316 1402 1346 sanctis
1435 1314 1608 1345 diffinitum
1638 1313 1745 1354 fuerit,

92 1368 227 1400 Romam
250 1379 313 1399 non
337 1368 474 1399 refertur
497 1378 600 1409 usque
625 1367 665 1398 ad
689 1369 840 1409 graviora
864 1369 1010 1408 negocia,
1041 1367 1080 1399 de
1104 1368 1221 1410 quibus
1247 1378 1309 1397 non
1332 1367 1495 1397 invenitur
1522 1367 1553 1396 in
1577 1366 1745 1406 scripturis

90 1420 235 1452 sanctiss
257 1420 441 1451 auctoritas.
486 1418 562 1450 Illos
584 1430 660 1450 vero
685 1419 808 1461 legatos
833 1431 851 1450 a
874 1419 974 1450 latere
997 1419 1134 1450 Romani
1158 1420 1304 1461 episcopi
1321 1423 1476 1449 exeuntes
1501 1422 1532 1448 et
1555 1417 1595 1448 ad
1613 1417 1746 1448 ditanda

44 1483 71 1503 25
91 1472 276 1514 marsupiah
300 1472 517 1502 discurrentes
542 1471 673 1502 omnino
696 1471 888 1512 refutamus;
915 1472 999 1502 sicut
1023 1471 1224 1513 temporibus
1242 1471 1378 1510 Zozimi,
1403 1469 1566 1510 Celestini,
1585 1469 1745 1500 Bonifacii

91 1523 226 1556 concilia
249 1523 432 1554 Affricanai
460 1523 691 1565 probaverunt.
737 1523 865 1554 Etenim
892 1544 929 1548 —
955 1528 990 1554 ut
1020 1534 1039 1553 a
1069 1523 1227 1554 fructibus
1259 1533 1370 1553 eorum
1399 1522 1656 1563 cognoscamusk
1689 1531 1743 1551 eos

93 1596 129 1601 -
153 1587 215 1608 non
239 1586 363 1606 morum
381 1575 550 1615 correctio,
575 1585 638 1606 non
662 1575 747 1606 vitae
770 1576 963 1615 emendatio,
988 1575 1044 1606 sed
1067 1575 1142 1606 inde
1159 1575 1325 1606 hominum
1350 1574 1444 1605 cedes
1468 1578 1499 1604 et
1515 1573 1743 1604 aecclesiarum

91 1628 153 1659 Dei
177 1627 372 1669 proveniunt
395 1626 674 1668 depraedationes.
720 1627 805 1666 Quia
828 1628 927 1668 igitur
958 1628 1110 1669 antiquae
1137 1626 1268 1668 regulae
1290 1626 1474 1657 inlieremus
1506 1631 1537 1656 et
1564 1635 1626 1655 non
1657 1625 1743 1654 omni

89 1685 186 1711 vento
209 1679 375 1710 doctrinae
399 1678 665 1720 circumferimur,
690 1689 775 1718 ecce,
800 1679 885 1710 unde
909 1680 1179 1710 excommunicati
1204 1678 1390 1709 vocamur¹.

43 1750 70 1770 so
195 1740 224 1772 8.
269 1740 389 1771 Verum
421 1739 558 1771 domnus
587 1740 787 1771 Pascasiusm
816 1751 873 1771 cur
904 1739 1185 1782 ‘pseudoclericos'
1217 1751 1274 1770 nos
1306 1738 1421 1769 vocat?
1474 1735 1741 1777 Pseudoapostoli

89 1791 314 1823 adulterabant
336 1791 471 1823 verbum
496 1792 591 1830 Dein,
621 1803 703 1833 quos
727 1792 883 1834 dampnat
905 1792 1047 1823 Paulus⁰
1075 1793 1106 1822 in
1131 1790 1276 1833 epistolis
1300 1791 1377 1820 suis.
1422 1788 1511 1820 Nosp
1536 1799 1598 1819 non
1622 1787 1743 1819 adulte-

89 1854 206 1880 ramus,
231 1843 288 1874 sed
310 1843 408 1874 fidem
433 1843 624 1874 catholicam
648 1855 708 1885 per
733 1844 793 1875 Dei
817 1845 955 1886 gratiam
981 1849 1136 1877 tenemus,
1172 1842 1246 1873 fidei
1271 1841 1446 1872 catholicae
1471 1851 1569 1882 opera
1592 1840 1647 1870 in‘l
1671 1839 1741 1870 Deo

90 1896 288 1937 exequimur.
335 1894 491 1936 Regulam
509 1896 696 1927 canonicam
722 1907 761 1928 ex
778 1902 905 1938 patrum
930 1896 1100 1927 traditione
1118 1895 1274 1925 habemus
1291 1899 1321 1924 et
1338 1903 1536 1931 reveremur,
1561 1891 1740 1922 secundum

89 1945 174 1978 illam
198 1948 348 1987 vivimus,
373 1946 600 1986 diiudicamur‚
624 1948 850 1987 satisfacimus,
873 1947 1080 1978 absolvimur.
1125 1945 1277 1977 Consiliis
1301 1956 1412 1985 regum
1436 1951 1490 1975 aut
1514 1944 1740 1984 imperatorum

44 2007 70 2028 ³5
90 2004 145 2029 aut
166 1998 199 2029 in
221 1999 283 2029 isto
306 2004 363 2030 aut
386 1999 417 2029 in
441 1998 495 2029 illo
519 2009 582 2030 non
608 2000 820 2038 intersumus3
845 2000 922 2041 quia
945 2004 1072 2030 nostrae
1088 1998 1271 2039 superiores
1290 2001 1465 2038 potestates
1488 1995 1551 2026 tale
1571 1994 1740 2034 negocium

90 2049 208 2082 habent
237 2051 319 2082 inter
349 2061 474 2090 manus,
505 2051 559 2092 qui
589 2062 630 2081 ex
652 2052 799 2092 vestigiis
829 2058 1069 2081 antecessorum
1102 2049 1277 2091 prudenter
1308 2047 1500 2078 tractabunt.
1548 2047 1634 2077 Cur¹'
1664 2057 1741 2087 ergo

91 2101 226 2133 domnus
250 2102 420 2134 Pascasius
444 2101 522 2142 vult,
547 2108 582 2134 ut
605 2102 810 2133 exsolvamus
834 2102 919 2144 quod
945 2113 1006 2132 non
1032 2099 1222 2142 rapuimus?
1245 2105 1299 2130 utS
1326 2098 1559 2141 pseudoclerici
1578 2108 1740 2138 vocemur,

90 2153 145 2185 ubi
167 2159 289 2185 rectam
313 2153 430 2185 lineam
454 2153 625 2184 tenemus?
670 2155 786 2184 Pocius
818 2153 964 2194 deposito
993 2153 1109 2194 spiritu
1134 2151 1405 2194 praesumptionis
1437 2161 1509 2180 cum
1542 2150 1606 2180 suis
1640 2150 1740 2179 consi<

91 2205 187 2236 liat-iis
211 2205 355 2237 sollerter
385 2204 568 2245 recolligat:
597 2205 758 2247 quomodo
790 2217 808 2235 a
839 2205 932 2236 beato
958 2204 1112 2235 Silvestre
1142 2214 1243 2245 usque
1274 2202 1313 2233 ad
1344 2201 1601 2232 Hildebrandum
1631 2201 1739 2231 sedem

44 2265 72 2285 ⁴⁰
91 2256 266 2288 Romanam
284 2267 388 2299 papae
406 2257 616 2295 obtinuerint,
641 2263 673 2288 et
689 2262 768 2299 quot
790 2262 821 2288 et
838 2262 958 2298 quanta
982 2256 1128 2287 inaudita
1149 2267 1189 2285 cx
1213 2254 1388 2284 ambitione
1411 2253 1496 2284 illius
1520 2252 1605 2283 sedis
1630 2263 1740 2294 perpe-

91 2312 172 2339 trata
196 2309 275 2349 sint3
301 2314 331 2340 et
347 2308 509 2351 quomodo
534 2320 591 2350 per
616 2320 708 2349 reges
732 2314 763 2340 et
786 2310 986 2351 inperator-es
1011 2308 1149 2338 diffinita
1172 2307 1244 2347 sint,
1269 2311 1300 2337 et
1320 2305 1550 2347 pseudopapae
1573 2304 1739 2345 dampnati

202 2441 229 2472 a)
251 2442 381 2466 obnoxius
402 2455 437 2458 —
457 2445 563 2466 terreno
583 2450 632 2466 0771.
655 2442 680 2466 ⁴2.
784 2441 809 2469 b)
832 2449 849 2471 q,
873 2438 910 2465 1¹¹.
1016 2442 1041 2469 c)
1062 2448 1111 2464 om.
1134 2440 1157 2464 ⁶2.
1254 2439 1282 2465 d!
1304 2439 1345 2462 vel
1368 2439 1392 2462 ἱ).
1489 2437 1516 2467 e)
1536 2437 1647 2469 reliquid
1670 2434 1738 2460 1³³¹.

92 2486 111 2517 f)
134 2487 184 2511 siu⁴
204 2488 229 2511 2.
304 2490 333 2519 g)
355 2489 437 2512 sacris
461 2485 500 2512 1¹³.
587 2487 615 2514 li]
637 2488 790 2519 marsuppia
813 2488 848 2510 10.
933 2487 954 2511 i)
974 2486 1056 2510 Afric.
1079 2487 1103 2510 2.
1188 2486 1216 2511 k)
1238 2492 1416 2516 agnoscamus
1438 2486 1462 2508 13.
1540 2484 1559 2510 l)
1582 2484 1694 2507 dicimur
1717 2485 1738 2507 1.

94 2534 130 2562 m)
150 2532 309 2558 Paschasius
333 2535 355 2557 1.
432 2534 462 2559 n‘l
483 2534 591 2557 Domini
616 2534 652 2557 1⁰.
729 2534 757 2563 ο)
778 2533 914 2564 apostolus
937 2529 976 2557 1¹⁷.
1054 2539 1081 2564 pl
1103 2541 1151 2556 om.
1177 2533 1212 2556 1⁶.
1290 2535 1315 2563 q)
1336 2531 1362 2554 in
1385 2531 1442 2555 Deo
1463 2538 1512 2554 om.
1535 2527 1574 2554 ll’.
1642 2534 1666 2555 r)
1688 2530 1740 2553 Cur

45 2579 73 2599 ⁴5
92 2591 127 2595 —
146 2579 254 2610 perhibe
276 2579 308 2604 de
329 2580 398 2604 malo
419 2588 468 2604 om.
493 2581 530 2604 10.
606 2579 631 2608 s)
652 2579 722 2604 dees!
744 2579 767 2603 2.

201 2704 228 2738 l)
261 2705 304 2737 Cf.
328 2705 475 2732 Placidum
500 2706 654 2734 Nonantnl,
680 2714 702 2731 (J.
721 2705 769 2737 81,
799 2705 841 2730 ed.
868 2704 927 2735 Pez,
962 2703 1120 2730 Thesaurus
1151 2703 1174 2735 l,
1200 2711 1229 2736 p,
1249 2703 1275 2734 2,
1306 2703 1357 2728 eol,
1380 2703 1446 2728 125.
1573 2702 1601 2726 2»
1633 2701 1737 2733 latrpox.

95 2763 193 2790 eaassq.
217 2756 311 2782 Lucae
334 2757 389 2788 IX,
413 2760 427 2787 ξ
451 2757 499 2788 35,
527 2755 597 2791 Opp.
622 2758 664 2784 ed.
689 2757 794 2782 Bened.
819 2756 844 2791 I,
868 2756 918 2780 col.
943 2755 1031 2781 1502.
1121 2755 1149 2787 3)
1174 2754 1206 2780 In
1232 2763 1330 2787 eaanq.
1357 2753 1414 2779 Iole.
1439 2756 1552 2778 tractat.
1578 2751 1622 2782 VJ,
1649 2760 1670 2777 c.
1690 2752 1736 2781 2⁴5,

97 2805 166 2840 Upp.
191 2807 234 2834 ed.
258 2808 362 2835 Bened.
388 2808 446 2841 III,
464 2808 491 2840 2,
516 2808 568 2836 col.
587 2808 656 2834 341.
746 2808 774 2841 4)
799 2807 871 2833 [bid.
897 2806 941 2838 Vl,
967 2816 990 2834 a.
1009 2807 1056 2840 25,
1079 2806 1097 2832 l.
1115 2806 1134 2832 l.

1457 2858 1505 2879 58*

1765 860 1849 878 matth.
1858 860 1916 884 9,19.

1766 999 1820 1018 Hor.
1830 999 1857 1017 de
1867 1002 1916 1018 arte

1773 1032 1831 1052 poet.
1842 1035 1862 1049 v.
1873 1029 1906 1048 7s.

1765 1533 1844 1552 Manli.
1852 1533 1872 1555 7,
1883 1534 1908 1551 12}

1763 1798 1912 1821 2.Cor.ll,13.
