2132 3067
388 129 447 158 7)θῆ
912 119 1097 147 RANGERII
1122 117 1291 144 EPISCOPI
1315 114 1497 142 LUCENSlS

646 222 696 243 2000
804 210 955 241 Divinam
981 207 1084 249 plagis
1108 205 1331 248 prodigiisque
1353 204 1456 234 novis.

722 263 870 303 Denique
895 258 980 301 quod
1005 257 1104 289 semel
1129 262 1177 288 est
1199 256 1340 288 oblatum
1365 265 1428 285 non
1452 254 1528 285 licet
1550 253 1633 285 ultra

802 312 921 351 Quaeri
946 309 997 341 vel
1021 319 1182 352 quaquam
1207 307 1390 338 conditione
1414 306 1526 347 premi.

719 365 753 395 Si
778 373 876 405 pecus
899 369 948 393 est
970 360 1020 391 vel
1046 360 1151 400 homo,
1179 358 1239 390 sub
1263 358 1409 390 libertate
1433 367 1561 388 manere

804 413 918 450 Debet,
943 413 1011 442 sive
1035 411 1150 442 domus
1172 418 1227 441 aut
1250 420 1328 450 ager
1349 414 1405 440 aut
1427 407 1526 439 aliud.

642 476 694 498 905
719 467 774 497 Sin
798 464 887 503 alias,
911 475 972 495 non
997 469 1046 494 est
1069 461 1188 493 oblatio
1212 461 1429 502 gratuitumve

803 516 931 555 Munus,
955 519 1130 546 mercatum
1155 513 1289 543 forsitan
1314 521 1384 542 esse
1407 515 1522 552 potest,

720 568 856 608 Quando
880 578 983 609 pauca
1006 567 1130 603 damus,
1155 569 1190 594 ut
1213 563 1352 605 plurima
1376 562 1605 604 suscipiamus;

805 618 899 658 Quod
923 618 1000 648 facit
1023 627 1064 647 ex
1088 616 1196 646 animo
1220 625 1347 656 semper
1369 624 1487 644 avarus
1510 613 1615 645 homo.

721 671 790 702 Hoc
816 671 859 700 ita
883 670 944 699 iam
970 669 1095 710 priscae
1118 666 1256 697 docuere
1279 665 1479 703 traditiones,

645 730 696 753 910
804 720 874 751 Hoc
899 718 1120 761 euangelicum
1145 717 1251 749 lumen
1275 716 1393 748 habere
1417 721 1514 758 patet.

250 775 366 827 ¹2¹¹lg=ffl⁶s
721 774 802 803 Cum
828 772 921 803 Iosue
945 777 1061 802 terram
1087 768 1206 812 populo
1230 768 1351 808 divisit,
1375 772 1408 798 et
1431 778 1542 798 omnes

263 818 282 827 ”
335 819 338 822 ”
805 823 854 854 Ex
879 833 961 864 equo
986 827 1092 864 partes
1117 821 1214 851 iussit
1237 819 1354 850 habere
1377 819 1491 858 tribus,

303 895 308 912 ι
327 894 366 912 w
721 876 799 907 Levi
824 874 1033 916 progeniema
1056 873 1158 904 vetuit
1179 871 1241 902 sibi
1265 882 1391 902 sumere
1414 875 1549 913 partem,

806 926 878 965 Quo
903 926 1004 967 magis
1028 924 1112 955 illius
1136 933 1210 964 pars
1233 923 1317 953 foret
1338 923 1407 964 ipse
1430 922 1531 954 Deus.

645 986 697 1009 915
722 978 784 1009 Sed
809 984 914 1008 tamen
939 982 969 1008 et
992 975 1112 1018 populo
1136 974 1302 1016 praecepit
1324 978 1356 1005 et
1377 974 1600 1006 annumeravit

806 1029 921 1069 Urbes,
945 1039 1024 1070 quas
1049 1027 1189 1058 Domino
1213 1035 1346 1067 prorsus
1370 1024 1491 1056 habere
1513 1025 1613 1058 daret.

221 1098 369 1117 summm.
724 1081 759 1111 In
784 1081 901 1122 quibus
925 1079 1002 1110 ordo
1026 1089 1158 1110 manens
1182 1077 1340 1116 leviticus,
1363 1082 1395 1108 et
1417 1075 1614 1108 decimarum

807 1132 917 1162 Partes
941 1131 1104 1172 accipiens
1129 1129 1209 1161 liber
1231 1135 1262 1160 et
1285 1130 1407 1170 absque
1430 1128 1507 1170 iugo

724 1183 853 1214 Viveret
876 1188 906 1214 et
931 1182 1072 1213 Domino
1097 1181 1155 1212 soli
1181 1181 1326 1219 serviret,
1350 1185 1381 1211 et
1403 1185 1489 1210 esset

647 1242 699 1264 9:20
808 1234 952 1265 Intentus
976 1233 1084 1271 sacris,
1109 1238 1142 1264 ut
1165 1233 1276 1264 docuit
1300 1232 1438 1273 Moyses

726 1285 765 1316 Et
788 1286 863 1327 quia
886 1296 944 1327 pro
968 1284 1101 1315 decimis
1125 1283 1219 1316 datus
1243 1289 1291 1315 est
1312 1290 1343 1314 et
1366 1282 1595 1320 sanctificatus,

809 1336 881 1378 Ipse
906 1337 1072 1378 primicias
1096 1336 1221 1367 tolleret
1243 1342 1276 1367 et
1298 1335 1452 1366 decimas.

725 1389 843 1430 Sicque
867 1387 1068 1419 sacerdotum
1093 1399 1256 1426 numerus,
1279 1387 1333 1429 qui
1358 1386 1520 1428 praesidet
1542 1385 1603 1417 illis

809 1439 849 1471 Et
871 1439 991 1480 gradus
1014 1445 1063 1470 est
1086 1440 1187 1471 maior
1210 1444 1241 1470 et
1264 1439 1390 1480 potiora
1412 1437 1498 1469 facit.

649 1498 701 1521 ⁴³25
729 1491 810 1521 Ecce
834 1496 926 1521 vetus
950 1491 1046 1521 ratio:
1071 1491 1134 1521 iam
1159 1490 1271 1522 saltem
1296 1490 1516 1530 confiteantur,

811 1542 914 1583 Reges
939 1543 1000 1572 iam
1026 1542 1165 1582 doleant,
1188 1542 1250 1572 ium
1276 1541 1389 1572 melius
1412 1541 1556 1573 videant.

729 1593 808 1624 Cum
834 1594 965 1624 Domini
990 1593 1130 1635 populus
1154 1604 1194 1624 ex
1219 1593 1366 1624 libertate
1390 1594 1525 1634 vigeret,

809 1644 889 1675 Cum
914 1644 974 1676 sub
998 1645 1161 1676 iudicibus
1185 1644 1317 1686 degeret
1339 1650 1371 1676 et
1393 1644 1540 1684 ducibus,

727 1696 864 1735 Quando
888 1697 1087 1728 sacerdotem
1113 1696 1211 1727 iudex
1236 1695 1276 1727 ad
1300 1695 1384 1727 bella
1409 1697 1525 1738 coegit.

651 1755 703 1777 930
810 1748 877 1779 Aut
900 1749 931 1778 in
954 1747 1067 1779 levitas
1091 1749 1178 1780 iussa
1201 1748 1347 1779 minasve
1371 1747 1482 1778 dedit?

730 1799 770 1830 Ut
794 1810 869 1830 vero
894 1799 1056 1837 Samuhel,
1080 1799 1179 1831 sterili
1205 1799 1244 1831 de
1269 1805 1370 1830 matre
1394 1804 1532 1838 creatus,

813 1850 962 1882 Solamen
989 1851 1127 1882 lacrimis
1151 1851 1367 1893 oprobrioque
1390 1850 1495 1889 datus,

234 1919 237 1934 1
261 1918 304 1936 iu..
329 1918 365 1934 ,ψη
732 1902 757 1931 Α
783 1901 900 1943 populo
925 1914 1031 1943 regem
1057 1914 1129 1933 cum
1154 1902 1312 1934 seditione
1335 1908 1466 1944 rogatus

815 1953 933 1995 Regem
959 1955 1125 1985 constituit
1147 1959 1178 1986 et
1201 1953 1261 1985 sibi
1286 1953 1458 1993 consuluit,

656 2012 706 2033 ἐκεῖ,
734 2004 798 2034 Rex
823 2016 925 2035 novus
949 2005 988 2036 ad
1016 2005 1176 2036 modicum
1202 2005 1317 2048 puerili
1341 2004 1547 2047 simplicitate

818 2056 912 2096 Usus,
936 2056 1011 2087 dum
1038 2058 1153 2098 timuit,
1178 2057 1300 2099 absque
1323 2056 1432 2088 labore
1455 2057 1526 2088 fuit.

732 2106 804 2136 Mox
830 2108 992 2149 insperata
1015 2108 1054 2139 de
1078 2110 1292 2151 prosperitate
1315 2108 1450 2148 levatus,

816 2161 886 2197 Quo
911 2160 1005 2190 nimis
1029 2160 1190 2200 intumuit,
1215 2161 1246 2191 in
1271 2159 1354 2191 mala
1378 2160 1471 2202 plura
1495 2161 1567 2199 ruit,

733 2209 915 2241 ‹''0nt‹›mnit
940 2210 1091 2242 Samuhel
1115 2217 1145 2242 ct
1168 2222 1239 2242 cum
1266 2211 1438 2243 samuhele
1461 2211 1636 2243 iubentem.

657 2267 708 2288 uu»
818 2260 946 2292 lussus¹¹
971 2263 1054 2293 euim
1080 2274 1188 2303 regem
1213 2263 1348 2304 perdere
1371 2275 1429 2295 nec
1454 2264 1562 2305 pecori

734 2311 876 2345 Parem—o.
902 2324 962 2343 nou
987 2314 1077 2345 fecit:
1102 2315 1168 2355 regi
1192 2315 1366 2357 pecorique
1390 2315 1546 2357 pepercit,

818 2363 857 2393 lit
881 2364 1008 2405 quaudo
1033 2365 1184 2397 Samuhel
1209 2367 1305 2403 veuit,
1328 2372 1363 2397 ut
1386 2373 1544 2407 argueret,

736 2413 909 2453 lit-spondit
933 2415 1010 2446 (lure
1035 2441 1040 2446 .
1067 2441 1072 2447 .
1098 2423 1119 2447 .⁰
1144 2418 1344 2459 nimiumque
1368 2417 1507 2459 superbe

820 2465 856 2495 lit
883 2477 943 2496 uon
970 2468 1114 2507 penituit,
1138 2468 1192 2498 sed
1218 2469 1322 2509 magis
1346 2470 1507 2500 intumuit.

660 2522 710 2542 ’.νιῑι
738 2515 870 2545 lusislins
896 2518 995 2548 tondit
1020 2518 1181 2550 ¹&unuheli
1208 2519 1325 2558 David,
1351 2527 1385 2552 ut
1409 2526 1540 2552 unctum

818 2570 992 2609 tunulum-it,
1017 2576 1049 2600 ut
1075 2571 1220 2611 perimat,
1244 2572 1393 2603 sublevat
1416 2573 1446 2603 in
1471 2583 1636 2614 generum.

740 2617 775 2646 1-:1
802 2619 894 2649 modo
920 2627 1096 2660 cenantem,
1123 2622 1216 2653 modo
1242 2634 1316 2654 vero
1340 2635 1456 2665 sopore
1480 2623 1630 2661 solutum,

820 2671 946 2707 (Ὶψὶίιιῐ
972 2673 1140 2712 opi-imore.
1164 2674 1239 2704 ‹lum
1264 2675 1339 2715 fuga
1364 2675 1458 2706 solvit
1481 2687 1564 2706 eum.

278 2714 370 2761 MJQ,
741 2718 899 2760 Ιῑειιιιμιιηῐ
926 2728 953 2751 vt
981 2723 1145 2754 .›x1·im‹·l‹·c
1170 2736 1242 2755 cum
1269 2732 1332 2756 tota
1357 2726 1446 2767 prole
1469 2726 1633 2758 trucidans

236 2321 240 2336 l
262 2319 283 2336 liu
327 2321 371 2339 =!.=.·

513 2830 526 2843 n
561 2823 702 2852 maiouim,
725 2832 735 2843 ι’
822 2825 848 2846 ln
871 2825 963 2848 mmm
987 2839 1005 2849 ι.
1082 2835 1107 2851 cl
1130 2828 1232 2852 vrrhatm
1255 2830 1324 2854 ders!
1345 2832 1369 2854 in
1392 2841 1411 2856 c,
