2132 3067
592 155 707 182 LIBER
730 156 780 182 DE
803 155 961 184 HONORE
984 155 1199 183 ECCLESIAE.
1657 149 1716 180 607

75 258 106 278 se
127 257 198 277 cum
223 244 510 287 Symone‘fuisse
525 244 732 286 dampnatos,
755 246 841 276 sicut
862 246 925 276 ait:
953 245 1111 276 ‘Pecunia
1134 245 1212 284 tua',
1242 245 1360 285 inquit,
1389 247 1499 275 ‘tecum
1524 244 1565 274 sit
1587 244 1623 274 in
1643 253 1718 284 per-

75 297 209 336 ditione,
239 298 318 339 quia
350 297 471 326 donum
499 297 608 327 sancti
630 296 776 337 Spiritus
805 301 833 327 te
864 296 1054 327 credidistib
1081 297 1234 337 pecuniis
1265 294 1477 337 comparare'.
1523 295 1563 325 Et
1592 295 1718 335 lepram

75 359 146 380 cum
170 348 234 378 Iezi
263 359 283 378 a
306 352 419 379 sancto
443 349 623 388 suscepisse
643 353 696 378 sec
727 348 864 379 credant
886 347 1013 378 Heliseo
1045 350 1102 388 qui
1124 348 1266 389 gradum
1289 347 1519 378 sacerdotalem
1553 357 1585 376 se
1607 347 1717 377 existi-

75 404 163 430 mant
183 400 337 441 pecuniis
361 409 561 439 comparare.
609 397 744 438 Quibus,
775 410 847 430 cum
876 400 941 429 ista
971 399 1163 437 dixerimus,
1194 398 1346 439 sufficere
1377 399 1485 429 debuit
1513 409 1607 429 suam
1638 408 1718 428 com-

43 462 55 481 ⁵
73 451 229 492 parando
259 449 382 492 lepram
408 450 588 491 possidere.
631 450 720 480 Nam
751 451 835 481 sicut
862 449 1080 481 validioribus
1115 450 1234 480 morbis
1265 451 1372 491 capite
1407 451 1521 481 vitiato
1558 448 1719 490 reliquum

75 513 198 534 necesse
221 506 265 533 est
287 512 408 542 corpus
430 501 650 532 inundatione
673 502 856 542 superioris
877 501 981 532 morbi
1002 500 1140 542 letaliter
1162 502 1316 542 irriyari,
1347 503 1395 532 ita
1418 506 1445 531 et
1469 501 1524 531 hid
1547 501 1604 542 qui
1621 505 1720 541 caput

75 553 228 584 videntur
248 553 420 584 aecclesiae
443 563 509 583 esse
538 552 646 583 morbo
666 553 823 593 pestifero
836 552 1031 592 fraternum
1054 553 1173 583 vitiant
1200 563 1330 593 corpus,
1361 557 1395 583 ut
1422 552 1524 584 nichil
1554 563 1592 583 ex
1622 553 1720 582 totius

76 606 223 647 corporis
245 615 400 645 compaqe
422 604 666 635 insaucz'atume
687 605 790 646 possit
813 604 958 643 evadere,
981 604 1068 645 quod
1087 604 1321 645 neyleyentium
1336 604 1346 624 s
1369 604 1575 635 sacerdotum
1600 604 1720 634 vitiosi-

74 657 151 688 tatis
174 656 304 687 mortale
327 655 501 697 infecerit&
522 656 625 692 virus,
648 656 697 686 ita
720 660 755 686 ut
777 655 891 686 videas
914 657 948 686 in
973 655 1131 686 aecclesia
1152 656 1301 696 passimh
1325 667 1403 697 quos
1428 667 1492 686 non
1515 655 1642 694 merita,
1664 655 1720 686 sed

30 719 56 738 ιο
73 709 235 750 pecuniae
263 707 307 739 ad
336 708 543 748 episcopatus
574 706 721 737 ordinem
743 708 965 747 processerint.
1010 707 1181 748 Nuyacem
1206 706 1370 747 populum
1401 712 1429 738 et
1460 707 1635 746 indoctum,
1664 708 1720 747 qui

75 760 170 791 talem
192 759 256 791 sibi
278 758 506 790 adsciverunti
532 757 740 798 sacerdotem,
765 769 841 799 quos
865 759 894 789 si
915 758 1150 799 percunctarik
1180 758 1256 789 velis
1273 758 1427 798 fideliter,
1457 759 1530 799 quis
1554 769 1604 788 eos
1626 769 1720 797 prae-

66 811 205 852 fecerit¹
229 810 422 850 sacerdotes,
445 809 644 850 respondent
666 820 741 840 moze
765 814 792 840 et
815 810 939 841 dicent:
970 809 1030 841 ‘Ab
1055 810 1302 851 archiepiscopo
1326 821 1396 840 sum
1420 821 1526 851 nuper
1549 810 1720 850 episcopus

75 863 262 901 ordinatus,
292 867 481 903 centumque
514 862 544 893 ei
581 861 703 892 solidos
733 861 819 901 dedi,
854 866 889 891 ut
925 861 1139 902 episcopalem
1168 863 1313 902 ¹qratiam
1343 863 1496 902 consequi
1526 862 1720 892 meruissem.

80 913 195 950 Quo-3¹¹¹
219 915 248 945 si
270 914 402 945 minime
425 913 593 952 dedissem,
618 913 713 944 hodie
736 914 910 954 episcopus
933 924 997 944 non
1021 923 1128 943 essem.
1179 912 1271 944 Unde
1292 912 1407 943 melius
1431 917 1475 943 est
1497 913 1579 943 mihi
1603 924 1721 943 aurum

31 976 57 995 ιε»
78 965 116 997 de
138 965 274 996 saccello
296 965 456 1004 invehere,
479 975 578 1006 quam
600 969 728 996 tantum
751 965 967 996 sacerdotium
990 964 1134 1005 perdere.
1180 964 1309 994 Aurum
1334 963 1420 1003 dedi,
1449 969 1476 993 et
1499 965 1721 1004 episcopatum

79 1018 282 1059 comparavi.
329 1016 417 1053 Quos
438 1021 546 1047 tamen
570 1016 691 1047 solidos
714 1017 744 1047 si
767 1017 849 1056 vivo,
880 1020 1071 1056 recepturus
1102 1015 1190 1046 illico
1215 1026 1281 1046 non
1306 1015 1433 1056 diffido.
1484 1015 1609 1046 Ordino
1631 1027 1721 1055 pres-

78 1070 209 1110 byteros,
233 1079 384 1100 consecro
408 1068 597 1108 diaconesn,
620 1073 648 1098 et
672 1069 822 1109 accipio⁰
846 1079 976 1099 aurum..
1021 1067 1110 1098 Nam
1134 1071 1182 1096 etP
1199 1067 1237 1098 de
1254 1066 1331 1098 aliis
1348 1067 1580 1097 nichilominus
1596 1067 1721 1097 ordini-

79 1121 137 1153 bus
157 1121 319 1163 pecuniae
342 1125 485 1162 questum
504 1119 687 1161 p2·0fli9a7·e
710 1120 848 1160 confido.
893 1119 975 1150 Ecce
999 1124 1026 1150 et
1051 1130 1180 1156 aurum,
1212 1119 1298 1160 quod
1325 1119 1410 1158 dedi,
1442 1119 1478 1149 in
1501 1130 1567 1149 meo
1589 1119 1722 1149 saccello

76 1174 195 1214 recepi,
216 1177 245 1203 et
267 1173 490 1214 episcopatum
512 1173 619 1213 qratis
641 1171 774 1212 accepi'.
820 1171 942 1212 Nempe
966 1171 1023 1202 hoc
1048 1175 1091 1201 est
1115 1170 1202 1212 quod
1225 1170 1325 1209 doleo,
1350 1172 1430 1212 quia
1453 1171 1723 1211 archiepiscopus

31 1233 57 1253 20
77 1224 258 1256 carnaliter
280 1225 467 1265 episcopum
482 1223 578 1264 fecit.
620 1223 710 1254 Nam
730 1228 868 1264 propter
886 1223 1051 1264 pecunias
1080 1221 1318 1264 spiritualiterq
1341 1222 1504 1262 leprosum
1536 1222 1723 1252 ordinavit:

77 1276 254 1316 ‘Pecunia’,
282 1276 403 1316 inquit,
429 1277 498 1306 ‘tua
520 1280 623 1306 tecum
646 1276 688 1306 sit
710 1276 745 1306 in
766 1275 970 1317 perditione’,
1000 1275 1080 1316 quia
1104 1274 1245 1304 donump
1268 1274 1376 1304 sancti
1400 1273 1548 1314 Spiritus
1571 1274 1723 1314 97·atiae¹'

76 1329 181 1370 pretio
205 1327 405 1370 comparasti
428 1332 456 1358 et
478 1328 696 1358 commertium
719 1326 904 1358 miserabile
925 1327 962 1357 in
979 1327 1168 1357 animaru-m
1187 1326 1323 1356 exitium
1343 1326 1513 1366 pereyisti.
1558 1325 1599 1355 Et
1624 1325 1725 1355 nescii

78 1381 221 1411 homines
246 1384 273 1409 et
296 1379 421 1410 indocti
442 1380 479 1410 in
504 1378 772 1410 ordinationibus
795 1390 904 1409 eorum
929 1378 1074 1409 clamant
1097 1382 1125 1408 et
1148 1377 1282 1408 dicunt:
1311 1376 1457 1417 ‘Diynus
1489 1388 1529 1415 es,
1560 1381 1588 1406 et
1619 1377 1725 1406 iustus

78 1432 137 1470 es';
168 1436 197 1462 et
219 1431 419 1462 conscientia
442 1432 583 1462 misera:
615 1430 794 1472 ‘Indiqnus
817 1442 860 1470 es,
888 1434 916 1460 et
938 1430 1084 1461 iniustus
1107 1428 1157 1467 es⁷,
1189 1429 1279 1459 dicit.
1324 1428 1530 1459 Pronunciat
1552 1429 1725 1468 episcopus

31 1492 58 1511 25
79 1483 267 1514 huiusmodi
297 1482 341 1513 ad
368 1482 529 1524 populum
560 1483 691 1513 dicens:
723 1482 807 1512 ‘Pam
830 1481 939 1513 vobis⁷.
990 1481 1101 1512 Oculis
1130 1481 1259 1522 quidem
1283 1480 1485 1511 carnaliterS
1510 1480 1640 1510 videtur
1662 1480 1725 1520 epi-

77 1546 196 1576 scopus
225 1545 376 1576 magnus,
407 1538 435 1565 et
458 1534 583 1565 divinis
606 1534 789 1565 obtutibus‘
812 1534 994 1574 inspicitur
1015 1533 1165 1574 leprosus
1187 1543 1338 1573 maynus.
1383 1531 1446 1562 Per
1465 1532 1640 1572 pecuniam
1667 1531 1723 1561 acl-

79 1587 236 1628 quisivitu
269 1586 447 1617 indebitum
481 1586 646 1625 ordinem,
684 1590 711 1616 et
746 1585 837 1626 apud
871 1585 977 1616 Deum
1007 1583 1158 1626 perdidit
1194 1584 1380 1614 interiorem
1416 1584 1583 1614 hominem.
1641 1582 1725 1614 Caro

78 1639 220 1680 suscepit
248 1637 454 1679 diynitatem,
484 1642 511 1668 et
541 1638 655 1668 anima
683 1637 832 1678 perdidit
863 1637 1069 1668 honestatem.
1118 1635 1202 1667 Caro
1234 1635 1359 1666 ancilla
1391 1634 1657 1675 dominavfactu
1681 1639 1725 1663 est

79 1690 224 1729 animae,
260 1694 288 1720 et
317 1690 447 1729 anima,
484 1700 567 1730 quae
598 1694 669 1719 erat
699 1689 850 1728 domina,
881 1688 981 1729 facta
1010 1692 1054 1719 est
1076 1687 1212 1727 famula
1243 1688 1364 1717 carnis.
1419 1686 1503 1717 Caro
1534 1687 1724 1716 dominatur

31 1751 58 1770 ³⁰
75 1741 222 1783 populis,
245 1745 274 1771 et
296 1741 410 1771 anima
433 1742 531 1772 servit
552 1741 692 1772 demoni.
739 1741 845 1773 Carni
867 1739 1085 1771 sacerdotium
1109 1739 1323 1779 comparavit,
1346 1742 1374 1768 et
1398 1739 1530 1768 animae
1553 1738 1721 1768 detrimen-

77 1798 144 1824 tum
164 1793 310 1834 paravit.
351 1792 389 1822 Et
411 1792 493 1834 quid
512 1793 647 1834 prodest
671 1792 889 1824 huiusmodiw
907 1791 1042 1829 homini,
1066 1792 1096 1822 si
1118 1795 1218 1821 totum
1242 1790 1400 1820 mundum
1423 1788 1577 1829 lucretur,
1601 1794 1628 1819 et
1650 1791 1721 1820 ani-

78 1856 149 1876 mae
179 1855 259 1875 suae
290 1844 514 1875 detrimentum
543 1844 719 1885 patiatur?
764 1844 831 1875 Aut
860 1855 958 1885 quam
988 1843 1078 1874 dabit
1103 1842 1193 1872 homo
1217 1842 1498 1872 commutationem
1517 1852 1582 1881 pro
1607 1842 1720 1871 anima

78 1895 163 1928 sua?2
210 1895 304 1932 Quod
332 1895 432 1934 dedit,
462 1907 532 1926 cum
561 1896 774 1927 ordinaretur
796 1896 981 1936 episcopus,
1012 1906 1131 1925 aurum
1145 1894 1230 1934 fuit,
1261 1898 1288 1924 et
1312 1893 1397 1934 quod
1418 1892 1577 1933 perdidit,
1609 1894 1721 1923 anima

68 1947 153 1989 fuit.
208 1947 286 1979 Cum
315 1947 485 1978 ordinaret
516 1947 629 1987 alium,
661 1948 746 1989 quod
777 1948 902 1988 accepit
929 1947 1074 1987 pecunia
1096 1945 1181 1986 fuit,
1219 1949 1245 1975 et
1274 1945 1360 1986 quod
1397 1944 1485 1975 dedit
1524 1943 1616 1985 lepra
1637 1943 1722 1985 fuit.

31 2010 58 2030 ³5
80 1999 170 2031 Haec
199 2004 275 2030 sunt
305 1999 519 2030 mercimonia
554 2000 744 2041 iniquorum
779 2000 815 2029 in
844 1999 986 2040 pernitie
1019 2009 1139 2028 eorum.
1192 1996 1359 2037 Interrogo
1389 2000 1496 2026 tamen
1518 1995 1663 2036 fratrem
1696 2001 1722 2027 et

78 2052 301 2092 coepiscopum
330 2055 493 2090 nom-um,-
522 2052 602 2093 quia
625 2056 653 2082 et
675 2062 732 2092 eqo
756 2052 928 2092 episcopus
955 2061 1036 2089 sum,
1065 2054 1093 2079 et
1117 2059 1188 2079 cum
1212 2048 1364 2088 episcopo
1386 2046 1517 2088 loquor:
1548 2047 1622 2077 ‘Dic
1647 2058 1722 2088 erqo

77 2103 159 2134 mihi
180 2103 362 2144 paulisper,
383 2101 499 2142 frater
522 2104 682 2143 episcope,
707 2113 777 2132 cum
802 2103 898 2133 dares
920 2102 1104 2143 pecuniam,
1133 2100 1212 2141 quid
1236 2098 1426 2139 accepistit'
1471 2097 1636 2129 ‘Gratiam
1658 2101 1723 2139 epi-

79 2155 240 2195 scopalem
271 2154 408 2195 accepi'.
461 2153 552 2195 Ergo
582 2155 749 2194 interrogo
778 2158 805 2184 te
835 2153 912 2184 hoc:
943 2152 1077 2183 ‘Gratia
1109 2163 1168 2182 cur
1197 2151 1256 2182 tali
1286 2149 1440 2181 vocabulo
1471 2149 1723 2190 nuncuputur‘ss’

80 2206 310 2253 Ifespondesx:
333 2203 414 2236 ‘Cur
428 2205 597 2247 inquiris?
637 2205 676 2236 Ut
698 2216 782 2245 reor,
801 2216 864 2246 pro
888 2216 922 2236 eo
944 2205 1031 2246 quod
1047 2204 1156 2245 gyratis
1180 2203 1310 2241 datm-Y,
1334 2202 1408 2232 ideo
1430 2202 1544 2242 qratia
1566 2203 1723 2232 vocatur'.

31 2269 59 2288 4ο
80 2257 180 2299 Ενρο,
203 2258 232 2288 si
253 2257 366 2298 qratia
389 2258 497 2299 qratis
521 2257 642 2288 daturY
665 2262 693 2288 et
717 2268 802 2287 auro
825 2268 890 2288 non
915 2257 1118 2295 aestimatur,
1151 2266 1171 2285 a
1195 2260 1222 2285 te
1245 2265 1305 2284 cur
1327 2254 1443 2293 ‚qratia
1462 2254 1617 2293 pecuniis
1640 2265 1722 2284 com-

79 2311 249 2350 paratur?
291 2308 524 2349 Respondes¹.·
554 2309 662 2348 ‘Non',
692 2309 815 2349 inquis,
845 2308 937 2339 ‘mihi
967 2308 1114 2345 daretur,
1145 2307 1174 2336 si
1192 2306 1347 2347 pecuniis
1370 2316 1437 2335 non
1461 2310 1634 2343 emeretur;
1666 2316 1723 2336 nec

80 2361 254 2402 episcopus
268 2360 412 2400 fuissem
430 2360 614 2400 ordinatus,
637 2361 667 2391 si
685 2361 863 2401 pecuniam
886 2371 951 2391 non
976 2359 1153 2390 dedissem'.
1199 2357 1288 2398 Eryo
1311 2361 1344 2387 ut
1369 2360 1506 2397 apparet
1528 2367 1568 2386 esc
1590 2367 1721 2398 respon-

79 2412 226 2444 sionibus
248 2413 326 2452 cuis,
355 2413 510 2454 qratiam,
540 2424 612 2443 cum
636 2412 841 2442 ordinareris
851 2417 874 2450 Ζ,
904 2422 970 2442 non
994 2411 1178 2450 suscepisti,
1209 2410 1289 2450 quia
1311 2409 1458 2450 97·atuito
1482 2419 1550 2439 eam
1574 2419 1641 2438 non
1664 2420 1724 2439 me-

191 2550 219 2582 a)
243 2550 301 2575 sim.
321 2547 400 2575 32¹³.
511 2550 540 2582 b)
566 2559 632 2575 corr.
655 2558 686 2574 ea:
706 2550 813 2574 credisti
834 2550 909 2574 82³.
1023 2549 1047 2577 c)
1072 2556 1100 2571 se
1128 2547 1202 2576 add„
1226 2546 1272 2571 sed
1291 2546 1343 2571 del.
1363 2545 1442 2575 BQ
1469 2554 1496 2570 se
1522 2555 1626 2578 suscep.
1648 2544 1724 2571 132¹).

33 2599 60 2619 45
81 2595 108 2628 d)
130 2596 166 2621 hii
186 2595 212 2620 B
225 2597 248 2621 1.
306 2595 332 2628 e)
352 2597 524 2621 insautiatum
545 2596 570 2620 B
583 2598 607 2621 1.
664 2596 684 2627 f)
707 2596 900 2628 negligentium
917 2595 940 2618 R
952 2595 975 2619 2.
1036 2593 1066 2625 g)
1087 2593 1179 2617 infecit
1193 2592 1254 2617 132.
1311 2592 1338 2623 h)
1361 2592 1513 2617 sacerdotes
1534 2593 1598 2617 add.
1619 2591 1724 2621 Ambr.;

81 2641 151 2667 deest
171 2642 249 2667 etiam
269 2642 343 2674 apud
362 2643 461 2667 Humb.
530 2644 550 2673 i)
571 2643 653 2668 aseiv.
674 2642 736 2667 Be.
817 2643 845 2672 k)
869 2641 1019 2673 percontari
1039 2639 1114 2664 B‘lst.
1195 2639 1214 2670 l)
1235 2639 1377 2671 perfecerit
1398 2638 1422 2662 B
1437 2641 1458 2662 1.
1475 2635 1516 2663 2¹).
1588 2640 1624 2665 m]
1646 2639 1723 2669 Quod

81 2686 157 2714 321².
233 2688 263 2720 n)
284 2688 321 2713 ita
341 2689 367 2713 B
381 2691 403 2713 l.
425 2688 537 2717 HumIm
560 2689 688 2713 diaconos
708 2688 770 2713 ΒΞ.
838 2689 865 2716 ο)
886 2695 940 2711 aur.
962 2694 1016 2710 acc.
1039 2685 1102 2716 BQ
1122 2690 1151 2709 ut
1171 2693 1255 2717 supra
1276 2685 1299 2709 Β
1312 2686 1336 2710 1.
1356 2684 1455 2709 Humb.
1521 2685 1549 2717 p)
1572 2685 1642 2709 dees!
1663 2685 1722 2708 ΒΖ.

82 2734 107 2767 q)
130 2735 283 2767 specialiter
306 2735 382 2759 codd.
465 2735 490 2767 r)
514 2735 627 2767 gratiam
652 2734 712 2759 ΒΞ.
798 2735 821 2764 s)
848 2733 999 2758 carnalibus
1024 2731 1122 2756 Humb.
1207 2732 1228 2763 t)
1253 2734 1307 2764 opt.
1329 2730 1404 2756 132⁸.
1489 2731 1519 2762 u)
1539 2731 1639 2763 aequis.
1663 2730 1722 2754 Be.

81 2780 110 2813 v)
131 2781 240 2806 domina
257 2783 315 2813 post
336 2784 376 2805 est
395 2780 454 2805 ΒΞ,
566 2781 602 2809 w)
623 2780 752 2805 eiusmodi
773 2780 797 2804 B
810 2777 849 2803 2¹».
970 2778 999 2807 x)
1019 2779 1050 2802 R.
1070 2778 1169 2802 Humb.
1296 2778 1323 2810 y)
1344 2778 1440 2802 dicitur
1461 2775 1537 2802 8⁸2¹).
1649 2778 1675 2800 z)
1696 2785 1722 2799 re

35 2831 62 2851 50
81 2835 211 2859 super-scr.
232 2827 308 2852 132².

0 2837 2 2900 s
19 2896 21 2899 ,

0 2902 2 2990 J

1739 254 1786 272 Act.
1796 253 1816 275 S,
1825 254 1858 272 20.

1744 1285 1774 1304 ib*
1786 1284 1848 1308 3,20.

1741 1784 1895 1833 Manhkfiflm.
