2132 3067
65 454 77 473 5

51 710 78 730 10

51 968 78 988 15

50 1226 77 1245 20

49 1483 77 1504 25

48 1742 77 1761 ³0

51 1999 78 2019 ³5

51 2255 80 2275 4⁰

591 145 745 172 CONTRA
768 145 945 172 DECRETA
968 145 1141 173 TURBANI
1165 145 1245 172 VIII.
1679 143 1741 173 413

100 236 257 278 quatinus
286 235 371 265 iram
402 245 501 276 super
528 245 578 265 eos
602 235 666 265 Dei
690 235 920 275 omnipotentis
938 233 1082 275 placent.
1127 234 1370 266 Innocentius¹:
1402 236 1569 267 Arrianos
1597 240 1740 277 preterea

99 291 301 327 caeterosque
331 285 519 316 huiusmodi
545 291 660 327 pestes,
692 287 772 327 quia
795 296 904 316 eorum
927 285 1030 316 laicos
1055 297 1225 317 conversos
1249 287 1294 318 ad
1316 287 1495 318 Dominum
1518 287 1574 318 sub
1598 289 1742 329 imagine

94 338 316 379 poenitentiae
348 349 386 368 ac
416 338 523 368 sancti
549 337 699 378 Spiritus
730 337 999 378 sanctificatione
1026 349 1088 378 per
1116 349 1236 369 manus
1268 338 1502 379 impositionem
1532 340 1742 381 suscipimus,

98 400 162 421 non
186 389 315 420 videtur
344 388 474 419 clericos
503 399 610 419 eorum
634 399 705 419 cum
727 388 909 419 sacerdocii
932 393 989 418 aut
1012 390 1188 420 ministerii
1210 390 1398 430 cuiuspiam
1422 391 1607 432 susciperea
1631 391 1742 432 (ἶίῃηί-

97 445 170 472 tate.
218 439 343 475 Quibus
374 439 476 470 solum
505 440 670 480 baptisma
699 444 804 470 ratum
829 451 895 470 esse
914 441 1144 480 permittimus,
1177 440 1264 482 quod
1286 442 1397 483 utique
1422 442 1456 472 in
1480 443 1609 473 nomine
1633 442 1743 473 Patris

98 496 126 523 et
148 491 228 522 Filii
250 496 277 522 et
301 490 450 532 Spiritus
472 491 581 521 sancti
601 490 790 531 pewficitur,
822 503 877 522 nec
901 489 1064 532 Spiritum
1090 496 1237 522 sanctum
1261 503 1312 523 eos
1337 492 1452 524 habere
1478 504 1518 524 ecc
1540 493 1596 524 illo
1619 494 1741 535 baptis-

97 547 180 574 mate
208 541 336 584 illisque
366 542 579 573 ministeriisb
602 542 813 580 arbitramur,
845 543 1012 584 quoniam,
1043 554 1115 573 cum
1139 554 1159 573 α
1183 543 1343 574 catholica
1361 545 1439 584 fide
1462 556 1571 575 eorum
1597 550 1743 576 auctores

97 595 319 633 desciscerent,
347 593 578 635 perfectionem
600 595 749 634 spiritus,
773 605 870 635 quam
894 599 1097 635 acceperant,
1122 595 1311 625 amiserunt.
1355 595 1423 627 Nec
1447 596 1527 626 dare
1551 597 1617 627 eisc
1639 596 1743 637 pleni-

98 646 242 677 tudinem
262 650 413 687 possunt,
437 656 521 686 quae
543 646 684 676 maocime
708 648 743 676 in
768 645 1036 676 ordinationibus
1060 651 1226 686 operatur,
1258 658 1355 688 quam
1377 658 1437 688 per
1462 648 1639 689 impietatis
1663 659 1743 679 suae

95 697 279 740 perfidiam
297 697 418 739 pocius
441 708 538 738 quam
553 696 674 738 fidem,
698 697 850 736 discerim,
868 696 1097 737 perdiderunt.
1154 696 1219 733 Qui
1233 698 1321 738 fieri
1339 703 1453 738 potest,
1478 703 1511 729 ut
1535 710 1642 730 eorum
1664 711 1741 740 pro—

88 750 197 791 fanos
226 749 407 780 sacerdotes
435 749 555 790 diynos
580 747 702 780 Christi
732 747 907 779 honoribus
939 747 1145 786 arbitremur,
1176 760 1311 790 quorum
1339 749 1440 780 laicos
1466 751 1678 792 imperfectos,
1710 755 1743 782 ut

98 801 181 839 disci,
205 800 250 830 ad
274 799 424 841 Spiritus
447 800 553 831 sancti
582 800 727 841 qratiam
755 800 1005 841 percipiendam
1029 811 1099 830 cum
1120 801 1341 841 poenitentiae
1372 802 1515 843 imayine
1545 803 1742 844 recipimus?

96 852 298 894 Augustinus
322 852 352 882 in
377 851 459 882 libro
484 850 523 882 de
547 851 642 881 unico
665 850 881 892 baptismod·2
905 851 944 882 de
970 850 1028 890 his,
1060 851 1113 892 qui
1145 850 1231 882 illius
1260 852 1374 882 aetatis
1405 858 1488 891 sunt,
1519 859 1553 884 ut
1581 855 1613 884 in
1637 855 1742 885 animo

97 903 194 934 fidem
218 908 250 934 et
271 914 383 945 pacem
408 902 598 934 catholicam
623 908 695 934 ante
719 903 880 945 baptisma
903 902 1057 934 habeant:
1083 902 1122 934 Si
1144 914 1234 945 quem
1248 902 1341 944 forte
1365 906 1500 946 coegerit
1524 910 1666 936 emti-ema
1690 917 1742 936 ne-

98 956 243 995 cessitas,
266 955 323 986 ubi
346 955 551 995 catholicum,
573 966 634 996 per
657 966 747 996 quem
773 955 926 997 accz'piat,
951 965 1015 985 non
1039 955 1200 985 invenerit
1223 960 1260 995 et,
1286 956 1319 985 in
1345 956 1456 986 animo
1474 967 1560 997 pace
1584 957 1744 988 catholica

97 1007 269 1045 custodita,
289 1018 352 1048 per
375 1007 514 1048 aliquem
539 1012 632 1037 eoetra
656 1007 813 1038 unitatem
837 1005 1028 1037 catholicam
1048 1007 1194 1046 positum
1213 1008 1383 1047 acceperit,
1407 1008 1493 1049 quod
1516 1013 1585 1038 erat
1610 1010 1643 1039 in
1669 1010 1744 1049 ipsa

98 1059 259 1090 catholica
289 1059 415 1090 unitate
447 1063 657 1099 accepturus,
688 1059 718 1089 si
741 1059 849 1089 statim
873 1059 969 1089 etiam
999 1058 1038 1088 de
1062 1058 1123 1088 hac
1147 1059 1214 1089 vita
1240 1059 1447 1100 migraverit,
1478 1071 1543 1090 non
1575 1071 1644 1091 eum
1678 1061 1745 1091 nisi

97 1110 293 1141 catholicum
316 1110 522 1151 deputamus.
567 1109 608 1141 Si
631 1115 736 1141 autem
750 1109 863 1150 fuerit
887 1121 907 1139 a
931 1109 1098 1150 corporali
1122 1115 1218 1140 morte
1242 1109 1408 1149 liberatus,
1440 1123 1511 1141 cum
1534 1122 1566 1142 se
1591 1112 1745 1144 catholice

97 1162 348 1204 conyreyationi
370 1162 467 1193 etiam
487 1162 660 1202 presentia
684 1161 853 1203 corporali
872 1161 1064 1200 reddiderit,
1089 1173 1109 1191 a
1133 1173 1198 1202 qua
1222 1173 1400 1203 numquam
1423 1163 1518 1193 corde
1542 1163 1745 1203 discesserat,

96 1224 161 1244 non
185 1213 286 1244 sotum
310 1224 375 1244 non
399 1213 631 1254 improbamus,
658 1213 744 1255 quod
758 1212 853 1253 fecit,
880 1213 936 1243 sed
959 1213 1053 1244 etiam
1080 1213 1283 1244 securissime
1306 1215 1533 1256 verissimeque
1556 1214 1744 1256 laudamus,

97 1265 176 1306 quia
194 1269 376 1306 presentem
393 1265 497 1296 Deum
514 1265 690 1296 crediderit
706 1265 798 1296 cordi
813 1275 882 1304 suo,
906 1264 961 1295 ubi
978 1266 1136 1295 unitatem
1153 1265 1314 1305 servabat,
1338 1270 1364 1296 et
1381 1267 1452 1296 sine
1468 1268 1576 1297 sancti
1590 1267 1745 1308 baptismi

97 1321 309 1357 sacramento,
333 1316 428 1358 quod,
452 1317 643 1358 ubicumque
666 1317 801 1354 invenit,
831 1327 896 1347 non
921 1316 1097 1356 hominum,
1121 1317 1176 1347 sed
1199 1316 1283 1347 Deie
1308 1319 1469 1358 cossnovit,
1493 1317 1597 1348 noluit
1621 1329 1659 1349 ea:
1682 1319 1743 1350 hac

95 1368 164 1399 vita
179 1369 334 1409 miqrare,
380 1367 420 1399 Si
435 1369 508 1410 quis
525 1373 642 1408 autem,
665 1379 737 1399 cum
756 1369 864 1409 possit
886 1368 921 1398 in
940 1369 1015 1408 ipsa
1031 1368 1192 1399 catholica
1209 1369 1366 1409 accipere,
1385 1380 1446 1409 per
1463 1369 1607 1411 aliquam
1628 1372 1744 1401 mentis

93 1420 336 1461 perversitatem
359 1420 454 1462 eleqit
478 1421 511 1451 in
528 1421 678 1451 scismate
694 1420 868 1462 baptizari,
891 1420 987 1450 etiam
1010 1420 1039 1450 si
1058 1425 1173 1461 postea
1198 1421 1305 1451 venire
1330 1421 1374 1450 ad
1397 1420 1589 1452 catholicam
1613 1422 1744 1462 cossitat,

97 1472 178 1513 quia
200 1476 306 1502 certus
328 1475 374 1502 est
403 1472 450 1502 ibi
473 1471 632 1512 prodesse
661 1475 913 1510 sacramentum,
944 1471 1031 1513 quod
1061 1470 1142 1502 alibi
1166 1473 1277 1513 accipi
1301 1472 1427 1513 quidem
1448 1477 1562 1513 potest,
1589 1473 1744 1514 prodesse

98 1527 203 1554 autem
235 1534 302 1553 non
328 1527 444 1563 potest,
471 1523 590 1564 procul
615 1523 712 1554 dubio
738 1533 913 1564 perversus
936 1531 961 1554 et
984 1524 1121 1565 iniquus
1145 1528 1190 1554 est
1213 1528 1240 1554 et
1263 1528 1352 1554 tanto
1373 1525 1591 1565 pernitiosius
1621 1530 1743 1567 quanto

96 1575 260 1606 scientius.
304 1573 348 1604 Et
370 1574 490 1605 infrass:
514 1574 572 1605 Illi
591 1586 676 1613 vero,
700 1575 758 1616 qui
776 1586 836 1616 per
853 1576 1077 1616 ignorantiam
1100 1575 1146 1606 ibi
1166 1575 1390 1616 baptizantur,
1414 1576 1614 1607 arbitrantes
1637 1577 1744 1618 ipsam

97 1637 162 1657 esse
193 1625 383 1657 aecclesiam
415 1625 551 1666 Christi,
582 1627 616 1657 in
647 1628 781 1658 istorum
813 1627 941 1668 quidem
971 1628 1217 1667 comparatione
1247 1629 1355 1658 minus
1381 1632 1534 1668 peccant,
1564 1628 1742 1670 sacrilessio

96 1682 202 1709 tamen
233 1678 396 1709 scismatis
426 1678 655 1718 vulnerantur,
686 1689 751 1709 non
781 1678 854 1709 ideo
884 1689 948 1709 non
978 1679 1134 1720 yraviter,
1164 1679 1242 1720 quia
1268 1679 1331 1709 alii
1353 1680 1502 1720 yravius.
1551 1679 1628 1711 Cum
1658 1681 1742 1711 enim

97 1729 219 1760 dictum
242 1733 287 1760 est
310 1729 524 1771 quibusdam:
548 1729 776 1761 ‘Tolerabilius
799 1731 860 1760 erit
883 1729 1035 1761 Sodomis
1061 1731 1095 1760 in
1120 1730 1172 1761 die
1196 1731 1311 1761 iuditii
1334 1742 1431 1772 quam
1456 1731 1562 1770 vobis',
1586 1742 1649 1762 non
1673 1732 1743 1762 ideo

97 1780 218 1812 dictum
234 1785 290 1821 est,
313 1781 392 1822 quia
408 1780 594 1812 Sodomitae
610 1793 676 1813 non
693 1781 940 1823 torquebuntur,
964 1782 1020 1812 sed
1045 1783 1123 1823 quia
1146 1781 1195 1813 illi
1210 1783 1351 1823 gravius
1367 1783 1610 1823 torquebuntur,
1634 1794 1743 1824 quam-

98 1843 196 1873 quam
208 1831 329 1873 fuerat
352 1832 410 1864 hoc
424 1832 572 1872 fortasse
589 1833 747 1864 occultum
765 1833 948 1874 aliquando
972 1838 1000 1864 et
1024 1834 1192 1864 incertum.
1237 1832 1279 1864 Et
1302 1832 1420 1864 infra⁴:
1443 1833 1558 1875 Itaque
1583 1834 1641 1872 illi,
1665 1846 1743 1875 quos

96 1882 275 1924 baptizant,
297 1888 443 1915 sanant&
466 1883 598 1915 vulnere
620 1884 798 1916 idolatriae
814 1884 863 1916 vel
879 1885 1101 1925 infidelitatis,
1125 1885 1181 1915 sed
1203 1886 1343 1924 ssmvius
1356 1885 1490 1926 feriunt
1514 1885 1646 1916 vulnere
1668 1886 1744 1916 scis-

96 1934 225 1966 mati-ss.
271 1935 436 1966 Idolatras
467 1937 551 1967 enim
582 1937 618 1967 in
646 1936 771 1977 populo
801 1936 866 1967 Dei
894 1936 1030 1978 yladius
1062 1937 1236 1974 interemit,
1268 1937 1470 1967 scismaticos
1500 1941 1605 1968 autem
1636 1942 1743 1968 terrae

97 1986 209 2017 hiatus
233 1986 434 2018 absorbuith.

202 2038 231 2070 6.
277 2038 474 2070 Turbanus⁵
498 2050 610 2070 servus
633 2050 797 2070 servorum
821 2038 887 2069 Dei
904 2038 1146 2077 (Hebeharclov
1166 2038 1409 2070 Constantiensi
1431 2040 1583 2080 episcopo
1607 2039 1741 2071 salutem

98 2094 126 2121 et
149 2090 363 2131 apostolicam
386 2090 647 2122 benedictionem.
696 2089 784 2126 Quia
807 2094 834 2121 te
858 2090 1021 2132 specialek
1041 2094 1114 2131 post
1137 2090 1243 2121 Deum
1268 2102 1425 2122 manuum
1450 2096 1637 2122 nostrarum
1661 2103 1742 2132 opus

99 2152 163 2172 esse
181 2142 421 2183 perpendimus
445 2146 478 2172 et<
495 2143 576 2183 quia
599 2142 772 2182 specialem
798 2142 831 2172 in
855 2146 883 2172 te
905 2142 1079 2184 reliqionis
1101 2143 1247 2183 qratiam
1271 2153 1336 2173 esse
1357 2143 1594 2184 cognoscimus,
1619 2143 1743 2174 idcirco

98 2197 126 2223 te
155 2193 344 2234 specialiter
374 2193 536 2224 adiuvare
564 2195 692 2235 tuisque
723 2193 967 2224 necessitatibus
997 2193 1184 2234 specialiter
1211 2194 1382 2225 subvenire
1407 2193 1552 2225 Domino
1580 2200 1744 2226 annuente

98 2245 291 2286 sataqimus.
331 2243 522 2280 Questiones
538 2249 654 2283 autem,
679 2255 762 2286 quas
785 2245 852 2276 tuis
874 2244 992 2276 litteris
1015 2244 1216 2286 significasti
1237 2246 1353 2276 vestris
1375 2246 1411 2276 in
1431 2245 1582 2287 partibus
1606 2246 1744 2288 agitari,

101 2295 192 2337 apud
214 2306 274 2327 nos
297 2307 421 2338 quoque
444 2297 527 2327 satis
541 2296 737 2338 frequenter
761 2297 889 2327 noveris
909 2297 1106 2327 commoveri.
1144 2297 1317 2327 Fratrum¹
1344 2298 1484 2338 itaqnem
1509 2299 1744 2329 communicato

100 2347 236 2379 consilio
259 2347 380 2390 diuque
403 2348 771 2379 eoecommum‘cationisn
795 2348 958 2390 questione
980 2352 1133 2387 tractata,
1156 2349 1266 2379 sancti
1285 2348 1527 2390 predecessoris
1546 2350 1651 2380 nostri
1668 2349 1744 2380 Gre-

100 2399 189 2440 9orii
211 2400 403 2430 sententiam
426 2399 664 2439 confirmantes,
688 2400 736 2430 ita
759 2410 830 2430 eam
854 2399 993 2431 Domino
1019 2399 1205 2440 inspirante
1229 2400 1534 2432 determinavimus:
1565 2401 1674 2432 Primo
1698 2402 1740 2432 si-

210 2485 236 2517 a)
258 2485 296 2510 ita
318 2486 342 2511 1.
363 2486 395 2515 2‚·
415 2487 515 2518 suscipi
535 2486 632 2510 debere
651 2485 676 2510 J.
753 2485 779 2515 b)
802 2484 840 2510 ita
863 2487 886 2511 1.
908 2486 940 2514 ἒς
961 2486 1084 2510 misteriis
1105 2486 1129 2510 J.
1206 2487 1230 2512 c)
1252 2486 1290 2511 ita
1313 2489 1336 2511 1.
1358 2487 1389 2516 ‘2‚·
1410 2488 1466 2512 eius
1485 2486 1510 2512 J.
1588 2488 1617 2519 d)
1637 2488 1662 2513 b.
1683 2496 1742 2520 par-

100 2530 221 2556 vulorum
241 2532 266 2557 2.
361 2532 385 2563 e)
409 2539 466 2556 esse
487 2532 552 2557 add.
571 2531 604 2556 A.
699 2531 718 2563 f)
741 2532 898 2556 scismaticis
921 2533 943 2555 l.
1046 2535 1074 2564 g)
1095 2540 1110 2556 a
1131 2532 1194 2557 adul.
1216 2532 1249 2557 A.
1351 2533 1380 2564 h)
1402 2534 1538 2558 obsorbuit
1558 2538 1609 2559 cte.
1630 2533 1694 2558 add.
1716 2535 1741 2558 ⁶2.

100 2576 122 2608 i)
143 2576 294 2602 Guichardo
314 2576 352 2602 M.
428 2578 456 2609 k)
479 2579 630 2611 specialiter
650 2578 674 2602 2.
751 2578 769 2609 l)
792 2578 813 2602 1.
834 2578 865 2602 fr.
887 2578 912 2604 2.
988 2582 1026 2607 m)
1047 2582 1196 2603 nostrorum
1217 2579 1282 2603 add.
1303 2578 1340 2603 M.
1409 2587 1436 2610 n)
1461 2580 1497 2604 ita
1518 2580 1542 2604 2.
1564 2579 1617 2609 JI.;
1638 2588 1742 2605 excom-

101 2623 242 2648 munientis
263 2625 287 2650 1.

210 2704 237 2737 1)
260 2703 353 2738 Epist.
378 2704 426 2731 24.
453 2704 490 2730 ad
513 2704 706 2730 Alexandrum
731 2713 754 2730 c.
778 2704 805 2736 3,
830 2706 843 2735 ξ
868 2705 895 2737 4,
920 2703 1127 2731 Schoenemann
1146 2713 1176 2738 p.
1201 2705 1270 2732 604.
1295 2706 1372 2739 605;
1407 2705 1443 2739 cs.
1468 2706 1567 2732 Libell.
1591 2706 1615 2738 I,
1635 2715 1667 2740 p.
1692 2706 1740 2731 50.

104 2752 133 2788 2)
156 2753 202 2780 De
224 2755 360 2789 baptismo
382 2758 479 2782 contra
503 2756 671 2782 Donatistas
694 2755 718 2787 I,
743 2764 766 2783 c.
786 2756 812 2788 9,
837 2758 850 2786 ἓ
875 2755 902 2788 3,
930 2754 1023 2789 Opera
1046 2755 1100 2789 IX,
1125 2757 1176 2783 col.
1195 2756 1243 2784 81.
1332 2757 1362 2790 3)
1385 2757 1457 2783 Ibid.
1482 2758 1505 2789 I,
1530 2767 1552 2783 c.
1575 2758 1601 2789 5,
1625 2759 1639 2787 ἐ
1664 2757 1690 2782 6.
1715 2757 1739 2788 ἲ,

55 2812 84 2832 ⁵0
103 2804 154 2831 σοι.
173 2804 222 2832 83.
288 2805 318 2839 4)
340 2806 415 2832 nid.
432 2807 456 2840 J,
480 2816 502 2833 c.
519 2807 547 2839 8,
572 2809 586 2839 ς
612 2807 659 2840 10,
684 2807 735 2835 σοι.
753 2807 801 2833 85.
821 2807 869 2832 se.
943 2807 972 2841 5)
997 2806 1041 2840 cs.
1065 2807 1163 2834 Mami
1187 2808 1255 2841 XX,
1279 2809 1330 2834 coi.
1350 2808 1419 2835 666.
1439 2809 1516 2842 667,·
1542 2808 1620 2841 Jaffe
1644 2807 1742 2840 5393,-

103 2855 141 2889 οἱ.
163 2865 250 2890 supra
269 2866 299 2890 p.
319 2857 492 2884 109—111.

1763 1742 1915 1766 11azm.11,‘.>2.

1763 2053 1827 2072 1059.
