2132 3067
527 152 579 178 DE
601 151 771 179 UNITATE
793 153 1002 183 ECCLESIAE
1025 157 1316 188 CONSERVANDA.
1681 159 1739 191 179

205 238 296 275 Quae
327 251 399 271 cum
426 241 473 271 ita
501 241 578 279 sint,
609 245 717 272 tamen
746 243 776 272 si
798 243 875 274 inde
899 244 1106 286 efficeremus,
1134 249 1321 290 episcopum
1352 250 1552 282 IValramum
1575 251 1738 282 Numbur-

97 303 224 335 yensem
247 292 435 333 apologiam
460 292 641 332 scripsisse,
660 293 811 334 profecto
833 299 946 326 temere
969 296 1005 327 id
1028 297 1258 338 coZl'iyeremus.
1297 300 1363 332 Sed
1380 301 1537 332 accedunt
1561 302 1739 334 nonnullae

99 354 226 382 causae,
257 342 375 384 quibus
407 342 533 374 adduci
559 354 745 384 possumus,
776 349 812 376 ut
847 346 1046 378 Walramum
1075 348 1264 390 (zpoloyiam
1294 353 1463 393 scripsisse
1488 358 1649 394 putemus.
1701 353 1740 385 Si

100 395 254 434 volumus,
276 393 368 425 illum
392 394 589 425 monachum
612 395 885 437 Hersfeldensem,
908 399 965 440 qui
986 400 1118 441 scripsit
1140 400 1228 432 hunc
1249 402 1377 444 librum,
1401 403 1598 436 Walramum
1617 405 1739 445 fuisse,

66 455 79 475 ε
99 456 222 477 necesse
244 450 289 476 est
311 449 505 485 statuarum,
533 457 605 476 eum
627 447 823 488 imperatori
845 449 1005 481 Heinrico
1031 451 1099 482 iam
1126 457 1299 493 antequam
1322 455 1492 495 episcopus
1512 456 1609 495 fieret
1631 461 1739 487 notum

90 497 210 540 fuisse.
247 496 448 538 Hartviyum
472 496 565 528 illum
589 498 719 538 quidem
743 499 887 530 abbatem
903 500 1162 541 Hersfeldensem
1184 515 1255 534 cum
1278 506 1468 545 imperatore
1491 508 1637 538 amicitia
1661 519 1739 548 qua-

99 549 174 580 dam
201 549 348 579 iunctum
366 548 489 589 fuisse,
520 549 590 579 sine
613 548 682 580 ulla
707 550 908 582 dubitatione
936 553 1212 593 confirmaverim;
1243 566 1344 596 neque
1367 568 1440 588 vero
1462 558 1561 589 solum
1587 558 1740 597 abbatem,

99 600 154 631 sed
177 599 341 641 plurimos
370 600 606 631 monachorum
636 600 730 632 illius
760 603 905 634 coenobii
934 604 1127 645 imperatori
1157 611 1214 636 aut
1244 607 1355 638 saltem
1387 610 1522 650 coniugi
1551 611 1620 640 eius
1650 614 1740 641 notos

91 652 212 692 fuisse,
240 651 319 682 inde
349 655 499 693 apparet,
530 652 616 692 quod
639 652 848 684 Lambertus¹
883 660 1012 695 narrat,
1041 655 1198 687 Bertlzam
1228 659 1378 699 reyinam
1406 660 1517 700 pridie
1546 661 1624 691 Idus
1649 661 1738 695 Febr.

53 712 80 733 1⁰
100 703 183 735 anni
207 702 297 736 1074.
319 703 356 733 in
378 702 530 734 coenobio
553 703 781 745 Her-sfeldensi
793 705 906 744 filium
923 708 1112 747 peperisse;
1135 719 1226 749 quem
1250 709 1449 750 baptizatum
1471 723 1538 742 esse
1561 711 1599 742 ab
1616 712 1740 743 Ezzone

99 755 351 796 Altenburqensi
372 755 525 796 episcopo
549 759 578 785 et
601 755 640 786 ab
665 755 779 787 abbate
802 761 830 786 et
851 756 929 788 aliis
952 757 1120 799 plerisque
1140 759 1310 799 fratribus
1334 761 1576 801 Hersfeldensis
1599 763 1741 794 coenobii

99 807 137 838 de
159 817 252 837 sacro
266 806 364 847 fonte
387 811 569 848 susceptum
592 817 668 839 esse.
712 807 751 838 In
777 819 839 850 quo
863 820 996 840 numero
1019 814 1114 840 etiam
1137 812 1326 852 scriptorem
1349 811 1426 843 libri
1449 815 1553 844 nostri
1571 814 1684 854 fuisse
1706 819 1741 845 ut

98 862 258 899 putemus,
282 857 482 889 adducimur
498 868 544 897 eo,
567 859 655 899 quod
672 864 808 900 praeter
823 864 942 890 ceteros
959 861 1103 902 quadam
1120 864 1315 893 auctoritate
1329 863 1484 904 floruisse
1499 865 1636 896 videtur.
1674 865 1740 896 Nec

99 910 226 941 mirum.
273 907 339 945 Qui
360 910 446 940 enim
469 913 564 940 tanta
589 911 658 941 acie
681 915 708 940 et
732 911 893 942 celeritate
915 912 1046 953 ingenii
1068 924 1199 944 causam
1224 914 1430 954 imperatoris
1455 917 1535 956 ayit,
1564 918 1620 957 qui
1640 922 1741 947 mente

53 971 79 991 ιε
100 961 208 993 omnia
229 960 305 1000 fere
334 961 461 1002 scripta
487 966 625 1003 patrum
655 961 946 994 ecclesiasticorum
977 964 1233 1005 comprehendit,
1267 967 1361 996 cuius
1392 967 1501 997 animo
1532 967 1743 998 obversantur

99 1013 208 1045 omnia
227 1023 337 1043 eorum
360 1013 468 1053 verba,
492 1024 573 1054 quae
597 1013 642 1044 ad
665 1025 730 1045 rem
748 1014 902 1045 Heinrici
923 1014 1163 1055 defendendam
1183 1017 1359 1057 pertinent,
1383 1028 1452 1047 eum
1469 1018 1553 1048 inter
1568 1018 1742 1049 monachos

99 1063 190 1096 illius
219 1064 367 1095 coenobii
390 1065 578 1106 principem
608 1064 711 1096 locum
742 1066 894 1105 tenuisse,
925 1077 1033 1096 nonne
1063 1071 1206 1098 naturae
1236 1073 1487 1099 consentaneum
1517 1068 1583 1099 est?
1637 1068 1741 1104 Quam

99 1121 243 1148 nostram
259 1116 449 1147 sententiam
466 1116 572 1147 verbis
589 1117 765 1158 apoloyiae
781 1118 888 1158 ipsius
905 1117 1094 1157 confirmari
1112 1118 1266 1159 videmus,
1283 1131 1353 1150 cum
1370 1119 1516 1161 legamus
1534 1119 1597 1159 (II,
1612 1120 1660 1151 16.
1673 1121 1742 1160 31),

99 1180 169 1199 eum
191 1179 262 1199 cum
292 1166 370 1198 aliis
401 1167 446 1198 ad
469 1168 711 1199 Herimannum
741 1180 847 1210 reyem
877 1169 1010 1200 missum
1040 1180 1116 1208 esse,
1146 1175 1180 1200 ut
1210 1171 1240 1201 ei
1269 1171 1483 1212 supplicaret,
1513 1182 1552 1202 ne
1583 1173 1743 1202 eoeercitus

52 1229 80 1249 20
101 1219 270 1251 Santonum
293 1218 478 1250 coenobium
503 1219 695 1251 devastaret.

203 1272 274 1302 Iam
298 1282 370 1302 vero
395 1270 440 1301 ad
464 1270 603 1302 alteram
626 1283 762 1302 causam
786 1270 1018 1312 eoeplicandam
1040 1277 1257 1304 transeamus.
1302 1273 1421 1304 Notum
1445 1278 1499 1313 est,
1527 1273 1583 1304 ‘illo
1606 1278 1743 1315 tempore

100 1334 171 1354 cum
193 1322 379 1364 Hartviqus
402 1322 671 1364 archiepiscopus
694 1323 990 1365 Bffaydeburyensis
1014 1335 1084 1355 cum
1104 1325 1308 1355 Herimanno
1331 1329 1358 1354 et
1383 1325 1558 1355 Euo-cardo
1580 1326 1743 1366 episcopis

101 1374 145 1406 ad
168 1374 285 1406 Danos
298 1374 481 1416 fugissent,
504 1374 540 1404 in
565 1373 669 1405 locum
693 1373 824 1415 depulsi
848 1375 886 1406 ab
909 1375 1106 1415 imperatore
1134 1376 1162 1407 3.
1186 1376 1267 1407 Idus
1292 1376 1397 1406 Iulias
1420 1377 1503 1406 anni
1529 1376 1618 1407 1085.
1642 1376 1741 1407 Hart-

100 1427 219 1468 viyum,
241 1427 299 1468 qui
321 1437 422 1467 usque
446 1426 491 1456 ad
514 1425 598 1456 illud
620 1430 744 1468 tempus
766 1425 915 1458 abbatiae
932 1427 1076 1458 coenobii
1091 1427 1334 1468 Hersfeldeusis
1346 1428 1555 1469 praefuerat,
1579 1427 1743 1468 suffectum,

53 1486 80 1506 25
99 1488 173 1509 esse.
212 1477 291 1509 Cum
314 1482 421 1508 autem
445 1489 532 1508 anno
558 1477 649 1517 1088,
673 1483 798 1509 mortuo
815 1478 991 1508 Burcardo
1014 1479 1165 1520 episcopo
1182 1477 1463 1518 Halberstadensi,
1489 1479 1669 1520 Hartviqus
1692 1480 1744 1510 ille

93 1529 236 1571 fugatus
258 1530 295 1560 in
318 1530 464 1571 qratiam
488 1530 698 1570 imperatoris
720 1529 880 1569 rediisset,
906 1529 1090 1571 Hartviqus
1107 1529 1349 1570 Hersfeldensis
1364 1531 1401 1561 ab
1418 1531 1614 1571 imperatore
1635 1532 1744 1561 iussus

99 1585 144 1612 est
165 1581 357 1622 episcopatu
380 1592 413 1611 se
437 1580 602 1611 abdicare.
641 1580 755 1622 Itaque
778 1581 854 1612 kuic
878 1581 963 1612 nilzil
987 1582 1083 1612 aliud
1104 1582 1261 1624 reliquum
1280 1586 1360 1620 erat,
1383 1583 1450 1613 nisi
1470 1586 1505 1612 ut
1522 1582 1741 1622 Hersfeldiam

99 1632 228 1663 rediret.
272 1631 315 1663 At
345 1637 472 1674 quanta
503 1633 539 1662 in
569 1643 607 1662 ea
636 1643 671 1663 re
699 1637 769 1663 erat
797 1633 980 1663 acerbitas!
1026 1632 1191 1669 Quantam
1216 1633 1292 1664 inde
1315 1634 1350 1664 in
1374 1634 1600 1674 imperatorem
1624 1633 1743 1664 redun-

100 1683 196 1715 dasse
218 1684 383 1715 invidiam
402 1685 526 1725 putas!
570 1683 639 1715 Nec
662 1685 792 1724 mirum,
823 1684 911 1726 quod
941 1695 1006 1714 non
1038 1684 1091 1715 ille
1113 1684 1211 1724 solus,
1242 1685 1298 1715 sed
1322 1686 1431 1715 cuncti
1453 1685 1569 1726 quibus
1589 1689 1743 1724 praeerat

51 1747 82 1766 so
99 1735 252 1767 monachi
272 1736 504 1767 irascebantur
527 1736 730 1776 imperatori,
754 1736 876 1777 quippe
899 1737 956 1778 qui
978 1741 1043 1766 tam
1063 1736 1175 1767 leviter
1190 1736 1389 1766 decretorum
1406 1736 1538 1766 concilii
1553 1735 1745 1776 flloyunstni

101 1786 205 1826 (Maii
227 1798 259 1817 a.
277 1786 376 1827 1085)
400 1786 516 1818 oblitus
539 1792 628 1818 esset.
680 1787 785 1828 Atque
808 1799 880 1818 vero
904 1788 1001 1818 etiam
1024 1788 1252 1828 imperatorem
1281 1788 1461 1818 meminisse
1487 1788 1683 1828 putaverim,
1712 1799 1744 1818 se

99 1837 182 1870 male
196 1838 341 1880 qratiam
357 1838 505 1870 retulisse
523 1838 686 1880 Hartviyo
708 1850 770 1880 pro
792 1840 922 1880 magnis
944 1840 1015 1870 eius
1041 1840 1074 1869 in
1100 1839 1206 1879 ipsum
1229 1839 1353 1869 meritis
1376 1843 1403 1868 et
1427 1839 1573 1869 iniurias
1597 1838 1743 1868 attulisse

101 1890 248 1921 omnibus
270 1888 338 1922 illis
361 1890 546 1920 bominibus
569 1891 633 1921 sibi
655 1890 810 1930 addictis,
834 1891 891 1932 qui
912 1895 984 1931 post
1007 1890 1167 1932 synodum
1194 1890 1425 1930 Moyunttnam
1449 1889 1596 1919 omnibus
1620 1889 1744 1920 viribus

101 1941 344 1982 contenderant,
374 1946 410 1972 ut
441 1942 554 1972 unitas
579 1941 847 1972 aduersariorum
872 1942 1025 1972 Heinrici
1046 1941 1285 1972 rescinderetur
1308 1941 1375 1980 (De
1403 1941 1484 1971 unit.
1508 1941 1580 1971 eccl.
1604 1940 1648 1979 II,
1674 1939 1742 1979 28).

53 2004 82 2024 ss
101 1991 202 2034 Atqui
223 1993 323 2024 huius
345 1994 494 2025 iniuriae
517 1994 710 2025 sarciendae
732 1994 928 2033 imperatori
939 1992 1041 2034 sacta
1065 2004 1130 2023 esse
1150 1997 1292 2033 potestas
1307 1992 1378 2022 vivo
1396 1992 1558 2032 IIartviyo
1575 2002 1641 2021 non
1658 1991 1742 2021 vide-

101 2047 163 2075 tur.
211 2042 285 2079 Qua
312 2055 348 2075 re
375 2056 447 2075 cum
476 2046 658 2086 imperator
687 2050 820 2076 eaeeunte
852 2055 942 2075 anno
972 2044 1062 2075 1090.
1087 2044 1204 2074 certior
1222 2043 1341 2083 factus
1370 2047 1459 2082 esset,
1488 2047 1646 2073 mortuum
1677 2053 1742 2072 esse

104 2094 299 2137 Hartviqum
323 2096 478 2136 abbatem,
502 2097 532 2127 ei
554 2097 591 2128 in
614 2101 746 2127 mentem
770 2096 828 2127 hoc
852 2096 976 2127 venisse
997 2095 1223 2134 contenderim,
1247 2105 1314 2125 sese
1332 2098 1453 2124 mortuo
1472 2093 1521 2124 illi
1537 2093 1740 2135 cdz'quantum

102 2145 222 2188 debere,
244 2146 308 2179 sibi
330 2158 386 2178 eas
409 2148 559 2179 iniurias
582 2148 813 2178 resarciendas
829 2158 906 2187 esse,
929 2158 1013 2188 quas
1029 2147 1161 2188 ingrato
1178 2146 1288 2177 animo
1306 2145 1472 2176 monachis
1489 2144 1580 2175 itlius
1596 2144 1742 2176 coenobii

102 2198 272 2231 intulisset.
321 2198 427 2235 Quam
441 2199 551 2239 facile
568 2199 674 2240 igitur
688 2198 768 2238 fieri
781 2199 902 2240 potuit,
918 2203 964 2238 ut,
981 2210 1042 2240 quo
1064 2198 1166 2229 noluit
1183 2197 1386 2228 Fridericum
1405 2195 1609 2227 Gosecensem
1624 2197 1742 2237 junqi,

53 2261 82 2280 ω
101 2249 321 2291 episcopatum
337 2250 600 2292 Numburqensis
616 2251 767 2282 ecclesiae
782 2251 923 2281 traderet
939 2250 1092 2292 scriptori
1107 2249 1207 2279 liuius
1222 2249 1309 2287 libri,
1332 2248 1488 2279 monacho
1505 2249 1573 2278 eius
1590 2247 1743 2286 coenobii,

102 2300 196 2332 cuius
216 2301 326 2333 abbati
347 2303 479 2344 gratias
503 2313 569 2333 non
588 2306 745 2343 potuerat
768 2301 903 2333 reddere
926 2302 1008 2342 vivo,
1031 2302 1061 2332 ei
1083 2300 1240 2331 monacho
1262 2300 1353 2331 iliius
1369 2300 1571 2338 monasterii,
1594 2299 1651 2340 qui
1674 2299 1742 2340 qui<

103 2351 172 2384 dem
192 2352 311 2385 librum
333 2364 428 2385 suum
452 2354 599 2385 nondum
622 2354 659 2385 in
681 2353 784 2385 lucem
807 2353 965 2393 ediderat,
988 2353 1044 2384 sed
1068 2353 1124 2393 qui
1147 2356 1175 2382 et
1198 2353 1267 2383 acie
1292 2352 1419 2393 inqenii
1434 2355 1461 2381 et
1482 2350 1586 2381 studii
1598 2350 1742 2390 fervore,

102 2452 251 2487 invehitur,
287 2455 336 2488 qui
362 2464 417 2489 per
446 2459 505 2482 tota
533 2455 647 2481 saccula
679 2455 734 2481 XI.
766 2458 790 2481 et
822 2455 893 2482 XII.
923 2464 941 2481 a
969 2454 1066 2480 ceteris
1094 2453 1234 2479 monachis
1265 2452 1372 2478 ordinis
1401 2452 1432 2478 S.
1456 2450 1602 2477 Benedicti
1626 2453 1743 2484 propter

102 2503 224 2531 habitum
251 2506 435 2539 irregularem
465 2506 712 2540 impuquabantur.
765 2505 1011 2538 Hersseldensibus
1033 2509 1122 2531 autem
1146 2505 1215 2538 ipsis
1237 2504 1357 2530 habitam
1382 2504 1495 2537 aliaque
1518 2502 1743 2529 Cluniaeensium

55 2560 85 2580 45
104 2555 184 2582 valde
205 2556 382 2591 displicuisse
404 2567 438 2583 ez
459 2557 578 2592 epistola
597 2557 802 2584 Cassinensz'um
823 2558 861 2583 ad
877 2557 1043 2583 Horti-icum
1067 2556 1191 2582 abbatem
1216 2555 1309 2588 missa,
1333 2563 1414 2589 quam
1438 2553 1522 2580 edidit
1539 2554 1575 2578 E.
1590 2553 1742 2584 Dz'tmmter,

103 2605 204 2634 ‘Neues
233 2607 344 2634 Archiv’
374 2609 433 2642 III,
458 2617 490 2642 p.
516 2608 583 2641 189,
616 2609 696 2634 hodie
726 2609 803 2634 haud
832 2608 1003 2642 iynoramus.
1057 2608 1228 2633 Invectz'ones
1255 2606 1343 2639 iyitur
1371 2605 1398 2630 in
1423 2605 1480 2638 Jz'ue
1502 2605 1520 2632 l.
1546 2604 1587 2630 II·
1619 2611 1743 2628 ⁰121&AEssss

104 2657 207 2684 nullum
234 2659 291 2684 m'si
316 2660 479 2686 monachum
507 2660 652 2694 scripsisse
676 2659 770 2692 elucet,
801 2668 862 2685 cum
885 2662 969 2685 lotum
995 2657 1067 2686 illud
1091 2662 1227 2684 certamen
1250 2667 1303 2683 non
1327 2657 1383 2682 nisi
1405 2656 1476 2681 iuter
1500 2655 1645 2681 monachos
1665 2662 1740 2687 yere-

105 2710 188 2741 Telffl'r
215 2718 301 2743 neque
323 2711 455 2737 credibile
476 2711 521 2743 sit,
550 2711 640 2737 alicui
656 2719 796 2745 personae
818 2711 874 2735 nisi
894 2710 1027 2736 monacho
1050 2711 1078 2735 in
1101 2713 1211 2735 mentem
1234 2709 1348 2739 venisse,
1377 2711 1431 2734 tam
1457 2707 1574 2739 ‹lili'usas
1595 2704 1741 2738 expositio-

104 2767 151 2786 nes
173 2760 206 2785 de
228 2761 423 2788 monachorum
446 2762 541 2788 habitu
565 2765 588 2788 et
612 2762 646 2788 de
668 2762 764 2796 reyula
781 2762 813 2788 S.
827 2762 974 2788 Benedicti
988 2761 1124 2787 tractatui
1135 2759 1250 2794 politico
1267 2760 1428 2793 adiunycre.
1463 2758 1521 2791 S.].
1592 2756 1617 2789 l)
1637 2756 1690 2784 SS.
1711 2754 1739 2785 V>

58 2815 88 2836 ⁶⁰
102 2817 131 2843 p.
155 2810 225 2838 206.
249 2811 320 2839 207.

1459 2862 1509 2885 23*
