2132 3067
43 711 70 730 1⁰

41 967 66 987 1⁶

35 1224 63 1244 20

33 1617 59 1638 2⁵

30 1862 57 1883 ³⁰

27 2118 56 2139 ⁸5

25 2375 54 2394 ⁴0

23 2758 53 2778 4⁶

0 2711 1 2790 1

0 2822 2 2884 l
18 2881 21 2883 ,

0 2923 2 2972 l

246 145 475 173 TRACTATUS
500 147 550 174 DE
572 148 692 175 REGIA
715 149 937 178 POTESTATE
960 153 1008 179 ET
1031 154 1302 183 SACERDOTALI
1326 158 1551 186 DIGNITATE.
1590 160 1612 186 I.
1679 158 1740 189 467

93 234 230 275 decrevi,
260 239 293 264 ut
316 235 517 266 auctoritatis
542 243 666 268 vestrae
696 239 866 280 privilegio
890 242 1094 273 confirmetur
1123 249 1153 274 et
1177 246 1412 288 corroboretur,
1445 252 1475 278 et
1500 259 1559 289 per
1582 248 1650 280 loca
1675 250 1741 292 plu-

92 286 171 317 rima
187 285 401 327 dispergatur,
426 286 474 317 vel
499 288 525 317 si
549 288 642 319 fuerit
667 290 787 331 inutile,
812 292 1040 334 disrumpatur.
1086 294 1122 325 In
1142 295 1200 326 hae
1223 298 1318 328 etiam
1344 310 1377 328 re
1401 310 1518 341 sequor
1533 302 1738 343 antiquorum

93 337 230 368 virorum
256 338 402 378 vestigia,
431 339 486 380 qui
511 350 568 369 sua
591 340 698 371 studia
723 341 797 371 011111
822 342 952 383 regibus
976 345 1107 376 imbutis
1132 346 1306 379 litterarum
1339 350 1453 381 studiis
1478 353 1739 392 praesentabant.

93 389 209 419 Precor
232 388 371 430 denique
403 390 624 422 excellentiam
657 392 857 424 celsitudinis
881 400 1015 435 vestrae,
1050 403 1083 427 ut
1106 397 1183 429 illud
1208 404 1239 429 et
1262 412 1404 432 seorsum
1438 409 1468 433 et
1493 414 1562 434 cum
1588 405 1664 435 viris
1692 417 1739 436 sa-

91 438 263 482 pientibus,
288 442 342 481 qui
368 440 536 472 vobiscum
561 448 645 483 sunt,
677 445 854 475 retractetis
879 450 910 476 et
934 446 1104 488 diligenter
1127 451 1327 492 examinetis,
1360 459 1390 484 et
1414 460 1447 484 ut
1471 466 1682 498 quaecunque
1706 458 1737 487 in

91 502 127 523 eo
150 491 345 522 confutanda
362 492 516 533 videritis,
541 493 713 535 detegerea
731 498 894 537 satagatis
942 498 1015 529 Scio
1033 501 1128 540 enim,
1153 503 1227 543 quia
1243 502 1283 533 ab
1302 503 1380 543 hisb,
1398 506 1451 546 qui
1468 517 1574 537 rerum
1593 507 1736 539 ordinem

91 553 147 574 sua
169 543 346 574 temeritate
370 550 526 575 conantur
543 552 697 585 evertere,
723 558 785 577 non
810 548 911 579 solum
933 551 1172 591 damnabiturc,
1197 554 1251 584 sed
1277 556 1371 585 etiam
1398 563 1600 598 conspuetur,
1626 559 1676 590 vel
1700 571 1737 591 eo

90 594 173 636 quod
205 594 245 625 ab
275 606 385 626 eorum
418 597 576 628 sententia
603 597 732 629 deviare
757 599 891 638 videtur,
924 601 973 632 vel
1004 602 1087 640 ideo,
1120 604 1204 645 quod
1235 617 1300 636 rem
1332 609 1531 648 propositam
1564 610 1736 652 explanare

89 647 248 677 rusticano
274 658 422 679 sermone
445 648 582 680 videtur.
618 649 698 680 Nam
723 652 829 682 caecis
853 653 950 683 corde
968 653 1157 696 plerumque
1182 667 1249 697 sua,
1274 668 1330 698 pro
1348 658 1454 690 dolor!
1480 662 1617 692 caecitas
1641 668 1737 705 atque

88 698 246 729 temeritas
270 697 386 739 placet.
426 699 679 741 Verumptamen
703 713 816 743 precor
840 714 893 734 eos
918 715 974 745 per
998 716 1107 736 eorum
1134 708 1418 751 magnificentiam,
1442 723 1480 741 ne
1505 713 1550 743 cis
1573 714 1736 745 sordescat

89 760 191 780 meum
213 750 411 781 rusticanum
429 750 604 792 eloquium,
629 753 683 783 sed
702 753 814 785 malint
838 766 931 786 veros
949 767 1043 798 quam
1062 758 1199 789 disertos
1216 760 1327 791 audire
1345 773 1518 795 sermones.
1565 767 1734 797 Caeterum

87 802 162 842 scio,
187 802 260 844 quia
284 803 388 832 tucius
405 803 524 834 veritas
547 803 677 835 auditur
700 816 794 847 quam
812 807 1025 847 praedicatur.
1060 809 1154 841 Unde
1179 822 1263 842 nunc
1289 812 1448 854 deprecor
1472 826 1582 847 omnes
1607 828 1736 848 venera-

87 852 164 884 biles
188 853 352 894 praesules
383 859 413 884 et
444 853 584 896 reliquos
614 862 744 888 sanetae
768 858 943 890 aecclesiae
968 861 1128 901 praelatos
1159 868 1189 893 et
1220 863 1352 894 elericos
1378 866 1471 896 simul
1496 873 1650 907 sensatos,
1681 871 1735 910 qui

84 904 160 936 haec
191 904 306 936 lecturi
337 911 420 944 sunt,
451 917 490 937 ne
521 918 571 937 me
596 915 871 950 praesumptorem
903 911 1046 943 iudieent
1076 919 1130 944 aut
1157 917 1372 954 temerarium,
1406 919 1496 958 quasi
1526 930 1585 959 ego
1616 932 1669 949 eos
1703 921 1734 951 in

85 955 242 987 cathedris
266 957 413 988 sedentes
444 965 475 989 et
506 958 634 989 divinae
666 960 889 1002 philosophiae
918 965 1054 994 arcana¹¹
1083 966 1219 997 seientes
1249 967 1410 1009 superbe⁰
1442 980 1538 1000 coner
1568 971 1733 1003 instruere.

84 1007 164 1048 Non,
188 1019 298 1049 queso,
323 1009 367 1040 ita
391 1010 588 1051 existiment,
612 1011 667 1042 sed
686 1011 764 1043 haec
789 1014 842 1055 pie
866 1020 896 1045 et
920 1017 1154 1056 aequanimiter
1177 1017 1284 1059 legant
1308 1025 1404 1061 atque
1423 1022 1608 1062 suscipiant.
1648 1023 1733 1064 Opto

83 1060 175 1100 enim,
202 1065 237 1090 ut
259 1066 290 1091 et
313 1061 375 1102 ipsi
400 1072 508 1092 omnes
533 1063 733 1095 venerabiles
758 1070 864 1106 patres
896 1073 927 1097 et
958 1067 1079 1098 domini
1111 1070 1172 1100 mei
1205 1071 1324 1102 cotidie
1348 1072 1519 1113 proficiant
1549 1074 1578 1104 in
1605 1074 1733 1106 Christo

83 1111 154 1142 Iesu
178 1111 307 1142 domino
333 1118 441 1144 nostro
473 1118 503 1144 et
531 1119 564 1144 ut
587 1114 761 1146 aecclesiae
785 1122 915 1148 sanetae
940 1129 1058 1160 eorpus
1087 1131 1197 1151 eorum
1223 1123 1424 1165 temporibus
1453 1125 1563 1156 ordine
1589 1137 1732 1167 congruo

82 1163 272 1205 dispositum
298 1164 525 1195 corroboretur
548 1170 579 1196 et
603 1167 694 1196 1111110
715 1169 803 1209 pacis
826 1169 978 1201 foederef
1002 1171 1119 1212 iugiter
1135 1173 1325 1214 perfruatur.
1375 1176 1437 1206 Vos
1461 1182 1579 1216 autem,
1603 1178 1732 1210 domine

83 1226 149 1256 rex,
172 1215 262 1246 Deus
287 1217 489 1258 omnipotens
518 1228 576 1248 sua
599 1219 703 1259 gratia
734 1231 791 1261 per
821 1220 916 1262 longa
941 1228 1120 1264 temporum
1152 1226 1311 1257 curricula
1336 1226 1428 1258 nobis
1454 1240 1565 1259 sanum
1591 1234 1621 1260 et
1645 1230 1731 1261 inco-

81 1267 195 1298 lumem
221 1277 412 1299 conservare
436 1268 595 1310 dignetur.
641 1271 754 1302 Amen.

625 1341 870 1379 EXPLICIT
898 1345 1184 1385 PROLOGUS.

586 1478 780 1517 INCIPIT
807 1482 959 1520 LIBER
989 1485 1221 1534 [PRIMUS]

440 1547 465 1577 1.
513 1547 655 1586 Quod&
684 1559 761 1579 non
793 1551 848 1580 sit
879 1558 1071 1592 potestas
1103 1555 1184 1585 nisi
1215 1566 1233 1585 a
1266 1555 1361 1586 Deo.

183 1604 256 1636 Seio
286 1605 463 1647 quosdam¹
498 1609 614 1638 nostris
647 1611 848 1651 temporibus
880 1613 933 1654 qui
966 1628 1043 1652 reges
1073 1620 1241 1647 autumant
1273 1627 1334 1646 non
1359 1628 1377 1648 a
1400 1617 1482 1655 Deo,
1514 1617 1571 1648 sed
1603 1624 1635 1647 ab
1667 1619 1726 1647 hisb

78 1659 202 1684 babuisse
223 1661 381 1692 principium
403 1662 445 1693 qui
467 1661 555 1686 Deum
581 1663 744 1694 ignorantes,
772 1667 905 1698 superbia,
933 1669 1042 1699 rapinis,
1067 1670 1188 1701 perfidia,
1217 1671 1369 1695 homicidiis
1397 1676 1422 1695 et
1442 1675 1574 1704 postremo
1596 1673 1727 1697 universis

77 1713 144 1738 pene
164 1705 310 1731 sceleribus
331 1708 358 1730 in
379 1708 470 1731 muudi
492 1709 624 1741 principio
649 1710 757 1736 diabolo
779 1713 898 1743 agitante
925 1722 1004 1746 supra
1024 1723 1102 1746 pares
1124 1717 1243 1741 homines
1261 1718 1391 1741 dominari
1421 1726 1502 1742 caeca
1524 1719 1673 1750 cupiditate
1701 1722 1727 1743 et

77 1755 244 1780 inenarrabili
270 1755 464 1780 affectaverunt
490 1760 704 1790 praesumptione
729 1755 779 1785 vel
805 1757 993 1788 temeritate.
1047 1759 1192 1797 Quorum
1225 1762 1382 1792 sententia
1416 1772 1510 1802 quan]
1543 1761 1582 1791 sit
1613 1761 1726 1791 frivola

77 1799 175 1843 liquet
189 1800 366 1843 apostolico
383 1801 585 1843 documento,
605 1805 659 1846 qui
675 1806 735 1836 ait:
759 1807 836 1838 Non
854 1813 897 1838 est
909 1814 1054 1849 potestas
1070 1812 1137 1841 nisi
1154 1823 1173 1841 (ι
1192 1812 1268 1843 Deo.
1317 1811 1408 1847 Quae
1425 1814 1510 1843 enim
1527 1818 1601 1843 sunt
1619 1825 1637 1843 a
1656 1813 1725 1843 Deo

77 1853 249 1884 ordinatae
264 1858 350 1884 sunt.
396 1853 533 1885 Constat
556 1856 656 1896 igitur
672 1856 731 1887 hae
748 1859 917 1899 sententia,
935 1861 1011 1901 quia
1028 1872 1089 1891 non
1107 1862 1147 1893 ab
1166 1863 1360 1901 hominibus,
1385 1863 1439 1894 sed
1458 1875 1476 1894 a
1492 1864 1563 1894 Deo
1582 1870 1724 1905 potestas

76 1904 162 1945 regia
186 1905 218 1934 in
234 1905 326 1935 terris
343 1910 392 1936 est
408 1905 554 1937 ordinata
571 1908 639 1938 sive
656 1908 822 1950 disposita.
868 1910 943 1952 Ipse
960 1913 1079 1954 quippe
1097 1914 1235 1954 primum
1254 1914 1413 1945 hominem
1438 1916 1470 1945 in
1490 1916 1598 1945 mundi
1617 1916 1723 1946 statim

76 1955 246 1996 primordio
263 1956 337 1988 dote
355 1958 531 1998 sapientiae
546 1961 783 2000 praemunitum
802 1961 950 1993 omnibus
969 1964 1079 1994 mundi
1097 1967 1287 2006 praeposuit
1303 1968 1466 1997 creaturis.
1514 1967 1547 1996 In
1566 1978 1628 2008 qua
1646 1979 1678 1998 re
1695 1968 1723 1997 ei

75 2006 232 2038 subtiliter
252 2008 414 2039 intimavit
431 2020 527 2040 unum
553 2022 623 2042 esse
647 2012 750 2042 tocius
767 2019 933 2044 creaturae
951 2015 1028 2045 caeli
1046 2021 1075 2046 et
1093 2022 1196 2047 terrae
1213 2029 1321 2058 regem
1345 2029 1383 2048 ac
1400 2019 1577 2057 dominum,
1602 2020 1652 2049 eui
1671 2018 1723 2049 illa

74 2058 142 2089 iure
165 2058 311 2090 caelestis
334 2061 433 2099 curia,
458 2072 540 2102 quae
565 2073 663 2103 supra
687 2074 744 2093 nos
769 2069 826 2105 est,
849 2066 943 2096 certis
969 2065 1120 2098 distincta
1143 2068 1297 2109 gradibus
1322 2075 1353 2100 et
1369 2070 1582 2111 potestatibus
1607 2069 1723 2101 militat

75 2114 106 2140 et
130 2110 271 2144 obaudit.
316 2111 360 2142 Et
389 2118 423 2143 ut
454 2112 513 2144 1100
545 2114 640 2144 etiam
672 2115 791 2156 pariter
821 2117 851 2146 in
883 2118 983 2147 nostri
1012 2118 1115 2149 forma
1143 2121 1286 2161 corporis
1318 2132 1541 2161 agnoscamus,
1574 2121 1720 2152 videmus

75 2162 180 2192 omnia
212 2164 313 2193 nostri
347 2164 492 2205 eorporis
527 2166 660 2196 menbra
693 2168 791 2208 capiti
830 2168 1007 2200 subiacere.
1065 2170 1198 2210 Omnia,
1234 2173 1380 2214 inquam,
1405 2172 1535 2203 humani
1575 2174 1720 2214 corporis

74 2212 204 2244 menbra
235 2215 331 2256 capiti
363 2226 432 2246 esse
464 2216 609 2247 subiecta
639 2223 735 2259 atque
765 2218 933 2259 subposita
963 2222 1123 2261 positione
1155 2223 1248 2253 simul
1283 2229 1314 2254 et
1342 2224 1453 2256 ordine
1484 2230 1581 2266 patet.
1629 2225 1720 2256 Unde

73 2263 162 2295 nobis
186 2263 307 2307 liquido
332 2265 431 2298 claret
446 2267 554 2298 Deum
579 2270 832 2310 omnipotentem
857 2281 920 2301 non
945 2271 1046 2303 solum
1066 2273 1239 2304 humanum
1264 2286 1380 2317 eorpus
1398 2277 1495 2306 variis
1514 2276 1718 2308 menbrorum

73 2313 256 2348 distinxisse
278 2317 491 2359 lineamentis,
516 2319 571 2350 sed
595 2325 626 2351 ct
648 2325 748 2351 totum
775 2322 929 2353 mundum
955 2325 1049 2355 certis
1071 2326 1225 2366 gradibus
1249 2337 1287 2357 ac
1313 2328 1536 2369 potestatibus,
1561 2329 1642 2359 sieut
1666 2328 1719 2360 illa

73 2365 216 2399 caelestis
240 2369 328 2399 curia
359 2371 564 2411 cognoscitur
588 2382 657 2402 esse
682 2372 841 2415 distincta,
873 2375 903 2404 in
928 2386 991 2416 qua
1016 2376 1083 2417 ipse
1107 2377 1192 2408 solus
1215 2378 1306 2409 Deus
1335 2384 1425 2419 pater
1448 2380 1650 2422 omnipotens
1674 2392 1719 2412 re-

73 2418 156 2458 giam
174 2420 297 2461 optinet
313 2421 513 2462 dignitatem,
537 2428 568 2453 et
591 2424 623 2453 in
647 2435 711 2465 qua
728 2429 800 2466 post
824 2426 928 2467 ipsum
946 2427 1062 2468 angeli,
1086 2429 1280 2470 archangeli,
1305 2431 1409 2461 throni
1427 2436 1456 2462 et
1474 2431 1718 2474 dominationes,

181 2543 210 2573 a)
231 2543 366 2575 detergere
388 2545 412 2569 2.
489 2546 514 2575 b)
538 2546 587 2570 hiis
610 2547 634 2570 2.
710 2553 736 2573 c)
758 2548 845 2579 (lamp.
869 2550 892 2573 2.
969 2551 995 2578 (ἰ)
1019 2551 1135 2575 archana
1156 2552 1179 2576 2.
1258 2554 1282 2583 e)
1305 2555 1417 2585 superb-g
1442 2556 1462 2579 l.
1539 2556 1560 2581 f!
1582 2556 1670 2580 federe
1692 2557 1715 2581 2.

73 2586 101 2618 g)
123 2587 212 2613 titulus
231 2589 260 2613 in
279 2598 362 2622 marg.
386 2592 408 2615 l.
432 2592 456 2615 2.

178 2704 205 2738 l)
229 2705 393 2739 Greqorz'um
426 2707 487 2734 VII.
512 2708 655 2741 intellessil,
686 2709 734 2742 (μή
757 2719 828 2744 quae
851 2715 1002 2744 sequnntur
1025 2713 1063 2738 ad
1087 2714 1195 2739 verbnm
1221 2715 1248 2739 in
1273 2716 1372 2741 litteris
1396 2727 1423 2742 a.
1445 2717 1532 2750 lost,
1556 2718 1644 2745 Mart.
1667 2719 1711 2746 15,

72 2751 244 2781 Hert'manno
274 2757 406 2783 Alettensz'
435 2759 563 2793 episeopo
594 2760 683 2786 missis
714 2766 896 2795 exposuerat;
931 2763 966 2795 '27⁴-
997 2764 1089 2796 Jalffi,
1122 2765 1196 2792 Rilal.
1228 2775 1319 2792 rerum
1353 2769 1485 2794 German.
1518 2770 1558 2800 II,
1586 2778 1615 2802 p.
1643 2769 1710 2795 457.

72 2803 174 2830 Auctor
196 2810 286 2833 noster
309 2809 376 2834 haec
400 2813 426 2835 ut
450 2811 535 2836 multu
560 2811 619 2837 alia
643 2821 675 2837 eat
700 2813 818 2846 Hztymae
842 2813 954 2840 Flavin.
978 2815 1084 2840 habuit.

1428 2875 1475 2896 50*

1748 1631 1813 1653 lingo
1824 1631 1887 1650 Flac,

1763 1660 1803 1680 ns.
1812 1661 1876 1684 vlu,

1777 1690 1858 1713 1.,455.

1746 1874 1810 1895 Rom.
1824 1875 1885 1897 13,1.
