2132 3067
56 719 84 738 10

53 976 80 994 15

53 1233 80 1252 20

53 1490 80 1509 25

53 1751 81 1770 30

55 2007 82 2027 85

54 2266 81 2284 40

57 2561 84 2581 45

522 148 560 175 X.
594 148 645 174 DE
667 147 1011 178 EXCOMMUNICATIS
1034 152 1219 180 VITANDIS
1242 153 1321 180 ETC.
1686 152 1743 183 131

101 239 212 280 inceps
235 247 295 268 nec
318 236 495 277 catholicis,
519 247 577 267 nec
600 237 746 268 Arrianis
770 242 838 268 erat
859 239 1077 280 acceptabilis.
1134 241 1274 282 Regulae
1298 253 1427 284 quoque
1451 242 1652 274 Sardicensis
1675 255 1746 275 con-

101 288 175 328 cilii,
204 289 263 321 etsi
288 287 496 320 orientalibus
521 288 694 326 socientur,
723 289 828 329 magis
852 295 959 320 tamen
983 291 1066 332 apud
1090 291 1222 323 Latinos
1254 304 1348 335 quam
1373 294 1458 335 apud
1483 294 1603 326 Grecos
1627 296 1747 326 inveni-

101 346 206 372 untur.
261 340 313 372 De
343 341 404 372 hoc
436 339 572 371 coneilio
604 340 715 371 beatus
739 341 961 381 Augustinus¹
987 342 1116 374 Eleusio
1147 351 1178 374 et
1202 344 1312 376 Glorio
1345 346 1489 377 scribens
1519 352 1655 378 testatur
1685 347 1746 378 sibi

101 393 205 433 magis
228 391 306 422 illud
329 391 433 422 videri
456 391 668 422 Arrianorum
692 391 800 429 fuisse,
825 403 921 433 quam
950 394 1193 425 catholicorum:
1221 406 1257 426 eo
1282 396 1367 438 quod
1395 397 1543 428 catholici
1568 398 1745 440 pontifices,

101 443 297 475 Athanasius
320 443 451 485 inquam
471 448 502 473 et
518 441 632 481 Iulius,
655 443 687 472 in
710 441 792 473 libro
817 443 959 474 eiusdem
978 445 1103 476 concilii
1120 447 1321 487 reperiantur
1337 448 1518 489 improbati.
1556 449 1622 480 Nos
1639 455 1745 480 autem

101 505 304 537 nequaquam
328 495 492 536 predictos
515 504 654 524 canones
678 493 717 524 de
741 493 854 525 eodem
879 495 1015 526 concilio
1040 497 1179 528 refutare
1203 497 1366 537 debemus,
1399 511 1479 541 quos
1504 502 1612 542 utique
1636 508 1745 532 sancta

101 547 247 578 Romana
269 545 426 577 aeeclesia
448 550 629 583 veneratur,
654 556 734 587 quos
756 550 788 575 et
805 545 924 577 Nicena
947 547 1091 588 synodus
1113 559 1131 578 a
1156 548 1302 590 predicto
1320 550 1420 581 Οείο2
1443 552 1593 582 recitatos
1617 552 1745 584 audisse

101 605 132 631 et
155 598 363 630 confirmasse
387 596 533 628 refertur.
579 596 670 627 Haec
692 597 791 637 igitur
814 602 888 629 sunt
912 599 1079 630 orientalia
1103 600 1248 640 concilia,
1273 612 1354 642 quae
1378 608 1450 633 ante
1473 602 1744 634 Calcedonensem

100 650 260 693 synodum
282 650 367 681 faeta
389 649 551 689 leguntur,
575 648 661 679 unde
685 653 717 679 et
739 648 780 679 ab
804 648 915 680 eadem
941 650 1128 682 confirmata
1152 662 1214 682 non
1239 652 1436 684 dubitantur.

206 701 383 733 Sciendum
423 705 530 731 autem
572 699 772 730 orientalium
814 700 1022 732 conciliorum
1063 702 1178 733 multas
1219 703 1375 735 editiones
1416 706 1484 735 sive
1523 705 1746 737 translationes
1782 719 1813 740 μ’)

99 754 257 796 repperiri
281 753 321 784 de
345 752 450 784 Greco
473 752 506 782 in
529 750 692 782 Latinum.
739 750 870 793 Quippe
894 752 1016 793 Phylo³
1039 759 1069 784 et
1094 754 1269 785 Evarestus
1295 756 1682 798 Constantinopolitanam
1708 757 1746 788 de

101 804 209 837 Greco
238 806 272 836 in
294 805 445 836 Latinum
477 802 635 845 synodum
665 802 868 834 transtulisse
896 803 1055 845 leguntur.
1111 806 1191 836 Item
1223 807 1353 848 quidam
1383 807 1559 849 D3·0nisi11s
1584 808 1747 850 Stephano

101 857 254 899 episcopo
277 867 436 887 canonum
461 853 664 886 orientalium
688 854 897 886 conciliorum
921 855 1038 887 multas
1063 856 1222 888 editiones
1246 859 1446 890 transtulisse
1470 859 1629 890 scribitur.
1668 860 1747 890 Item

101 909 269 951 Eugepius
292 907 393 939 abbas
416 907 545 939 eosdem
570 917 708 937 canones
732 905 771 937 de
796 906 901 938 Greco
926 908 958 937 in
982 907 1132 939 Latinum
1156 910 1263 942 vertit.
1287 916 1321 940 ut
1344 910 1579 941 eruditissimus
1602 912 1650 940 vir
1673 911 1748 942 Cas-

101 960 271 991 siodorus4
304 970 344 990 ex
380 964 526 990 senatore
560 958 736 990 monachus
767 959 798 988 in
831 958 912 990 libro
946 959 986 990 de
1024 959 1202 991 illustribus
1235 961 1312 990 viris
1346 971 1415 1002 cap.
1441 961 1567 992 XXIII.
1599 967 1749 992 testatur:

101 1012 282 1054 Enyepius,
307 1011 422 1053 inquit,
445 1011 554 1050 abbas,
578 1011 613 1041 in
631 1010 803 1042 dialectica
823 1011 990 1052 quondam
1014 1022 1102 1042 meus
1125 1011 1258 1053 collega,
1279 1013 1400 1053 petitus
1426 1024 1445 1042 α
1467 1013 1636 1054 Stephano
1654 1014 1747 1044 Salo-

99 1065 216 1095 nitano
239 1064 398 1105 episcopo,
422 1073 461 1093 eoe
481 1061 593 1093 Grecis
617 1061 860 1102 exemplaribus
884 1073 1025 1093 canones
1049 1063 1301 1094 aecclesiasticos
1326 1064 1467 1094 moribus
1491 1065 1561 1094 suis
1580 1075 1691 1105 pares,
1716 1069 1749 1094 ut

100 1120 170 1146 erat
186 1115 314 1157 planus
337 1119 433 1157 atque
458 1114 628 1153 dissertus,
657 1125 782 1155 mayna
805 1113 1007 1155 eloquentiae
1031 1114 1101 1144 luce
1129 1117 1319 1155 composuit,
1351 1127 1429 1156 quos
1458 1127 1517 1146 usu
1549 1116 1748 1146 celeberrimo

102 1166 257 1198 aecclesia
281 1166 434 1197 Romana
462 1164 694 1206 complectitur.
740 1165 809 1196 Hos
840 1166 936 1196 etiam
966 1170 1086 1206 oportet
1116 1177 1171 1196 vos
1200 1167 1375 1197 monachos
1408 1167 1539 1197 assidue
1568 1167 1680 1208 legere,
1710 1178 1749 1197 ne

103 1219 282 1250 videamini
304 1223 370 1248 tam
393 1217 557 1249 salutares
582 1216 862 1248 aecclesiasticasa
886 1217 1019 1258 regulas
1043 1217 1250 1258 culpabiliter
1274 1219 1438 1259 {qnortu-e.
1479 1217 1597 1248 Beatus
1621 1229 1748 1259 quoque

102 1269 276 1301 Ysidorus⁵
300 1270 333 1300 in
357 1267 539 1300 collectario
563 1279 620 1299 suo
645 1267 684 1299 de
708 1268 885 1300 canonibus
909 1268 1006 1299 11110r
1029 1267 1185 1298 editiones
1202 1268 1319 1300 Niceni
1342 1269 1469 1300 concilii
1493 1269 1746 1310 coinpaginavitg

100 1321 180 1353 duas
203 1333 279 1353 vero
302 1319 357 1351 vel
378 1326 443 1352 tres
466 1319 598 1362 reliquis
622 1319 833 1351 orientalibus
857 1319 1002 1350 conciliis
1026 1320 1201 1361 asscripsit.

205 1372 272 1404 Sed
301 1372 414 1404 harum
444 1371 622 1403 editionum
653 1371 739 1402 illam
768 1382 826 1402 nos
856 1372 997 1402 maxime
1029 1372 1202 1413 sequimur,
1234 1382 1315 1413 quae
1345 1373 1458 1410 ceteris
1487 1371 1686 1402 emendatior
1717 1377 1747 1403 et
1778 1383 1803 1400 4¹·

100 1424 295 1467 apostolicae
327 1424 395 1456 sedi
424 1424 588 1465 acceptior
618 1423 753 1461 videtur,
783 1422 946 1461 videlicet,
977 1434 1073 1465 quam
1105 1423 1217 1453 beatus
1243 1435 1329 1464 papa
1351 1423 1514 1454 Adrianus
1538 1434 1595 1464 per
1618 1434 1746 1453 manum

100 1476 212 1508 Karoli
235 1476 436 1518 imperatoris
461 1474 714 1506 occidentalibus
739 1475 858 1506 direxit
881 1474 1056 1505 aecclesiis.
1108 1474 1174 1505 Nec
1199 1475 1305 1505 ociose
1329 1474 1516 1515 notandum,
1541 1474 1627 1516 quod
1650 1473 1749 1505 multa

100 1528 193 1560 nobis
217 1528 355 1560 obseura
377 1539 435 1569 per
457 1527 657 1558 diversarum
683 1526 886 1557 collationem
917 1527 1094 1558 editionum
1124 1537 1334 1567 sepenumero
1366 1525 1578 1565 declarantur,
1609 1532 1643 1556 ut
1671 1525 1748 1556 illud

101 1579 140 1611 de
162 1579 286 1611 Niceno
311 1578 462 1610 concilio:
491 1578 568 1621 quid
592 1579 632 1609 sit
654 1578 911 1610 ‘subintroducta
935 1578 1085 1609 mulierP’
1110 1577 1169 1608 hoc
1194 1578 1255 1609 alia
1279 1577 1381 1608 edicio
1406 1578 1568 1619 apertius⁶
1595 1578 1693 1618 ponit,
1717 1577 1748 1608 id

101 1637 149 1664 est
177 1630 398 1671 ‘extraneam'3
433 1641 471 1661 ac
499 1631 526 1660 si
556 1629 658 1661 dicat:
691 1630 836 1661 Clericus
865 1629 984 1660 nullam
1009 1630 1160 1660 feminam
1186 1628 1302 1660 habeat
1325 1640 1433 1660 secum
1466 1634 1663 1667 extraneam,
1693 1628 1748 1659 sed

100 1687 223 1714 tantum
246 1688 382 1714 matrem
406 1683 457 1714 vel
480 1693 622 1713 sororem
647 1681 698 1712 vel
721 1683 812 1721 ziam,
843 1693 940 1724 quam
970 1682 1083 1712 iterum
1109 1681 1170 1712 alia
1194 1680 1292 1712 editio
1316 1682 1458 1722 apertius
1486 1686 1579 1711 vocat
1601 1681 1748 1710 amitam:

101 1734 200 1766 Tusci
221 1735 307 1765 euim
332 1746 390 1776 pro
414 1735 511 1765 amita
535 1734 648 1765 dieunt
670 1734 763 1765 ziam.
809 1734 891 1764 Item
916 1734 947 1763 in
972 1732 1084 1764 eodem
1109 1732 1246 1763 concilio
1259 1739 1279 1771 ⁷,
1304 1731 1390 1774 quod
1413 1731 1614 1763 diaconissae
1637 1742 1749 1761 manns

102 1786 339 1828 impositionem
372 1786 489 1817 habere
519 1792 692 1827 negantur,
722 1797 786 1817 non
818 1785 879 1815 nisi
910 1785 949 1816 de
982 1784 1251 1815 paulianistarum
1281 1783 1473 1814 diaconissis
1503 1783 1679 1824 intelligere
1709 1794 1748 1814 ex

101 1837 236 1870 diversis
259 1836 525 1869 translationibus
549 1837 730 1868 edocemur.
782 1837 865 1867 Nam
896 1836 1096 1867 diaconissae
1120 1835 1350 1867 catholicorum
1375 1846 1487 1865 manus
1512 1835 1747 1876 impositionem

102 1889 221 1921 habent
242 1890 334 1920 iuxta
358 1887 600 1920 Calcedonense
623 1889 794 1919 concilium
806 1894 827 1919 ⁸.
884 1888 965 1919 Item
995 1889 1026 1918 in
1059 1887 1193 1918 concilio
1218 1886 1432 1917 Laodicensi⁹
1456 1886 1580 1927 legitur,
1605 1897 1642 1916 ne
1667 1885 1749 1916 ordi-

101 1942 248 1973 nationes
270 1940 349 1972 fiant
372 1940 432 1971 sub
457 1946 634 1982 conspectu
657 1940 872 1971 audientium:
898 1939 983 1981 quod
1000 1939 1062 1969 alia
1075 1945 1099 1961 10
1117 1939 1219 1969 edicio
1244 1939 1428 1979 expressius
1447 1937 1534 1975 dicit,
1557 1937 1748 1968 cathecumi-

102 2004 232 2024 norum:
258 1996 343 2024 ‘nam
368 1992 584 2024 cathecumini
608 1992 826 2034 quorumlibet
849 1997 1121 2022 sacramentorum
1144 1990 1333 2021 confectioni
1351 1991 1503 2020 interesse
1521 1988 1749 2029 probibentur.

103 2045 141 2077 In
169 2045 256 2076 hunc
285 2054 364 2086 ergo
394 2043 527 2075 modum
559 2043 659 2075 multa
689 2043 733 2074 ibi
766 2044 903 2074 obscure
936 2043 1021 2073 dicta
1055 2053 1112 2083 per
1142 2048 1172 2073 tc
1205 2042 1310 2083 ipsum
1336 2042 1531 2081 investigare
1563 2040 1693 2081 poteris,
1724 2039 1749 2069 si

102 2096 248 2128 diversas
272 2096 429 2128 editiones
453 2095 595 2126 studiose
619 2096 813 2136 perscrutari
838 2095 1010 2126 curaveris.
1058 2093 1121 2124 Sed
1147 2093 1205 2123 hoc
1230 2093 1363 2123 fortasse
1380 2103 1398 2122 a
1415 2091 1636 2122 scientioribus
1658 2091 1749 2132 quasi

100 2159 164 2180 non
187 2148 370 2180 necessario
393 2152 504 2179 notata
526 2147 739 2189 deputantur:
771 2147 871 2177 nostri
895 2152 1001 2177 tamen
1026 2145 1144 2176 similes
1168 2145 1227 2175 hoc
1250 2144 1414 2175 attendere
1438 2143 1564 2183 debent,
1590 2153 1669 2183 quos
1693 2142 1747 2172 ali-

102 2200 230 2243 quando
253 2200 286 2230 in
310 2199 494 2230 huiusmodi
516 2198 628 2230 herere
651 2210 713 2229 non
738 2198 925 2236 diffidimus,
949 2198 1033 2228 sicut
1056 2202 1086 2228 et
1109 2208 1166 2227 nos
1191 2196 1358 2237 sepissime
1381 2195 1524 2226 fecimus

207 2250 432 2283 occidentalia
453 2256 559 2282 autem
583 2250 637 2282 illa
660 2250 818 2289 dicuntur,
851 2261 933 2291 quac
962 2250 994 2279 in
1023 2255 1113 2290 parte
1138 2247 1324 2279 Occidentis
1348 2248 1432 2278 facta
1456 2251 1681 2277 monstrantur.
1712 2249 1746 2275 ut
1783 2258 1801 2273 ai

102 2303 277 2342 Affricana,
300 2302 477 2341 Gallicana,
509 2303 575 2333 sive
605 2303 638 2332 in
663 2302 841 2344 Hyspaniis
873 2300 1044 2332 celebrata.
1097 2300 1137 2330 Et
1162 2300 1325 2330 Affricana
1349 2298 1501 2329 (licuntur
1525 2309 1605 2339 ponc
1629 2297 1746 2335 omnia,

101 2365 183 2397 quae
207 2354 399 2396 Cartagineb
428 2354 512 2386 facta
541 2359 629 2385 sunt:
661 2365 796 2396 quorum
821 2354 960 2395 primum
976 2358 998 2374 ¹¹
1024 2351 1072 2382 Xl
1097 2352 1321 2393 episcoporum
1352 2350 1411 2381 sub
1436 2349 1623 2380 Constantio
1647 2349 1746 2388 impe-

212 2436 241 2468 a)
261 2436 390 2470 ecclesias
412 2435 435 2460 7.
513 2436 538 2466 b)
562 2436 699 2467 Cartagini
720 2436 744 2459 7.

213 2502 240 2537 1)
261 2503 317 2536 Ep.
338 2501 387 2534 44,
411 2504 426 2533 ξ
451 2502 477 2534 6,
504 2501 574 2536 Opp.
600 2502 643 2528 ed.
669 2501 773 2527 Genea.
797 2504 815 2526 t.
841 2499 881 2531 II,
905 2500 958 2526 col.
983 2498 1050 2524 1023.
1140 2498 1167 2530 2),
1199 2497 1227 2522 1‘.
1251 2506 1338 2530 supra
1359 2507 1388 2531 p.
1410 2497 1475 2522 127.
1566 2496 1595 2522 33³
1620 2495 1699 2519 I’liilo
1723 2498 1745 2519 f(

106 2553 254 2580 Evarz'slus
275 2557 408 2579 notantur
429 2553 459 2579 in
483 2553 574 2587 capite
597 2561 732 2578 canonum
758 2552 925 2577 Xiceuorum
950 2551 984 2575 (Ie
1007 2552 1095 2574 (irem
1120 2549 1146 2573 2¹12
1173 2549 1301 2573 latrinam
1328 2557 1529 2573 (κυηιἚι-κιινιιιη.
1553 2556 1620 2581 qums
1641 2546 1745 2570 ,vrticae

105 2604 250 2638 episcopus
285 2604 610 2638 Constantinopolitanae
642 2604 671 2629 in
705 2603 832 2635 Africam
869 2602 948 2633 misit,
992 2600 1144 2626 IIinsclzins
1176 2610 1205 2634 p.
1230 2600 1306 2633 31·2;
1349 2599 1446 2625 Mans-i
1473 2603 1492 2624 l.
1518 2598 1567 2627 11',
1599 2597 1650 2624 col.
1676 2597 1744 2621 ΜΠ.

106 2655 135 2688 4)
164 2656 211 2682 De
239 2656 356 2682 institut.
381 2656 438 2682 diu.
462 2656 534 2682 liter.
559 2665 581 2683 c.
608 2656 656 2687 23,
685 2655 727 2680 ecl.
752 2656 851 2680 Gara.
876 2653 915 2685 Il,
944 2662 972 2686 p.
991 2652 1061 2683 522),
1091 2652 1164 2685 quod
1186 2661 1237 2676 non
1262 2652 1296 2676 cle
1320 2651 1453 2684 Eussr'pio,
1481 2650 1528 2674 sod
1553 2650 1585 2673 de
1610 2648 1745 2679 luvana«

106 2707 181 2733 dicic-
270 2707 299 2740 5)
322 2707 392 2734 Seil.
415 2707 686 2738 Pseudo-Isidorum
710 2705 838 2730 Isidorus
863 2719 902 2723 -—
927 2702 1141 2737 compaginavit
1165 2712 1197 2726 es
1222 2703 1375 2727 Iliun-mar«,
1399 2712 1422 2727 c.
1442 2702 1476 2726 ’ΔΤ
1504 2701 1650 2727 (sarram.
1675 2700 1692 2723 l.
1718 2699 1744 2723 l'.

106 2767 128 2784 c.
146 2758 194 2791 23,
213 2767 246 2792 p.
264 2759 347 2793 352).
427 2760 455 2793 6)
486 2759 514 2785 V.
538 2767 627 2792 supra
648 2767 676 2791 p.
696 2757 744 2783 το.
820 2756 847 2791 7)
873 2756 901 2782 C.
923 2755 969 2780 19.
1042 2754 1070 2787 s)
1096 2754 1125 2780 C.
1148 2754 1182 2779 15
1207 2753 1332 2786 (mon),
1357 2753 1456 2778 Mam
1476 2755 1494 2778 t.
1519 2751 1581 2783 Vll,
1606 2751 1656 2775 Col.
1675 2750 1743 2775 ais.

59 2817 86 2836 50
108 2809 136 2844 9)
161 2810 190 2836 O.
208 2810 225 2836 4
248 2811 334 2845 (vers.
361 2810 470 2843 Diem).
564 2809 610 2843 10)
641 2809 714 2834 Vers.
740 2808 809 2833 Isid.
901 2806 948 2839 11)
972 2806 1004 2834 A.
1022 2806 1091 2831 348.

1467 2856 1514 2879 ιτ*
