2132 3067
620 134 733 161 LIBER
757 135 808 161 DE
831 133 963 162 ANULO
987 135 1034 161 ET
1057 134 1218 162 BACULO.
1681 130 1738 161 521

519 224 623 262 Quem
647 235 808 254 summum
833 223 925 258 dixit,
950 235 1074 254 summa
1097 224 1192 255 licere
1216 224 1314 262 dedit,

357 282 409 305 565
432 275 481 305 Ac
506 275 552 305 510
574 275 714 314 vestivit,
740 280 773 305 ut
798 275 895 317 [nunc
905 274 928 317 ³]
952 275 991 306 de
1014 282 1103 306 veste
1125 275 1294 317 loquamur

519 326 561 356 Et
584 326 623 356 de
648 326 800 365 misterio„
826 333 947 368 quanta
971 332 1077 368 potest
1100 328 1192 358 ratio.

434 377 597 418 Expediat
621 377 719 408 libros
743 383 914 409 contexere
938 379 1214 420 propositumque,

64 441 77 461 5
517 428 568 459 Ad
592 429 676 470 quod
700 439 758 459 nos
782 436 913 460 revocat
935 430 1030 467 actio,
1053 429 1211 463 deserere,

436 479 469 510 Si
494 491 588 521 quem
614 480 694 510 forte
719 485 834 518 movet,
860 481 935 522 quia
959 479 1114 511 delibutio
1138 479 1210 510 talis

353 539 405 561 5ῖο
515 531 693 572 Consignat
716 530 825 562 latices
849 532 982 573 insuper
1005 537 1035 562 et
1059 531 1187 565 calices,

433 582 475 613 Et
497 582 620 624 lapides
644 584 752 620 etiam,
777 594 858 624 quae
882 593 956 623 11011,
980 594 1051 613 011111
1077 583 1328 622 sanctificantur,

518 634 665 675 Amplius
689 634 854 674 accipiunt
876 640 931 665 aut
954 634 1067 665 melius
1090 635 1230 675 sapiunt.

51 698 76 718 ιο
432 685 565 716 Noverit
589 685 668 716 haec
690 686 844 727 propterb
868 696 938 716 sese
961 697 1024 717 non
1048 697 1117 717 esse
1144 685 1311 725 sacranda,

520 737 583 768 Sed
608 738 721 778 magis,
747 742 781 767 ut
803 736 932 767 videant
956 737 1032 778 quid
1057 737 1177 768 faciant
1200 736 1356 769 homines.

356 795 408 819 575
433 788 496 827 Qui
520 794 594 819 sunt
616 794 647 820 et
670 788 795 830 lapides
819 789 894 827 vivi,
919 789 972 829 qui
998 789 1250 826 sanctificantur,

516 839 559 870 Et
582 838 701 870 debent
724 838 855 870 calicem
881 851 1007 871 sumere
1031 846 1105 882 post
1127 840 1265 874 laticem,

431 891 582 933 Denique
606 902 723 921 manna
747 891 829 933 pluit
854 891 1012 922 Dominus
1036 891 1212 933 populique
1237 903 1293 933 per
1317 903 1370 922 ora

49 957 75 976 1⁵
518 942 701 984 Unicuique
724 942 794 982 fuit,
819 943 903 973 sicut
926 943 955 973 ei
980 943 1110 985 placuit.

432 993 519 1035 Ergo
543 995 569 1024 si
593 993 684 1025 cibus
709 1000 758 1025 est
781 1000 827 1025 tot
850 994 1001 1036 gentibus
1027 1005 1108 1025 unus
1132 1000 1163 1025 et
1187 996 1300 1033 omnis,

357 1052 409 1076 580
517 1045 565 1076 Ne
590 1047 706 1076 mirare
730 1046 847 1086 Deum,
872 1047 897 1077 si
922 1046 999 1077 facit
1021 1047 1081 1077 hoc
1105 1046 1221 1077 oleum.

433 1096 516 1128 Cera
540 1097 648 1139 liquet,
674 1097 815 1129 durescit
839 1097 964 1138 1111111115,
988 1098 1112 1129 fervore
1139 1098 1198 1128 sub
1223 1108 1285 1128 uno

517 1149 589 1179 Lux
613 1150 726 1180 eadem
752 1150 857 1192 privat
881 1149 1009 1188 lumine,
1034 1161 1116 1192 quae
1139 1150 1251 1181 reficit.

49 1214 76 1233 20
432 1201 500 1232 Iam
527 1202 602 1243 quia
626 1200 665 1231 de
689 1202 788 1232 veteri
813 1202 890 1232 satis
915 1207 963 1232 est
986 1203 1109 1232 ratione
1132 1201 1305 1243 probatum

518 1252 636 1283 Huncc
660 1252 834 1283 indivisum
861 1254 964 1294 primo
989 1254 1087 1284 fuisse
1111 1253 1258 1294 gradum7

356 1310 407 1334 585
433 1304 567 1334 Constat
591 1310 620 1335 et
643 1304 734 1344 hanc,
760 1315 842 1346 quae
867 1304 1024 1336 dividitur
1047 1316 1105 1347 per
1128 1315 1260 1335 munera
1284 1303 1356 1342 VII,

517 1356 680 1387 Virtutum
705 1367 863 1386 summam
888 1356 1067 1397 presbitero
1092 1367 1162 1386 esse
1186 1356 1305 1393 datam,

434 1407 524 1438 Sicut
547 1408 700 1448 pontifici,
727 1408 801 1449 quia
825 1408 962 1439 nominis
986 1409 1061 1438 unio
1085 1407 1182 1449 cogit,

49 1471 76 1491 25
519 1458 563 1490 L't
587 1470 667 1501 quae
692 1460 902 1498 circunstant,
926 1460 1032 1490 01111113
1055 1459 1259 1490 conveniant.

435 1510 519 1541 Hinc
542 1516 573 1541 et
597 1510 777 1552 Gregorius
801 1521 872 1541 cum
898 1510 1056 1542 decretale
1081 1510 1239 1541 dedisset:

358 1570 410 1593 590
521 1562 578 1593 ‘Ne
601 1562 770 1604 quisquam
795 1573 931 1604 puerum
957 1562 1116 1603 presbiter
1139 1560 1339 1599 oblineretv,

435 1614 577 1645 Auditad
603 1614 699 1645 veteri
725 1613 764 1645 de
790 1613 962 1644 traditione
986 1613 1117 1656 querela

519 1666 640 1706 Legem
665 1665 842 1703 damnavit,
867 1676 961 1707 quam
988 1665 1076 1706 prius
1100 1665 1257 1696 exhibuit.

50 1728 77 1747 so
434 1718 476 1748 At
498 1728 557 1748 nos
582 1717 622 1747 ad
646 1723 789 1748 nostrum
815 1727 936 1747 morem
962 1717 1142 1754 redeamus,
1167 1723 1198 1747 et
1222 1717 1316 1747 istum

518 1768 709 1800 Tractemus
732 1768 825 1800 solita
849 1769 1048 1810 proprietate
1072 1768 1220 1809 gradum.

356 1828 408 1851 595
432 1820 476 1851 Ut
498 1820 629 1862 liqueat,
654 1819 739 1862 quod
763 1820 975 1861 apostolicum
1000 1820 1149 1861 pervadit
1172 1819 1323 1850 honorem

518 1872 581 1911 Qui
605 1882 780 1913 secumque
804 1878 896 1913 putat
919 1883 1038 1913 ponere
1062 1871 1260 1912 pontificem.

435 1924 522 1955 Ecce
545 1923 665 1965 gradus
687 1923 767 1953 alios
790 1924 1021 1964 percurrimus,
1046 1928 1077 1953 et
1100 1933 1159 1953 nec
1183 1923 1215 1952 in
1239 1933 1302 1952 uno

51 1985 78 2005 ³5
519 1975 689 2006 Cernimus
713 1986 782 2006 esse
806 1974 915 2005 datum
941 1974 1099 2016 quidlibet
1122 1985 1139 2004 a
1162 1973 1254 2004 laico.

436 2026 486 2057 Ad
511 2037 653 2057 summos
677 2027 787 2068 apices
812 2027 892 2056 ratio
918 2026 1071 2068 perduxit
1094 2032 1136 2065 et,
1161 2036 1244 2059 ecce,

358 2086 410 2109 600
518 2078 667 2109 Liberior
690 2079 841 2108 minimus
866 2078 927 2108 iam
954 2083 1043 2118 patet
1066 2089 1135 2108 csse
1159 2077 1288 2118 gradus

435 2129 580 2161 Clericus
605 2135 736 2160 ornatur
759 2136 790 2160 et
813 2140 876 2160 non
899 2140 918 2159 a
940 2141 1016 2170 roge
1041 2136 1177 2167 creatur,

519 2181 614 2213 Solus
638 2181 824 2223 pontificum
849 2192 912 2211 non
937 2181 1018 2212 bene
1043 2181 1141 2212 servit
1164 2180 1265 2211 honor

51 2243 78 2263 ⁴0
438 2233 478 2264 Et
502 2234 548 2265 sic
572 2233 611 2264 de
635 2232 767 2274 reliquis
790 2244 901 2274 regum
927 2244 1063 2264 censura
1087 2232 1233 2274 quiescit,

521 2285 631 2316 Solum
656 2284 838 2326 pontificem
864 2285 954 2326 regia
976 2295 1053 2315 cura
1075 2284 1160 2314 facit.

359 2344 411 2367 605
436 2336 478 2367 Et
501 2347 571 2367 011111
597 2336 766 2378 presbiteri
791 2346 880 2366 sacra
905 2343 1035 2377 tangere
1059 2340 1278 2377 pei-vereatur,

522 2388 632 2419 Solum
658 2387 842 2429 pontificem
869 2388 957 2418 curia
980 2387 1047 2418 vult
1071 2388 1209 2418 facere2.

438 2439 512 2479 Sed,
537 2440 590 2481 qui
616 2438 802 2480 provehitur
825 2439 865 2469 ad
890 2450 998 2470 curam
1024 2437 1239 2480 pontificalem

53 2501 82 2521 45
523 2491 664 2521 Omnino
689 2489 785 2521 debet
809 2490 967 2532 presbiter
990 2502 1060 2522 esse
1084 2491 1183 2532 prius.

213 2601 238 2631 a)
262 2609 333 2625 nunc
354 2601 424 2626 deest
444 2609 481 2630 c.,·
501 2601 556 2630 sed,
577 2609 609 2625 ne
630 2601 751 2632 dactylus
772 2600 883 2632 deficiat,
905 2608 975 2624 nunc
997 2600 1038 2624 rel
1057 2599 1148 2624 similis
1162 2608 1213 2625 vox
1228 2599 1377 2631 supplenda
1393 2607 1446 2623 esse
1460 2598 1572 2623 videtur.
1631 2599 1657 2622 b)
1681 2607 1746 2622 corr.

103 2655 173 2672 man.
189 2647 204 2670 2
225 2655 257 2672 eno
277 2655 356 2679 papa.
433 2648 457 2678 c)
480 2648 555 2672 Haec
576 2657 596 2671 c.
673 2647 699 2677 d)
722 2655 793 2671 man.
809 2647 833 2670 2.

211 2746 238 2779 l)
267 2746 387 2772 Frustra
418 2745 467 2772 hoc
497 2746 637 2772 decretum
669 2745 814 2779 quaesivi,·
846 2746 894 2771 sed
925 2744 961 2777 ef.
993 2745 1106 2771 Decret.
1136 2745 1219 2772 Grac.
1250 2744 1324 2771 Dist.
1349 2744 1493 2775 LXVIJL
1523 2753 1546 2770 0.
1575 2744 1598 2769 1.
1624 2746 1646 2767 et
1672 2742 1698 2767 ἱ).
1723 2746 1745 2767 et

105 2797 260 2831 Laxpeyres
282 2807 329 2831 ap.
355 2797 455 2823 ‘Erech
478 2807 506 2824 u.
525 2797 642 2823 Grubest
666 2806 719 2822 ser.
739 2797 795 2828 ΙΙΙ,
820 2797 873 2824 vol.
893 2797 919 2828 ὃ,
941 2806 971 2831 p.
990 2797 1018 2823 9.
1100 2796 1130 2831 2)
1156 2796 1200 2828 Cf.
1224 2797 1317 2830 Rany,
1343 2796 1401 2822 Vita
1426 2795 1548 2821 Amelmi
1571 2804 1595 2820 v.
1617 2794 1671 2819 1503
1689 2802 1744 2826 sqq.

176 2851 273 2876 Libelli
293 2852 326 2875 de
347 2851 400 2876 lite.
431 2852 467 2876 II.
1482 2850 1514 2871 ⁶36
