2132 3067
569 133 620 159 DE
643 132 813 159 UNlTATE
836 133 1044 160 ECCLESIAE
1068 134 1363 162 CONSERVANDA.
1705 134 1766 164 209

118 232 226 253 corum
252 221 403 252 concidit,
442 221 617 262 Postquam
641 222 725 252 enim
750 221 814 253 duo
840 221 895 252 filii
920 223 990 252 eius
1006 224 1097 264 regni
1114 235 1330 264 successores,
1356 225 1516 257 Clotarius
1533 225 1653 257 scilicet
1670 234 1766 268 atque

117 272 331 312 Hilderichus,
354 273 386 303 in
410 273 576 314 primaeva
597 278 702 303 aetate
725 273 898 314 perierunt,
924 285 1005 304 unus
1023 276 1184 306 communi
1203 278 1344 307 omnium
1363 284 1465 308 morte
1483 277 1662 318 defunctus,
1687 277 1766 309 alter

116 330 247 366 propter
269 334 392 354 morum
416 324 619 355 insolentiam
651 325 785 363 occisus,
817 324 1037 356 Theodericus
1068 327 1180 357 tertius
1210 328 1308 358 frater
1331 329 1440 359 multis
1463 329 1712 361 adversitatibus
1736 336 1766 362 et

114 380 187 407 ante
209 386 344 416 regnum
369 382 400 406 ct
422 376 452 406 in
478 386 578 416 regno
602 380 651 406 est
673 375 830 415 afflictus3
855 377 945 407 cuius
963 379 1064 408 maior
1081 378 1204 413 domus,
1228 379 1260 409 id
1284 388 1331 411 est
1353 382 1499 422 provisor
1523 382 1642 422 palatii,
1668 383 1764 413 immo

86 441 99 461 5
115 426 250 458 violator
265 426 385 468 palatii,
410 427 517 458 extitit
533 426 661 469 quidam
679 426 867 458 Ebroinus³
890 429 1061 469 'apostata‚
1087 430 1140 471 qni
1162 431 1244 461 inter
1267 431 1327 461 alia
1352 432 1531 473 tyrannidis
1556 444 1632 463 suae
1650 439 1680 464 et
1697 444 1764 464 cru·
1786 445 1795 452 ·

115 477 252 510 delitatis
282 478 426 509 facinora
456 484 605 509 sanctum
628 478 863 520 Leodegarium
895 480 1082 521 episcopum
1116 487 1147 512 et
1176 482 1305 512 fratrem
1337 484 1405 514 eius
1435 484 1590 515 Gerinum
1622 485 1762 516 diversis

115 530 226 572 poenis
257 535 289 560 et
318 530 516 561 cruciatibus
546 529 725 560 interfecit¹
752 529 934 572 multosque
966 530 1046 561 alios
1079 534 1232 564 mactavit
1262 540 1291 564 et
1323 537 1491 576 oppressit.
1538 536 1609 574 Quo
1633 536 1761 568 tandem

114 582 230 621 occiso,
259 581 418 623 Pippinus
447 582 515 612 dux
538 582 710 612 Austriaeb
735 583 837 612 maior
861 582 974 612 domus
999 583 1146 625 efficitur,
1173 586 1227 626 qui
1252 586 1343 616 iuxta
1366 587 1564 618 nobilitatem
1591 589 1709 629 paritor
1732 594 1763 619 et

113 633 298 675 religionem
323 634 564 675 progenitorum
589 644 720 663 suorum
745 644 827 675 opus
850 639 947 675 atque
971 636 1136 675 negotium
1162 637 1297 677 piissimi
1318 640 1450 669 rectoris
1474 645 1504 670 et
1529 639 1762 679 religiosissimi

69 699 95 718 ιο
114 686 267 728 principis
291 686 473 727 exequitur.
523 684 684 716 Dominus
715 686 799 715 enim
826 685 988 724 Arnolfus,
1019 697 1060 717 ex
1090 687 1155 718 filia
1180 689 1264 729 regis
1290 689 1422 720 Clotarii
1446 697 1549 726 natus,
1581 702 1652 721 cum
1678 698 1763 722 osset

113 739 250 779 primum
275 738 378 768 maior
400 736 524 775 domus,
558 737 588 766 in
619 747 718 778 regno
749 736 850 767 edidit
874 737 996 768 nobiles
1021 744 1052 768 et
1073 739 1191 769 virtute
1215 746 1412 780 praestantes
1436 741 1516 771 tilios
1541 741 1676 783 palati03
1708 744 1760 784 qui

113 794 234 831 postea,
257 799 298 819 ex
318 789 503 820 meritorum
521 788 780 819 consideratione
804 788 908 819 faetus
926 789 1079 819 Metensis
1096 790 1252 821 ecclesiae
1273 792 1455 833 episcopus,
1479 794 1589 833 genuit
1606 794 1676 824 Deo
1700 796 1761 836 spi-

112 840 220 872 ritales
252 839 332 871 filios
361 841 392 870 in
424 839 616 870 sacerdotio.
667 839 769 871 Cuius
800 846 886 871 certe
916 841 1001 871 filius
1032 847 1100 872 erat
1123 842 1295 882 Anchisus,
1325 845 1379 884 qui
1411 843 1449 874 de
1479 846 1606 876 nomine
1630 845 1761 876 Troiani

113 892 273 924 Anchisae
297 892 416 923 dicitur
438 890 618 933 appellatus
629 896 655 931 ἒς
680 892 771 922 cuius
795 892 870 922 item
895 892 980 923 filius
1004 899 1072 924 erat
1095 894 1165 932 iste,
1189 894 1228 925 de
1253 905 1315 936 quo
1332 895 1567 936 supradictum
1586 904 1663 936 estss,
1690 897 1760 939 Pip-

68 956 93 975 η
111 945 216 987 pinus,
238 949 331 985 pater
353 942 475 974 scilicet
490 943 625 974 senioris
643 943 751 974 Caroli
769 949 800 974 et
815 955 896 974 avus
919 945 1005 986 regis
1022 945 1164 986 Pippini,
1188 946 1227 976 de
1251 956 1314 988 quo
1331 947 1377 977 sic
1395 947 1478 977 inter
1494 955 1621 979 caetera
1645 948 1762 989 legitur

111 997 143 1027 in
167 995 276 1027 Gestis
298 995 510 1036 Francorum,
542 995 639 1036 quod,
671 1006 735 1026 uua
766 1006 836 1026 eum
868 996 1002 1027 consilio
1032 1002 1063 1028 et
1091 1007 1250 1028 consensu
1275 998 1416 1029 omnium
1443 998 1638 1030 Francorum
1665 1001 1760 1030 missa

111 1047 264 1079 relatione
293 1047 333 1078 ad
366 1048 474 1078 sedem
505 1046 715 1089 apostolicam
747 1052 779 1078 et
806 1049 996 1079 auctoritate
1021 1055 1184 1090 percepta,
1215 1049 1398 1091 praecelsus
1422 1050 1581 1092 Pippinus
1605 1051 1760 1082 electione

110 1100 208 1131 totius
223 1100 328 1141 gentis
345 1098 536 1130 sublimatus
560 1100 601 1130 sit
623 1099 656 1129 in
680 1098 789 1130 sedem
809 1100 899 1140 regni
918 1111 988 1130 cum
1007 1102 1248 1132 consecratione
1267 1102 1493 1143 episcoporum
1512 1109 1543 1132 et
1559 1103 1759 1134 subiectione

111 1152 303 1193 principum.
349 1151 392 1182 Et
413 1150 509 1192 longe
533 1162 632 1192 supra
654 1152 793 1192 scriptor
809 1151 961 1182 historiae
978 1151 1161 1193 ostendens,
1186 1153 1314 1194 quando
1339 1161 1369 1184 et
1393 1164 1411 1183 a
1435 1165 1498 1195 quo
1522 1154 1687 1185 inchoaret
1710 1153 1760 1186 ille

65 1215 93 1235 u
110 1204 324 1245 principatus,
355 1203 409 1244 qui
441 1203 562 1234 dieitur
591 1203 693 1233 maior
724 1202 855 1234 domus:
888 1204 1050 1245 Tempore,
1083 1205 1219 1246 inquit4,
1252 1204 1401 1245 Clotarii,
1429 1207 1539 1246 patris
1570 1206 1759 1247 Daqoberti,

109 1266 246 1297 regnum
261 1255 465 1286 Francorum
482 1255 554 1296 reyi
570 1259 714 1295 coeptum
731 1260 775 1286 est
792 1260 820 1285 et
837 1255 1071 1286 administrari
1093 1256 1132 1286 ab
1157 1256 1218 1295 his,
1242 1258 1299 1298 qui
1318 1259 1504 1298 provisor-es
1529 1257 1626 1288 aulae
1651 1259 1759 1299 reyz'ue

110 1306 158 1338 vel
178 1307 315 1338 maiores
339 1306 454 1337 domus
477 1318 543 1337 esse
568 1306 774 1347 videbantur,
798 1307 914 1338 divina
939 1307 997 1338 hoc
1021 1308 1234 1348 dispensante
1261 1309 1482 1349 prouidentia,
1512 1314 1546 1339 ut
1577 1310 1620 1339 ad
1645 1309 1756 1341 horum

103 1359 295 1401 proyeniem
312 1358 513 1389 Francorum
530 1357 769 1398 transferretur
785 1370 942 1400 re9num7·
957 1360 1095 1401 fuitque
1112 1371 1146 1390 eo
1164 1365 1304 1401 tempore
1321 1361 1428 1391 maior
1443 1361 1556 1391 (lomus
1575 1362 1609 1390 in
1628 1362 1758 1401 palatio

112 1410 249 1442 Clotarii
269 1411 358 1451 reqis
373 1409 546 1450 Arnolfus,
569 1411 632 1448 vir,
656 1415 691 1440 ut
710 1411 911 1452 postmodum
931 1411 1060 1449 claruit,
1085 1411 1155 1442 Deo
1173 1411 1346 1450 amabilis;
1370 1413 1428 1453 qui
1446 1417 1521 1453 post
1545 1413 1670 1443 saeculi
1693 1413 1758 1454 ylo-

64 1474 91 1494 25
109 1462 195 1492 riam
219 1460 341 1493 Christi
370 1473 402 1493 se
432 1463 564 1493 servitio
595 1462 745 1501 subdens,
774 1462 939 1493 mirabilis
968 1463 1004 1493 in
1035 1463 1223 1504 episcopatu
1256 1465 1370 1494 extitit.
1417 1462 1626 1494 Considerate
1651 1463 1757 1495 hunec

109 1512 253 1544 ordinem
277 1524 383 1543 rerum
407 1519 572 1555 gestarum
605 1518 636 1544 et
665 1514 849 1554 perspicite,
882 1515 908 1544 si
937 1515 1028 1544 iuxta
1057 1515 1250 1555 scripturam
1276 1513 1491 1545 Hildebrandi
1514 1527 1617 1557 papae
1640 1515 1757 1557 aliquis

107 1564 325 1596 Romanorum
349 1565 537 1606 pontificum
559 1565 749 1606 deposuerit
764 1576 783 1596 a
799 1577 899 1607 regno
918 1577 1027 1607 regem
1046 1566 1242 1597 Francorum
1260 1573 1291 1597 et
1306 1566 1525 1607 francigenas
1542 1579 1559 1597 a
1576 1569 1756 1598 iuramento

109 1615 279 1657 fidelitatis,
311 1627 407 1659 quam
431 1617 459 1647 ei
484 1616 646 1657 fecissent,
676 1616 868 1657 absolverit,
900 1618 985 1659 quod
1009 1617 1134 1648 scilicet
1157 1618 1231 1649 fidei
1256 1625 1501 1655 sacramentum,
1531 1619 1613 1650 sicut
1637 1625 1756 1661 supra⁵

108 1668 278 1710 probatum
303 1674 351 1699 est
373 1679 415 1698 ex
438 1669 621 1699 testimonio
644 1679 754 1699 sacrae
777 1670 966 1710 scripturae,
998 1681 1091 1700 nemo
1116 1681 1258 1711 unquam
1284 1669 1406 1700 solvere
1431 1671 1556 1711 poterit,
1589 1671 1648 1700 nisi
1676 1670 1755 1702 forte

63 1731 90 1752 so
109 1719 283 1761 quemlibet
305 1720 380 1750 inde
403 1720 540 1751 solutum
572 1720 677 1751 facere
706 1720 781 1752 velit
810 1720 996 1752 mendacem
1022 1721 1118 1752 simul
1141 1728 1238 1763 atque
1261 1722 1426 1762 periurum
1451 1733 1488 1752 ac
1513 1721 1584 1752 ideo
1609 1722 1754 1753 condem-

107 1777 227 1803 natum.
280 1771 552 1814 Quandoquidem
577 1772 629 1802 ille
655 1771 871 1811 Hilderichus,
903 1772 942 1803 de
965 1783 1028 1814 quo
1052 1774 1170 1814 agitur,
1200 1772 1278 1803 nihil
1302 1774 1430 1804 omnino
1456 1774 1563 1813 regiae
1589 1774 1755 1814 potestatis

109 1822 158 1854 vel
180 1823 346 1865 dignitatis
371 1824 522 1855 habuisse
545 1824 784 1864 describatur63
809 1831 905 1866 atque
930 1824 1001 1855 ideo
1026 1825 1266 1865 comprobatur,
1291 1825 1376 1866 quod
1401 1836 1463 1856 non
1487 1825 1582 1856 fuerit
1606 1825 1754 1856 dominus

109 1874 285 1917 aliquorum
309 1877 377 1906 sive
401 1882 516 1914 rector,
540 1877 691 1918 quoniam
715 1887 774 1906 rex
796 1887 815 1906 a
838 1876 981 1917 regendo
999 1876 1145 1907 dicitu1·⁷.
1180 1876 1224 1907 Ut
1241 1877 1326 1906 enim
1344 1875 1518 1917 quemlibet
1541 1888 1648 1917 regen]
1674 1877 1753 1907 chri-

108 1926 245 1958 stianum
262 1928 566 1969 praetermittamus,
580 1938 667 1966 ecce,
681 1927 844 1969 quomodo
861 1929 906 1959 ‘in
923 1927 1234 1966 Nabuchodonosor,
1252 1938 1326 1968 rege
1343 1928 1460 1958 iniusto
1478 1934 1508 1958 et
1526 1927 1607 1958 ultra
1625 1939 1751 1958 omnem
1773 1938 1799 1955 ³·
1835 1943 1840 1954 ι

63 1989 90 2010 ιε
108 1982 224 2009 terram
248 1980 398 2020 pessimo,
430 1990 516 2020 ecce,
543 1980 684 2021 inquam,
713 1979 875 2021 quomodo
904 1980 1028 2019 regiam
1054 1985 1247 2020 potestatem
1273 1980 1304 2009 in
1329 1989 1366 2009 eo
1389 1978 1509 2009 zelatus
1534 1986 1581 2010 cst
1604 1979 1752 2010 dominus

107 2029 213 2061 Deus:
238 2029 325 2062 Gens
347 2042 433 2070 vero,
457 2031 618 2073 inquiens,
642 2037 670 2062 et
692 2043 840 2073 regnum,
865 2032 951 2073 quod
974 2043 1040 2062 uon
1065 2032 1212 2062 servierit
1228 2030 1531 2061 Nabuchodonosor
1556 2033 1625 2072 reyi
1642 2031 1751 2073 Baby-

107 2081 202 2123 lonis,
231 2087 260 2113 et
290 2084 476 2124 quicunque
499 2094 564 2114 uon
589 2084 777 2114 curvaverit
798 2082 915 2113 collum
939 2094 1033 2113 suum
1057 2083 1114 2113 sub
1141 2084 1217 2123 iuyo
1241 2083 1328 2123 reyis
1351 2082 1545 2124 BabyloniS,
1575 2084 1607 2113 in
1638 2082 1752 2123 yladio

108 2133 243 2174 etfame
265 2139 294 2164 et
314 2135 372 2165 siti
394 2139 422 2165 et
440 2139 528 2176 peste
550 2135 687 2166 visitabo
708 2146 808 2176 super
831 2139 955 2176 gentem
981 2133 1080 2173 illam,
1104 2135 1151 2164 ait
1173 2134 1345 2174 Dominus,
1369 2135 1468 2165 donec
1492 2146 1676 2165 consumam
1702 2146 1753 2165 eos

107 2185 144 2216 in
172 2197 275 2217 manu
304 2186 384 2217 eius.
435 2186 503 2227 Ipsi
527 2187 624 2217 etiam
649 2187 716 2227 regi
742 2185 1041 2216 Nabuchodonosor
1070 2186 1231 2217 iuraverat
1256 2185 1430 2216 Sedechias
1460 2197 1517 2216 rex
1539 2185 1630 2226 Iuda,
1661 2187 1752 2216 cuius

63 2247 92 2267 ιο
108 2235 229 2268 scilicet
249 2238 425 2279 periurium
450 2238 493 2269 ita
516 2238 665 2268 insecuta
686 2244 734 2268 est
757 2237 835 2268 ultio
853 2237 997 2267 divinass:
1022 2237 1094 2268 Vivo
1111 2249 1176 2279 eyo,
1201 2237 1281 2268 dicit
1296 2237 1468 2278 Dominus,
1493 2239 1647 2279 qurmiam
1666 2239 1752 2268 iura-

107 2293 256 2327 mensum,
279 2290 365 2331 quod
387 2290 519 2330 sprevit,
542 2294 570 2320 et
589 2295 733 2332 pactum,
757 2289 843 2332 quod
860 2290 1119 2331 praevaricatus
1142 2294 1196 2328 est,
1215 2301 1341 2331 ponam
1366 2291 1399 2320 in
1424 2295 1522 2330 caput
1539 2291 1618 2329 eius,
1641 2295 1668 2319 et
1692 2302 1752 2321 mo·

107 2340 210 2371 rietur
231 2341 267 2372 in
287 2342 589 2382 praevaricatione,
613 2353 678 2383 qua
703 2341 852 2382 despexit
874 2351 930 2374 me,
972 2339 1037 2376 Qui
1053 2343 1139 2371 enim
1155 2340 1249 2371 solvit
1263 2346 1402 2382 pactum,
1426 2342 1579 2383 uunquid
1603 2341 1750 2383 cffllyl'el?

108 2390 187 2422 dicit
209 2391 380 2423 Dominus.

213 2443 261 2474 17.
306 2442 440 2475 Certum
458 2450 516 2483 est,
533 2444 609 2486 quia
624 2455 736 2474 verum
754 2449 811 2481 est,
837 2443 921 2485 quod
939 2442 1132 2473 Hildebrant
1149 2454 1233 2484 papa
1250 2445 1458 2484 temptaverit
1474 2443 1597 2475 solvere
1616 2446 1750 2486 scriptu·

61 2504 90 2524 ιο
106 2504 174 2525 ram
193 2493 322 2525 Domini
339 2500 371 2526 et
387 2495 539 2527 mandata
555 2495 698 2531 Domini,
723 2506 804 2537 quae
829 2501 903 2525 sunt
926 2494 965 2525 de
989 2495 1112 2525 unitate
1135 2494 1290 2525 ecclesiae
1307 2494 1437 2534 Christi,
1462 2506 1543 2536 quae
1565 2503 1637 2526 sunt
1655 2497 1749 2526 etiam

107 2543 147 2576 de
168 2552 368 2578 sacramento
392 2546 479 2578 fidei.
525 2546 590 2578 Sed
613 2547 748 2586 firmum
772 2546 1028 2588 fundamentum
1052 2546 1117 2577 Dei
1139 2551 1213 2586 stat,
1242 2552 1272 2576 et
1297 2545 1437 2585 dilectio,
1467 2558 1549 2588 quae
1574 2547 1680 2578 valida
1704 2555 1751 2578 est

213 2627 240 2658 a)
262 2627 394 2652 Ebronius
418 2631 439 2653 1.
516 2629 544 2657 b')
565 2629 670 2653 Astn‘ae
694 2630 716 2653 l.
793 2630 817 2659 c)
840 2627 877 2652 sic
893 2632 958 2659 puto
979 2627 1145 2652 scribendum
1167 2636 1236 2657 esse;
1257 2635 1328 2652 nuuc
1351 2629 1374 2652 l.

213 2694 241 2728 1)
264 2694 351 2722 Gesta
373 2705 467 2729 reglum
491 2696 665 2722 Francorum
688 2697 706 2722 l.
724 2696 743 2724 l.
810 2696 840 2728 2)
863 2696 977 2727 Paulus,
1003 2696 1077 2722 Ilist.
1094 2696 1221 2729 Itanyob.
1244 2696 1290 2728 Vl,
1310 2696 1357 2722 23.
1425 2696 1454 2729 3)
1480 2696 1523 2728 (js.
1541 2706 1564 2722 c.
1583 2696 1609 2728 2,
1631 2706 1659 2729 p.
1682 2696 1747 2721 155.

107 2742 138 2778 4)
158 2744 266 2772 Paulus
291 2746 337 2779 VI,
365 2747 412 2779 16,
435 2748 513 2773 cuius
536 2747 621 2774 verba
645 2748 725 2773 auoet't
748 2751 773 2773 et
796 2748 922 2773 mutavit.
989 2746 1019 2782 5)
1045 2746 1089 2779 Cf.
1115 2756 1137 2773 c.
1159 2747 1204 2779 15,
1225 2756 1256 2780 11·
1275 2747 1344 2773 205.
1417 2747 1445 2781 6)
1471 2747 1514 2779 (J.
1538 2756 1562 2772 c.
1581 2748 1606 2778 3,
1629 2756 1657 2780 p.
1681 2748 1746 2771 leb}

59 2799 88 2820 5⁰
109 2794 138 2828 7)
158 2795 228 2823 Isia.
251 2797 341 2831 Etym.
366 2797 430 2831 Vll,
456 2799 503 2831 12,
530 2799 576 2832 17,
604 2798 675 2833 opp.
700 2799 742 2825 ed.
767 2799 905 2824 Aret-alus
926 2798 986 2833 III,
1006 2807 1037 2832 p.
1056 2798 1126 2824 341.
1215 2798 1244 2823 Si
1270 2798 1314 2830 Cf.
1338 2807 1424 2832 supro
1444 2807 1475 2832 p.
1494 2798 1564 2823 205.

177 2850 273 2875 Libelli
294 2852 326 2876 de
346 2853 399 2876 lite.
433 2853 468 2876 11.
1481 2852 1514 2874 ‘27

1775 2043 1817 2061 lcr.
1830 2043 1863 2063 21.
1874 2043 1893 2062 ὃ.

1774 2238 1857 2258 Ῑ-Ῑῑοοὴ,
1869 2239 1901 2262 li,

1775 2269 1853 2287 15.19.
1865 2269 1898 2287 ¹20.

1772 2459 1865 2481 (XVIII)

1772 2548 1851 2567 2.Tim.
1860 2548 1920 2567 219.

1771 2576 1799 2595 (ἰ.
1808 2576 1919 2597 (’;ιι]ῐ.3.6,
