2132 3067
306 1171 338 1195 (⁴¹)

261 1642 270 1651 ‘
279 1644 288 1662 ⁷.
301 1642 342 1662 18¹.

358 150 416 180 152
756 148 909 175 LIBELLI
935 147 1132 174 BERNALDI
1156 146 1395 173 PRESBYTERI
1420 145 1607 173 MONACHI.

358 241 448 271 modo
470 251 643 281 possumus
666 239 772 269 dicere
796 238 1082 276 consecrationem,
1113 237 1193 277 quia
1224 235 1263 266 ab
1294 236 1584 266 eoecommuuicatis
1616 234 1775 265 celebrata
1804 239 1858 265 est.
1909 233 2005 264 Hunc

356 300 461 322 tamen
487 292 555 332 ipse
579 300 768 320 conversum
793 294 823 319 et
848 299 905 330 per
929 287 1137 329 penitentiam
1163 292 1334 329 purgatum
1368 297 1439 316 cum
1473 285 1584 316 ordine
1615 286 1770 327 1·ecepit³,
1798 295 1860 316 non
1885 285 2004 316 reordi-

357 343 453 377 navit,
478 353 516 372 ne
541 341 584 371 illi
609 351 685 371 suae
710 340 886 371 sententiae
910 350 1039 381 quoquo
1063 338 1158 369 modo
1182 337 1417 378 adversaretur,
1441 337 1472 367 in
1497 348 1560 378 qua
1582 336 1851 368 reordinationem
1878 337 2005 379 penitus

357 402 389 425 ut
413 393 699 434 rebaptizationem
724 391 952 432 proscripsisse
969 390 1105 430 videtur,
1129 388 1280 420 videlicet
1300 399 1396 430 quam
1414 387 1525 419 scribit
1540 388 1580 419 ad
1600 388 1774 419 Iohannem
1791 387 2005 429 archiepisco-

357 457 433 487 pum
452 445 670 475 Ravennatem
687 449 711 473 ¹:
736 442 838 481 Sicut,
862 442 976 484 inquit,
1000 441 1093 472 semel
1116 442 1302 482 baptizatus
1326 441 1441 470 iterum
1465 440 1631 480 baptizari
1654 451 1718 470 non
1743 439 1842 477 debet,
1866 440 1914 469 ita
1930 450 2004 470 con·
2025 452 2038 471 5

356 502 501 527 secratus
525 496 618 526 semel
643 496 677 525 in
701 494 806 525 eodem
830 494 945 524 ordine
968 505 1033 524 'non
1058 493 1141 523 valet
1166 493 1281 523 iterum
1305 491 1504 522 consecrari.

462 547 617 578 Eamdem
643 556 771 588 quoque
794 546 984 576 sententiam
1010 544 1048 575 de
1072 543 1217 575 cavenda
1240 542 1518 573 reconsecratione
1541 547 1670 573 sanctus
1692 541 1899 573 Innocentius
1922 552 2006 584 papa

358 600 522 630 Naisitano
547 599 700 640 episcopo
725 597 870 628 scribens
894 597 1034 627 tenuisse
1059 606 1121 626 non
1146 594 1330 633 dubitatur3
1365 593 1418 634 qui
1450 593 1552 624 eidem
1584 594 1738 635 episcopo
1768 593 1900 624 clericos
1925 603 2007 624 sum-

357 662 487 692 mopere
511 660 585 680 suos
610 648 810 680 reconciliari
835 647 969 682 studuit,
993 658 1074 689 quos
1099 646 1167 677 zelo
1192 646 1339 676 iusticiae
1362 644 1475 675 ductos
1491 655 1549 686 pro
1566 644 1705 686 quodam
1729 650 1952 676 reconsecrato
1975 645 2008 676 in

355 703 513 733 aeeclesia
536 707 661 732 retento
686 699 919 731 rationabiliter
942 698 1083 730 doluisse
1107 698 1269 739 cognovit.
1310 696 1390 727 Item
1410 695 1607 726 Aff1·icanum
1632 695 1804 727 concilium
1829 695 2010 738 apostolica
2030 709 2056 727 ιο

356 754 546 784 auctoritate
571 758 803 794 congregatum
828 756 860 782 et
882 750 1118 789 confirmatum,
1142 750 1194 780 cui
1219 749 1332 780 beatus
1357 748 1559 789 Augustinus
1584 748 1728 779 interfuit
1750 755 1782 780 et
1805 748 2008 790 subscripsit,

357 805 499 847 capitulo
524 804 612 835 XV.²
637 803 819 834 firmissime
850 803 1026 842 constituit,
1057 808 1091 833 ut
1122 800 1375 832 reordinationes
1405 810 1486 841 eque
1517 804 1551 830 ut
1582 798 1852 841 rebaptizationes
1881 801 2008 842 penitus

359 857 425 887 fieri
444 867 506 886 non
526 855 629 886 liceat.
675 855 754 886 Item
779 865 917 885 canones
941 853 1200 895 apostolorum³:
1225 851 1264 883 Si
1286 853 1360 892 quis
1383 852 1565 892 episcopus,
1586 852 1755 894 presbyter
1777 852 1825 884 vel
1849 853 2010 884 diaconus

359 909 535 940 secundam
558 919 677 938 manus
700 907 927 948 inpositionem
947 906 1107 946 acceperit
1131 905 1170 935 ab
1195 903 1314 946 aliquo,
1338 903 1524 943 deponatur
1547 908 1573 933 et
1597 905 1667 943 ipse
1690 909 1718 934 et
1740 904 1914 935 ordinator
1929 905 2009 935 eius.

359 959 426 991 Nec
457 959 517 990 lioc
549 964 668 989 temere
699 958 847 997 dixerim,
879 956 964 998 quod
996 967 1154 998 nusquam
1187 956 1217 985 in
1248 955 1418 985 autenticis
1448 955 1576 984 statutis
1599 954 1723 996 aliquos
1747 966 1787 986 ex
1812 955 1914 986 heresi
1939 965 2057 985 con-1⁵

359 1022 470 1043 versos
502 1022 571 1041 esse
602 1010 739 1051 legimus
771 1009 977 1047 ordinandos,
1006 1008 1065 1038 nisi
1096 1006 1310 1038 Paulianistas
1342 1012 1373 1036 et
1402 1005 1481 1036 alios
1513 1005 1708 1046 huiusmodi,
1740 1007 1795 1048 qui
1827 1017 1889 1037 non
1921 1016 2010 1037 more

359 1062 587 1094 catholicorum
621 1061 855 1092 invocationem
880 1066 1010 1091 sanctae
1032 1059 1200 1090 Trinitatis
1222 1059 1352 1098 faciunt,
1377 1058 1431 1100 qui
1455 1057 1551 1088 etiam
1577 1057 1689 1088 iterum
1714 1057 1901 1100 baptizandi
1926 1063 2010 1094 sunt,

361 1127 434 1146 cum
458 1114 499 1145 ad
523 1125 580 1144 nos
605 1114 746 1144 veniunt.

466 1168 549 1196 Sunt
580 1171 686 1195 tamen
717 1164 846 1205 quidam
879 1162 1038 1204 simplices
1064 1163 1266 1202 nimiumque
1290 1160 1437 1198 zelotes⁴‚
1466 1161 1519 1202 qui
1551 1159 1713 1202 quoslibet
1736 1161 1767 1191 in
1791 1161 2008 1192 excommuni-

360 1219 485 1249 catione
510 1216 684 1255 ordinatos,
715 1217 740 1246 si
766 1216 968 1256 resipuerint,
997 1225 1059 1244 non
1084 1224 1156 1244 cum
1182 1213 1294 1243 ordine
1319 1211 1532 1252 recipiendos,
1556 1211 1611 1242 sed
1631 1213 1762 1242 omnino
1778 1211 2011 1243 reordinandos
2031 1225 2058 1244 20

359 1280 429 1300 esse
461 1274 590 1310 putant:
622 1273 652 1298 et
683 1267 743 1297 hoc
776 1265 858 1305 ideo,
890 1267 965 1308 quia
988 1270 1190 1296 sacramenta
1214 1266 1245 1294 in
1270 1263 1605 1294 excommunicatione
1630 1270 1783 1305 usurpata
1806 1263 1934 1305 penitus
1958 1274 2012 1294 ex-

359 1320 487 1351 sufflare
511 1331 574 1350 non
599 1319 756 1349 dubitant.
803 1317 866 1348 Sed
897 1328 955 1348 nos
987 1318 1090 1358 magis
1123 1317 1215 1347 beato
1239 1316 1434 1346 Anastasios
1459 1313 1577 1356 presuli
1602 1314 1780 1356 apostolico
1805 1314 1936 1346 credere
1959 1314 2011 1345 de-

359 1372 483 1412 bemus,
515 1372 569 1413 qui
593 1371 632 1401 ad
659 1370 865 1401 Anastasiuin
893 1370 1118 1410 imperatorem
1143 1368 1289 1399 scribens
1314 1373 1516 1397 sacramenta
1539 1365 1717 1398 aecclesiae
1741 1372 1804 1398 tam
1830 1367 1862 1397 in
1885 1365 2031 1398 ordina·-

360 1423 506 1454 toi·ibus¹’
530 1433 625 1464 quam
658 1423 689 1452 in
721 1421 876 1452 ordinatis
908 1426 975 1451 rata
1007 1432 1077 1451 esse
1110 1419 1344 1461 comprobavit,
1376 1429 1458 1460 quae
1483 1418 1618 1449 Acatius
1649 1418 1833 1459 patriarcha
1855 1417 2011 1450 Constan-

359 1474 600 1517 tinopolitanUS,
626 1474 700 1505 licet
715 1485 733 1504 a
751 1473 856 1504 Felice
881 1483 967 1514 papa
990 1472 1194 1513 dampnatus,
1218 1472 1248 1501 in
1274 1471 1611 1502 excommunicatione
1634 1470 1882 1501 administravit.
1928 1469 2012 1500 Scri-
2031 1482 2058 1502 2⁵

361 1528 406 1558 bit
429 1528 513 1557 enim
539 1528 583 1557 ita
606 1525 646 1556 ad
670 1525 806 1556 cundem
826 1525 1068 1565 imperatorem:
1094 1523 1291 1562 Secundum,
1315 1523 1431 1564 inquit,
1455 1521 1632 1553 aecclesiae
1648 1522 1827 1553 catholicae
1843 1526 2011 1553 consuetu-

360 1580 469 1610 dinem
492 1579 750 1609 sacratissimum
784 1578 970 1607 serenitatis
1000 1581 1074 1606 tuae
1101 1580 1212 1616 pectus
1244 1578 1413 1615 agnoscat,
1443 1574 1529 1615 quod
1553 1572 1679 1604 nullum
1703 1573 1741 1604 (Ie
1765 1573 1826 1613 his,
1857 1584 1936 1615 quos
1964 1572 2012 1604 vel

361 1630 541 1671 baptizavit
571 1630 709 1660 [lcatius
739 1628 786 1659 vel
810 1640 887 1669 quos
918 1629 1100 1658 sacerdotes
1130 1626 1176 1657 vel
1203 1626 1320 1656 levitas
1351 1625 1527 1656 secundum
1553 1636 1696 1656 canones
1719 1625 1912 1664 ‘ov-dinavit,
1942 1623 2010 1656 ulla

361 1694 412 1712 eos
436 1692 475 1711 em
500 1681 628 1711 nomine
646 1681 758 1711 Acatii
778 1681 888 1721 portia
910 1679 1041 1709 lesionis
1065 1679 1219 1719 attingat,
1243 1689 1305 1719 quo
1322 1677 1471 1717 forsitan
1494 1688 1553 1718 per
1576 1677 1728 1717 iniquum
1751 1676 1877 1707 tradita
1901 1686 2011 1706 sacra-

363 1734 459 1764 menti
480 1733 592 1773 ¹qratia
618 1733 729 1762 minus
744 1732 847 1770 firma
872 1731 1033 1762 videatur.
1078 1730 1164 1761 Nam
1191 1734 1218 1760 et
1241 1730 1448 1770 baptismam,
1473 1728 1559 1769 quod
1579 1727 1698 1768 procul
1712 1728 1755 1768 fit
1779 1727 1818 1758 ab
1843 1727 2060 1767 aecclesia,'so

361 1787 427 1815 sire
451 1784 490 1813 ab
516 1784 686 1814 adulter-0⁰
710 1785 777 1813 sive
801 1795 819 1812 a
840 1782 923 1823 fare
938 1783 1049 1821 faerit
1072 1781 1195 1819 datum,
1221 1781 1264 1810 ad
1285 1780 1519 1822 percipientem
1537 1791 1654 1810 niunus
1674 1781 1824 1820 pervenit
1839 1779 2012 1817 illibatum,

363 1837 443 1877 quia
468 1846 529 1866 voa:
553 1834 642 1873 illud,
670 1847 753 1876 quae
774 1846 835 1875 per
858 1834 1055 1864 col1mnbam⁰
1079 1834 1196 1872 sonuit,
1221 1843 1340 1863 omnem
1368 1831 1528 1862 maculam
1553 1831 1718 1861 humanae
1739 1831 1934 1872 pollutionis
1957 1841 2010 1861 εω-

362 1888 473 1926 cludit,
497 1898 563 1928 qua
587 1887 796 1917 declaratur-⁰
820 1890 848 1915 et
871 1886 1013 1916 dicitur:
1037 1884 1111 1915 ‘Hic
1135 1889 1192 1922 est,
1215 1884 1273 1925 qui
1295 1883 1440 1924 baptizat
1460 1883 1494 1913 in
1512 1881 1644 1923 Spiritu
1660 1887 1773 1913 sancto
1790 1887 1818 1912 et
1833 1882 1930 1924 iyni'.
1971 1881 2012 1912 Et

363 1946 435 1980 post
466 1944 606 1980 paucass:
638 1939 788 1975 Acutius,
819 1938 912 1967 cuius
942 1948 1053 1967 nomen
1079 1937 1220 1967 dicimus
1243 1946 1309 1966 esse
1332 1933 1544 1970 reticendum,
1574 1934 1657 1964 male
1680 1933 1763 1964 bona
1787 1933 2011 1965 ministrando

362 1991 425 2022 sihi
448 1995 575 2021 tautum
598 1990 726 2027 uocuit;
752 2000 827 2019 uam
853 1988 1042 2019 inviolabile
1065 1991 1313 2026 sacramentum,
1336 1986 1424 2027 quod
1443 1997 1506 2026 per
1528 1985 1622 2016 *illum
1638 1985 1751 2016 datum
1766 1990 1822 2025 est,
1846 1985 1925 2016 aliis
1939 1995 2011 2025 per·
2031 1997 2058 2017 35

353 2043 530 2084 jectionem
553 2053 633 2072 suae
656 2041 788 2071 virtutis
811 2040 960 2071 obtinuit.
1001 2039 1096 2075 Quod
1120 2041 1149 2069 si
1172 2043 1215 2069 est
1240 2037 1425 2079 aliquorum
1442 2038 1478 2068 iu
1495 2041 1621 2067 tautam
1639 2048 1671 2067 se
1688 2036 1863 2067 eoeteizdens
1879 2036 2012 2067 curiosa

363 2095 517 2135 suspicio,
549 2098 583 2123 ut
616 2093 827 2134 imaginetur,
854 2091 985 2132 prolato
1018 2103 1038 2121 a
1064 2091 1164 2121 Felice
1190 2101 1283 2131 papa
1307 2089 1434 2120 iudicio
1461 2093 1575 2129 postea
1598 2088 1814 2129 inefficaciter
1837 2087 1873 2118 in
1896 2098 2010 2118 sacra-

366 2146 486 2184 mentis,
511 2155 593 2185 quae
610 2145 748 2175 Acatius
766 2144 953 2184 usurpavit,
976 2143 1090 2183 egisse,
1114 2154 1152 2173 ac
1173 2141 1311 2183 perinde
1327 2152 1378 2171 eos
1396 2145 1542 2179 metuere,
1566 2141 1623 2181 qui
1645 2139 1693 2170 vel
1710 2141 1745 2170 in
1763 2139 2013 2170 consecrationi-

363 2197 421 2227 bus
447 2197 492 2227 vel
517 2197 551 2226 in
575 2195 769 2236 baptismate
792 2194 918 2224 tradita
939 2195 1085 2224 ‘misteria
1102 2197 1326 2234 susceperunt,
1351 2203 1390 2223 ne
1408 2192 1505 2222 irrita
1523 2191 1638 2222 diviua
1655 2190 1810 2230 beneficia
1826 2191 2012 2230 videantur,

366 2249 543 2278 meminerit
573 2248 605 2277 in
638 2247 724 2277 hanc
748 2257 872 2287 quoque
893 2250 1019 2286 partem
1045 2245 1196 2275 similiter
1219 2248 1393 2274 tractatum
1416 2242 1584 2284 prevalere
1607 2243 1819 2283 superiorem,
1843 2242 1923 2283 quia
1946 2252 2012 2273 ‘non
2030 2255 2059 2274 (ο

365 2301 434 2330 sine
458 2299 676 2339 usurpatione
705 2298 889 2328 sacerdocii
918 2296 1130 2327 adiudicatus
1163 2296 1220 2326 hoc
1250 2296 1325 2335 egyit,
1355 2296 1387 2325 in
1418 2306 1478 2336 quo
1508 2295 1655 2325 virtutem
1680 2305 1775 2324 suam
1798 2292 2013 2324 obtinentibus

367 2351 517 2381 misteriis
542 2351 575 2380 in
601 2350 658 2379 hoc
681 2360 805 2390 quoque
830 2360 884 2379 rea
907 2348 970 2378 sibi
992 2359 1145 2388 persona,
1169 2347 1246 2377 aliis
1271 2357 1334 2376 uon
1361 2347 1480 2376 nocuit.
1532 2344 1620 2376 Nam
1651 2345 1696 2375 ad
1724 2344 1816 2375 illum
1840 2345 2013 2386 pertinuit,

365 2402 450 2443 quod
472 2401 550 2432 taba
575 2401 731 2431 Davitica
757 2401 909 2430 canitur:
933 2398 1170 2429 ‘Verumtamen
1197 2397 1285 2427 Deus
1309 2396 1542 2438 conquassabit
1565 2397 1679 2437 capita
1709 2397 1914 2427 ini-micorum
1937 2406 2010 2426 suo-

478 2512 504 2541 ει)
525 2511 619 2541 recipit
639 2512 663 2533 ξ’.
740 2510 766 2539 b)
790 2509 918 2533 ordinatis
939 2509 963 2532 9.
1041 2508 1067 2535 c]
1089 2516 1120 2531 ex
1141 2507 1271 2531 adulterio
1292 2514 1359 2530 corr.
1381 2507 1405 2530 9,
1483 2505 1508 2529 (1)
1532 2514 1556 2530 v.
1577 2506 1593 2530 i.
1614 2506 1703 2529 sonuit
1724 2513 1748 2538 q.
1769 2513 1794 2537 p.
1816 2513 1839 2530 c.
1859 2512 1964 2529 omnem
1985 2504 2010 2529 9.

367 2563 393 2581 ct
415 2556 505 2588 aliqua
527 2564 585 2587 sup.
608 2565 662 2581 ras.
684 2557 708 2580 (J.
2031 2556 2059 2576 ⁴3

479 2655 504 2688 l)
528 2653 590 2680 Lib.
609 2653 649 2686 ΙΙ,
673 2662 715 2687 ep.
733 2653 781 2685 46,
808 2662 831 2678 r.
856 2661 942 2686 supra
966 2662 994 2686 p.
1016 2652 1083 2678 119.
1163 2651 1193 2684 ⁴2)
1217 2650 1374 2677 Secundum
1400 2649 1583 2676 recensionem
1608 2648 1961 2683 Dionysio-Hadrianum,
1986 2657 2012 2675 v.

367 2715 453 2740 supra
473 2714 503 2739 p,
519 2705 566 2738 57,
583 2714 609 2731 η.
625 2705 652 2731 23.
720 2705 749 2737 ὃ)
773 2705 871 2738 Sapra
885 2713 913 2737 p.
932 2704 998 2734 119,
1016 2713 1042 2730 π,
1058 2703 1089 2728 6.·
1115 2703 1275 2727 Ber-ualdus
1291 2710 1378 2735 acque
1394 2710 1428 2727 ac
1445 2701 1542 2727 Petras
1560 2700 1700 2726 Damiani
1722 2708 1854 2726 canonem
1875 2699 2013 2734 integrum

368 2766 420 2783 non
442 2756 601 2791 prifferunt.
712 2756 742 2789 4)
771 2756 815 2781 1⁴12
842 2755 940 2788 quibas
969 2757 1028 2780 erat
1054 2753 1245 2785 Bernhardus,
1271 2753 1411 2779 Bernaldi
1435 2752 1536 2779 Cliron.
1560 2752 1697 2785 a.1091,
1722 2751 1776 2779 SS.
1800 2754 1820 2778 t.
1842 2750 1871 2783 V,
1892 2759 1924 2785 p.
1941 2750 2012 2777 451.

370 2810 398 2834 ὃ)
423 2808 478 2842 ΕΡ.
501 2809 525 2843 1,
549 2818 573 2836 c.
593 2808 618 2841 7,
643 2808 685 2834 ed.
714 2807 788 2833 Thiel
811 2807 834 2839 Ι,
856 2815 885 2840 p.
905 2806 964 2832 620
988 2805 1045 2839 (ed.
1072 2805 1224 2831 llinschius
1243 2813 1273 2838 p.
1293 2803 1377 2836 056).
1465 2803 1494 2837 6)
1519 2803 1548 2830 C.
1567 2804 1593 2835 8,
1620 2813 1643 2831 c.
1667 2812 1755 2838 supra
1774 2811 1805 2837 p.
1823 2801 1871 2829 57.
