2132 3067
54 725 79 744 10

51 1041 76 1060 15

47 1296 74 1316 20

46 1553 72 1572 25

43 1810 70 1829 30

42 2066 69 2086 ³5

40 2324 68 2343 40

40 2581 68 2601 1⁵

629 162 743 189 LIBER
768 163 819 189 DE
842 164 972 192 ANL‘LO
996 166 1045 192 ET
1068 166 1228 195 BACL'LO.

444 249 494 280 De
521 249 673 281 baculo
697 251 735 282 lis
761 258 807 282 est
831 252 950 294 populo
977 266 1046 285 cum
1073 256 1218 296 patribus
1243 264 1310 290 orta

386 308 420 329 30
444 300 509 331 Ista
533 301 601 335 fuit,
628 313 709 344 quae
734 314 796 333 11011
823 305 926 335 caruit
951 306 1098 347 caligine,
1124 314 1226 349 porta,

381 564 414 587 35

441 351 506 382 Ista
529 352 597 393 suit,
623 365 704 395 quae
731 354 862 396 diripuit
886 356 1086 398 Paulumque
1111 359 1317 402 Petrumque,

440 403 506 434 Ista
530 404 598 444 fuit,
624 415 706 446 quae
731 417 788 446 par
812 405 923 438 habuit
948 419 1121 450 regemque
1145 410 1326 454 Deumque.

438 454 529 485 Haec
554 455 686 486 frenesis
710 468 773 487 non
797 465 846 488 est
870 457 1015 489 heresis?
1038 471 1100 491 non
1126 469 1172 493 est
1197 463 1396 495 laberiums‘?

439 506 501 536 Per
525 507 673 538 tenebras
698 514 727 539 et
752 520 809 550 pei·
832 509 972 540 latebras
998 522 1059 541 11011
1084 518 1132 543 est
1155 513 1246 545 labor
1270 515 1379 546 intus?

440 557 533 588 Hane
558 557 715 597 volumus,
741 561 925 602 quicunque
950 573 1058 593 sumus
1083 563 1122 594 de
1147 565 1298 605 dogmate
1325 567 1455 608 Christi,

438 608 483 639 Ut
506 609 633 650 fugiant
657 617 688 641 et
710 612 843 643 reiciant
868 615 1080 644 communiter
1103 615 1166 646 isti.

438 659 533 691 Unde
557 661 639 701 volo,
664 673 702 692 ne
726 662 806 693 forte
831 663 904 694 dolo
929 665 1230 708 circummniamur,

438 711 481 743 Ut
507 713 657 753 breviter,
682 713 737 744 sed
761 725 824 745 non
848 714 961 746 leviter
985 717 1149 757 pensanda
1173 718 1353 761 loquamur.

437 763 573 800 Christe,
598 765 694 806 sapis,
718 776 782 806 quo
807 767 904 798 corda
928 769 1016 809 rapis
1040 780 1197 801 succensa
1221 770 1337 804 calore.

379 822 414 844 40
438 815 504 846 Fac
527 815 607 855 fieri,
634 827 716 858 quae
740 818 801 847 scis
826 818 907 858 fieri,
933 831 989 860 pro
1016 822 1104 861 pacis
1129 823 1255 853 amore!

391 1190 405 1214 5

374 1447 407 1470 10

374 1706 407 1729 15

368 1964 402 1987 20

367 2221 400 2244 25

367 2479 401 2502 30

366 2736 400 2760 35

735 911 928 948 INCIPIT
956 913 1119 950 LIBER.

437 977 595 1008 Anulus
619 983 657 1008 et
683 979 854 1010 baculus
879 979 943 1011 duo
967 987 1042 1012 sunt
1064 992 1156 1013 sacra
1180 985 1282 1025 signa,
1308 997 1366 1016 1188
1392 986 1454 1017 11110

519 1029 570 1059 De
594 1027 667 1060 laici
693 1031 842 1062 manibus
867 1032 1073 1073 suscipienda
1098 1034 1204 1065 modo.

436 1080 595 1111 Anulus
621 1087 668 1111 est
693 1083 812 1123 sponsi,
837 1094 974 1124 sponsae
998 1084 1093 1115 datur
1116 1086 1240 1126 anulus,
1264 1093 1298 1118 ut
1322 1099 1354 1118 se

519 1132 652 1164 Noverit
676 1134 770 1165 unius
795 1145 857 1165 non
882 1135 979 1166 alium
1005 1147 1130 1177 cupere.

432 1182 569 1215 Gemma
591 1191 680 1215 notat
703 1197 864 1226 sponsam,
890 1197 1026 1228 sponsus
1050 1189 1195 1229 signatur
1219 1191 1259 1221 ab
1284 1202 1361 1222 aui-o

520 1235 610 1267 Haeo
634 1236 697 1267 duo
722 1238 926 1277 conveniunt,
951 1239 1033 1269 sicut
1056 1246 1086 1271 et
1110 1240 1162 1271 illa
1186 1241 1259 1272 duo.

434 1287 540 1328 Atque
565 1287 637 1318 ideo
662 1288 777 1320 elamat
800 1290 894 1330 primi
919 1301 982 1320 vox
1006 1290 1057 1321 illa
1081 1294 1224 1333 parentis

516 1339 692 1381 Propterea
714 1349 847 1371 matrem
874 1351 945 1371 cum
971 1348 1061 1383 patre
1084 1343 1199 1385 linquit
1222 1344 1317 1376 homo

431 1389 472 1420 Et
496 1391 541 1420 sie
566 1391 710 1422 haerebit
734 1393 836 1429 uxori,
862 1399 1019 1434 quatenus
1045 1394 1127 1425 ultra

516 1441 587 1472 Non
613 1449 685 1473 sunt
709 1453 805 1474 carne
829 1443 903 1481 duo,
927 1445 981 1475 sed
1008 1447 1109 1486 magis
1134 1458 1197 1477 una
1222 1457 1306 1478 caro.

430 1494 472 1524 At
495 1493 667 1524 baculus
690 1494 812 1535 prefert
834 1496 961 1536 signum
985 1498 1124 1537 pastoris
1147 1509 1301 1540 opusque,

515 1545 558 1576 Ut
579 1545 701 1576 relevet
724 1545 842 1587 lapsos,
867 1554 959 1587 cogat
983 1552 1014 1578 et
1037 1549 1081 1579 ire
1104 1550 1226 1591 pigros.

429 1595 577 1628 Christus
601 1603 762 1639 utrunque
787 1598 847 1629 sibi
872 1609 987 1629 nomen
1011 1605 1097 1631 tenet
1120 1600 1327 1643 officiumque

515 1647 664 1679 Christus
688 1648 785 1680 habet
808 1660 969 1691 sponsam,
994 1650 1143 1683 Christus
1169 1652 1250 1683 ovile
1274 1654 1364 1694 regit.

432 1699 497 1738 Qui
522 1699 686 1730 Christum
713 1700 824 1739 credit,
850 1702 931 1732 sicut
956 1713 1046 1734 sacra
1070 1702 1167 1734 leccio
1192 1710 1357 1744 monstrat,

512 1751 631 1782 Natum
657 1753 799 1793 virgineo
823 1753 925 1784 credit
948 1765 1019 1784 eum
1044 1754 1192 1787 thalamo.

429 1801 515 1841 Quid
540 1814 614 1834 vero
638 1803 768 1835 thalami
793 1815 908 1835 nomen
933 1805 1060 1846 signare
1084 1812 1224 1848 putetur,

514 1853 549 1885 Si
571 1865 634 1885 non
660 1867 701 1885 ex
725 1862 814 1886 utero
839 1856 969 1897 prodiit,
994 1864 1027 1888 ut
1051 1857 1216 1888 thalamo?

428 1905 465 1936 In
489 1905 630 1937 thalamo
655 1918 730 1938 sane
754 1909 874 1938 coniux
898 1919 968 1939 cum
995 1910 1130 1951 coniuge
1154 1909 1281 1948 dormit,

511 1956 593 1989 Cum
617 1964 734 1990 natura
757 1958 877 2000 duplex
901 1971 1017 1991 munus
1042 1967 1212 2002 utrumque
1237 1962 1340 2003 capim

429 2007 511 2040 Cum
534 2009 626 2041 Deus
650 2009 824 2041 humanam
849 2012 987 2053 sumpsit
1010 2011 1049 2042 de
1073 2012 1199 2053 virgine
1222 2012 1357 2043 formam

511 2060 625 2092 Sermo
649 2061 712 2092 Dei
737 2073 886 2104 sponsus,
909 2068 941 2094 at
965 2073 1038 2094 earo
1063 2074 1182 2105 sponsa
1206 2064 1274 2095 fuit.

427 2110 469 2143 Et
492 2113 596 2144 coiere
620 2112 683 2144 duo
707 2113 768 2144 sibi
793 2114 1009 2155 naturalitera,
1034 2122 1067 2146 ut
1091 2126 1124 2146 se

512 2164 647 2195 Prorsus
671 2164 710 2196 ab
735 2165 887 2196 alterutro
910 2177 972 2197 non
997 2172 1084 2198 secet
1107 2165 1266 2200 alteruter.

425 2214 520 2247 Unde
543 2215 636 2257 gigas
660 2217 807 2257 geminae
831 2222 963 2248 naturae
987 2218 1104 2249 dicitur
1125 2223 1222 2259 atque

509 2266 626 2307 Fortis,
650 2273 681 2299 et
703 2269 748 2299 ire
773 2267 856 2299 celer
879 2274 975 2310 atque
1000 2269 1103 2300 redire
1126 2270 1222 2303 viam.

425 2317 510 2348 Hine
531 2317 648 2350 Ysaias
671 2329 825 2360 sponsum
849 2331 1063 2362 sponsamque
1086 2321 1214 2351 vocavit

509 2368 551 2400 Et
574 2369 724 2401 diadema
747 2370 841 2402 simul
865 2376 960 2413 atque
984 2371 1101 2403 monile
1123 2371 1225 2403 dedit:

423 2420 459 2451 In
485 2419 615 2452 Christo
639 2427 817 2454 monstrare
841 2423 950 2454 volens
976 2423 1201 2465 hominemque
1225 2422 1397 2466 Deumque

509 2471 552 2503 Et
575 2471 613 2503 de
637 2473 824 2505 muneribus
847 2474 925 2506 haee
947 2474 1010 2506 duo
1034 2475 1143 2505 iuncta
1165 2475 1307 2516 probans

426 2522 587 2566 Sponsum
612 2523 713 2565 regali
737 2525 868 2566 signans
892 2525 1084 2565 diademate,
1108 2536 1260 2567 sponsam

510 2576 573 2607 Per
596 2575 695 2607 clausi
719 2577 846 2618 signum
870 2578 1009 2619 pectoris
1033 2578 1198 2609 insinuans

423 2625 490 2658 Nec
512 2627 730 2669 baptizantem
754 2628 845 2659 labor
868 2635 916 2660 est
939 2628 1050 2660 audire
1076 2628 1260 2669 Iohannem,

509 2677 591 2710 C'um
615 2679 754 2722 populus
779 2679 942 2712 Christum
968 2691 1048 2722 pene
1072 2685 1201 2722 putaret
1224 2691 1315 2711 eum:

425 2729 506 2760 ‘Non
531 2741 601 2761 sum
626 2730 791 2769 Christus',
815 2732 868 2769 ait,
893 2738 962 2763 ‘neo
985 2731 1088 2763 debeo
1111 2743 1170 2763 nee
1194 2731 1266 2763 volo
1294 2731 1392 2772 credi,

198 2824 226 2853 a)
247 2832 279 2848 m.
296 2825 311 2847 2
331 2833 461 2856 super-scr.
481 2827 665 2857 personaliter.

1693 172 1719 201 :31
1730 174 1754 201 »ξ’

1772 378 1787 398 ί.
1800 380 1825 398 1¹.

1766 1415 1843 1435 Mami.
1854 1416 1886 1435 19.
1893 1417 1912 1434 5.

1756 2337 1830 2361 nasi,
1842 2339 1875 2356 10.

1751 2747 1798 2766 1011.
1807 2748 1824 2769 l,
1834 2748 1859 2765 25
1868 2752 1900 2770 sq.
