2101 3072
54 1197 79 1216 10

53 1429 78 1448 1⁵

52 1659 79 1679 20

53 1891 79 1911 25

55 2121 83 2141 ³0

57 2354 84 2372 ³5

61 2585 88 2602 ⁴0

62 2814 90 2833 45

435 667 992 727 TYPOGRAPHI
1040 669 1405 728 ERRATA.

209 821 240 847 P.
256 823 281 853 5,
302 822 319 846 l.
334 821 377 847 26.
398 821 497 853 corriye
517 823 573 845 erat
592 828 670 853 quam
688 830 738 852 pro
760 824 823 852 erat,
845 830 931 854 quam.

209 867 242 893 P.
256 869 281 898 6,
302 867 318 892 ἶ.
334 868 376 892 29.
398 867 452 899 leqe
473 865 631 891 ‘Ber-nardo*
648 876 699 898 pro
720 867 883 892 ‘Bernalclol

209 913 241 939 P.
258 915 300 945 11,

208 960 240 985 P.
258 961 301 989 18,

209 1006 240 1031 P.
254 1006 299 1036 36,

208 1051 240 1078 P.
254 1052 298 1082 40,

209 1098 240 1124 P.
255 1099 299 1128 46,

227 1143 298 1169 aid.

212 1191 240 1217 P.
255 1191 299 1220 56,

209 1237 240 1262 P.
256 1237 299 1261 58.

211 1283 241 1308 Ρ.
257 1283 301 1314 64,

209 1329 241 1355 P.
255 1329 300 1360 83,

210 1375 239 1400 P.
255 1375 298 1405 84,

234 1422 298 1447 ibid.

229 1467 300 1493 md.

229 1513 300 1539 nid.

210 1561 241 1587 P.
255 1561 298 1590 85,

209 1607 240 1631 P.
256 1607 300 1636 86,

319 922 346 938 n.
361 922 384 938 c.
404 913 457 945 lege
477 913 571 945 relinq.
589 922 639 945 pro
659 913 734 945 reliq.

319 969 346 984 η.
363 960 387 984 7.
408 961 462 992 [eye
481 959 531 983 hoc
547 968 599 990 pro
620 959 694 983 haee.

320 1006 336 1031 l.
352 1005 395 1030 27.
417 1005 469 1037 leqe
484 1008 546 1037 post
566 1005 709 1029 Iustiniani
730 1005 740 1021 ⁸
757 1014 809 1037 pro
830 1007 850 1030 ⁷.

318 1061 345 1077 n.
360 1061 384 1077 v.
405 1052 459 1084 leqe
480 1060 511 1076 ex
533 1051 612 1076 eorde
628 1060 680 1083 pro
702 1052 790 1077 corde.

319 1098 336 1124 l.
353 1098 394 1122 13.
417 1098 486 1122 adde
502 1102 563 1129 post
583 1098 638 1122 Leo
661 1098 681 1122 ⁵.

318 1153 345 1169 η.
360 1144 386 1168 4.
401 1144 427 1168 5.
447 1147 514 1175 post.
535 1143 638 1168 Baiter.
658 1144 750 1175 supple
771 1147 787 1168 ι.
803 1143 827 1167 Ι.

320 1191 337 1215 Ζ.
352 1190 396 1215 27.
417 1190 453 1214 acl
473 1189 580 1214 verbum
599 1190 655 1214 sive
674 1190 821 1214 volandum
841 1193 892 1214 est:
912 1190 969 1214 siue
991 1190 1015 1214 2.

319 1236 377 1261 dele
396 1245 423 1261 n.
438 1237 454 1259 2
475 1239 498 1261 et
519 1236 587 1267 Zeqe:
607 1245 631 1262 v.
651 1244 734 1268 supra
750 1245 779 1268 p.
796 1236 839 1261 57.

322 1283 339 1308 Ζ,
356 1282 398 1307 14.
419 1282 472 1315 leye
492 1282 645 1312 Faustinus,
666 1283 830 1307 Honoratus,

321 1329 337 1353 l.
353 1329 396 1353 38.
414 1332 474 1360 post
493 1328 581 1353 miser.
604 1328 673 1352 adde
688 1326 699 1337 ⁸
720 1331 743 1352 et
764 1329 800 1353 ad
820 1337 903 1361 mem-9.
917 1329 944 1360 f.
961 1329 1021 1352 161.

320 1375 336 1400 Ζ.
352 1376 376 1400 3.
396 1377 454 1407 post
474 1377 578 1407 expect.
600 1374 669 1398 adde
684 1377 695 1391 ³
717 1379 740 1399 ec
761 1375 788 1399 in
809 1374 962 1399 lechimzibux

319 1422 335 1446 Z.
351 1422 394 1446 42.
411 1429 463 1453 pro
483 1420 563 1445 ‘deest
583 1420 607 1443 2v
628 1420 681 1453 lege
701 1422 742 1445 ‘esc
763 1421 880 1453 expiavit
899 1429 964 1446 corr.
987 1419 1019 1444 2'.

322 1468 338 1492 l.
356 1469 397 1491 11.
418 1467 474 1491 dele
492 1468 504 1483 ³
520 1469 581 1498 pose
602 1474 642 1491 eo.

321 1514 337 1539 l.
351 1515 394 1538 41.
415 1513 472 1538 dele
489 1515 502 1529 ἃ
516 1517 578 1544 post
600 1515 648 1536 est.

318 1560 335 1585 l.
353 1560 395 1585 13.
410 1562 472 1591 post
490 1558 646 1583 XLVIIII.
668 1558 737 1583 adde
759 1561 780 1583 ⁰.

321 1607 338 1631 l.
355 1606 397 1631 31.
418 1605 472 1638 leqe
491 1613 540 1629 nos
557 1613 607 1636 pro
629 1613 692 1629 non.

208 1653 241 1679 P.
257 1653 318 1682 104,
337 1661 364 1677 n.
379 1652 404 1676 3.
425 1660 491 1676 corr.
508 1660 538 1683 p.
553 1651 606 1674 425
623 1659 675 1682 pro
690 1659 721 1682 p.
737 1651 800 1674 354.

209 1699 241 1724 P.
256 1699 318 1727 117,
339 1699 356 1723 l.
372 1699 397 1723 ὅ,
418 1706 485 1723 corr.
506 1698 613 1730 inquam
630 1706 681 1728 pro
701 1697 729 1721 in
749 1704 837 1729 quam.

210 1745 241 1771 P.
257 1746 319 1774 125,
340 1745 356 1769 l.
371 1744 414 1776 46,
434 1753 462 1769 τι.
479 1745 491 1767 1
513 1745 567 1776 {eye
588 1744 613 1767 ‘l.
628 1742 683 1768 IV'
702 1751 753 1775 pro
774 1743 800 1767 *8.
816 1742 879 1767 IV'.

210 1792 241 1817 P.
258 1792 319 1823 134,
338 1799 364 1815 ⁷2.
383 1791 424 1815 12.
445 1791 498 1822 Zeqe
519 1789 571 1814 527
590 1798 640 1822 pro
661 1789 723 1813 627.

210 1837 242 1863 Ρ.
258 1838 318 1866 140,
338 1846 365 1861 ἰι-
381 1837 406 1861 9.
427 1845 494 1861 corr.
513 1845 540 1868 p.
556 1835 608 1859 628
626 1844 676 1867 pro
693 1844 722 1867 p.
738 1834 801 1865 324,
821 1843 847 1859 π.
862 1834 888 1860 3.

211 1884 240 1909 P.
259 1884 320 1908 141.
341 1883 397 1908 dele
418 1891 443 1907 η,
460 1884 484 1906 1.

210 1930 241 1956 P.
259 1930 320 1959 142,
340 1929 358 1954 l.
373 1929 417 1953 33.
438 1937 505 1953 corr.
526 1928 666 1960 prescribit
682 1936 732 1959 pro
753 1926 920 1959 praescribit.

249 1976 319 2001 [bid.
341 1975 358 2000 l.
371 1976 416 2000 41.
436 1975 490 2007 Zeye
510 1974 682 1999 commentati
698 1982 749 2005 pro
770 1972 956 1997 commendati.

211 2023 245 2048 P.
261 2023 312 2047 144

317 2040 323 2051 ,
344 2022 360 2047 l.
376 2023 400 2046 5.
422 2030 489 2046 corr.
510 2023 664 2053 presumant
681 2028 731 2051 pro
752 2021 932 2050 praesumant.

212 2069 243 2094 P.
260 2069 321 2100 145,
341 2076 369 2093 n.
383 2067 409 2092 4.
431 2067 485 2100 leye
505 2066 566 2098 (ΕΡ.
584 2067 625 2095 14,
643 2075 663 2090 c.
680 2065 703 2088 δ’
722 2074 772 2097 pro
792 2073 835 2089 ην.
850 2063 883 2088 8“.

213 2115 245 2141 Ρ.
260 2115 321 2146 147,
342 2114 358 2141 Z.
376 2113 418 2138 25.
435 2116 497 2145 post
516 2113 618 2145 reliqua
638 2112 731 2144 supple
751 2129 772 2141 ,.

213 2160 244 2187 P.
261 2160 323 2190 153,

213 2206 245 2233 P.
261 2207 322 2238 159,

251 2252 321 2278 [bid.

343 2160 361 2185 l.
376 2160 420 2184 28.
441 2160 496 2192 leye
516 2159 691 2183 rescindimus
708 2166 758 2189 pro
779 2156 949 2181 reeindimus.

344 2207 359 2232 l.
376 2207 419 2230 30.
433 2206 477 2230 31.
499 2214 567 2230 corr.
587 2204 731 2237 predestin.
748 2211 799 2234 pro
819 2202 980 2234 praedestin.

342 2253 358 2277 ἶ.
373 2253 416 2278 43,
437 2260 505 2276 corr.
527 2251 636 2283 preferri
654 2259 703 2282 pro
725 2249 860 2281 praeferri.

215 2299 246 2325 P.
262 2299 323 2330 161,
344 2299 361 2324 Ζ.
377 2299 419 2323 15.
440 2307 507 2323 corr.
529 2297 631 2328 Quodsi
648 2304 697 2328 pro
719 2295 795 2326 Quod
815 2295 845 2318 si.

216 2345 246 2372 Ρ.
262 2345 324 2376 177,

217 2392 248 2417 P.
265 2393 313 2416 191

217 2438 248 2464 Ρ.
265 2438 316 2462 192

218 2485 250 2510 P.
266 2485 315 2508 221

218 2530 250 2556 P.
266 2531 318 2554 246

219 2577 250 2602 P.
265 2577 318 2600 260

220 2623 250 2648 P.
266 2623 317 2647 253

220 2669 250 2694 P.
265 2669 328 2700 300,

221 2715 252 2740 P.
267 2715 319 2739 318

220 2761 252 2788 P.
267 2761 319 2785 328

222 2807 253 2833 P.
268 2807 320 2831 366

344 2345 360 2369 l.
376 2345 419 2369 22.
439 2345 493 2377 Zeqe
513 2345 685 2376 perrexerunt
703 2350 752 2373 pro
773 2342 946 2373 porrexerunt
965 2339 1015 2371 (cs.
1032 2347 1060 2371 p.
1077 2338 1152 2369 25⁷).

321 2411 326 2421 ⁷
347 2391 364 2462 ἕ
378 2391 422 2460 E
451 2391 459 2463 ε
486 2418 542 2443 dele
563 2416 684 2447 uncinus,
703 2424 766 2439 nam
786 2422 853 2446 quae
873 2413 909 2438 eis
931 2412 1103 2438 includuntur
1122 2410 1386 2437 Schwenkenbeclzeri
1406 2414 1474 2433 sunt.

320 2457 328 2513 ἱ
348 2484 363 2508 l.
379 2483 422 2508 27.
443 2484 498 2515 lege
517 2482 705 2505 Montanorum
723 2487 773 2510 pro
794 2481 874 2503 mont.

322 2549 328 2561 ,
349 2530 366 2554 l.
380 2529 424 2560 43,
445 2538 471 2553 η,
486 2529 501 2551 3
525 2528 531 2567 2

321 2595 328 2607 ,
349 2576 365 2600 l.
380 2575 424 2606 48,
444 2584 470 2599 ⁷1.
487 2575 501 2597 2
525 2572 530 2601 ἱ

321 2641 328 2652 ,
349 2622 365 2646 l.
380 2622 423 2647 35.
444 2623 496 2653 que
517 2621 581 2645 dicti
597 2628 648 2651 pro
669 2619 749 2643 dieta.

348 2677 374 2693 τι.
391 2669 415 2692 1.
435 2667 492 2692 dele
512 2668 599 2698 ‘alque
620 2679 654 2682 β
671 2662 802 2696 paleoqr.'

323 2734 328 2746 ,
349 2715 365 2739 l.
388 2715 430 2738 14.
448 2717 507 2745 post
526 2719 612 2744 papae
633 2710 697 2735 add.
717 2710 736 2734 ⁴.

323 2780 330 2792 ,
350 2761 366 2785 l.
385 2760 409 2784 8.
431 2768 497 2784 corr.
519 2762 639 2783 auctores
661 2764 750 2781 eorum
770 2763 819 2787 pro
840 2757 946 2779 auctore
967 2761 1081 2778 seorum.

560 2555 616 2579 dele
636 2553 663 2578 S.

323 2825 329 2837 ,
349 2807 366 2831 Ζ.
384 2806 426 2831 17.
446 2805 499 2837 Zeqe
519 2804 638 2838 ngdam
656 2811 706 2835 pro
727 2802 854 2833 Quedam.
