2132 3067
356 134 418 165 350
477 142 481 144 ’
801 132 1026 160 DEUSDEDIT
1047 132 1288 159 PRESBYTERI
1313 132 1549 160 OARDINALIS

356 226 442 256 dotes
470 225 654 266 insequitur
685 223 853 264 sacrileqii
875 233 949 252 reus
973 222 1079 252 extitit
1109 226 1137 252 et
1163 223 1247 252 sicut
1273 221 1458 263 sacrilegus
1481 222 1663 253 iudicatur.
1708 220 1906 252 Eusebius1:
1938 221 2006 252 Ini-

355 288 450 318 quum
485 277 582 306 nimis
613 280 656 305 est
688 279 784 315 atque
815 275 1037 314 incongruum
1068 284 1136 313 eos,
1173 274 1231 314 qui
1261 275 1428 315 episcopos
1459 273 1507 304 vel
1536 271 1702 314 reliquos³
1729 273 1910 304 sacerdotes
1942 284 2005 304 sua

352 328 576 369 persecutione
608 331 744 365 vexant,
775 325 1007 356 catholicorum
1039 325 1227 356 nominibus
1255 326 1327 356 sine
1358 324 1574 356 discretioneb
1608 325 1751 355 miscere.
1807 323 2006 355 Adrianus¹z

361 378 437 407 Odit
456 378 545 407 Deus
562 388 624 416 eos,
648 377 705 419 qui
722 377 880 407 adversus
900 381 1013 417 patres
1030 381 1216 415 armantur,
1240 381 1275 406 ut
1294 381 1429 417 patrum
1447 377 1626 415 invasores,
1650 377 1709 417 qui
1726 376 1763 406 in
1781 377 1868 407 omni
1882 376 2006 407 ‘mundo

356 429 499 470 infamia
524 433 689 459 notantur.
736 427 942 459 Subiciamus
966 433 1151 459 sanctorum
1176 433 1302 469 patrum
1335 432 1455 459 statuta
1481 427 1521 458 de
1544 426 1665 458 iudicio
1688 427 1907 458 ministrorum
1931 426 2007 466 Dei,
2025 438 2037 458 5

355 492 373 511 a
397 480 516 522 quibus
544 480 611 511 fieri
635 479 783 520 demate,
814 490 928 521 pauca.
975 478 1129 511 Silvester
1160 490 1246 521 papa
1277 480 1309 510 in
1338 478 1475 510 concilio
1499 477 1718 510 CCLXXVII
1743 479 2006 520 episcoporum³z

356 531 471 562 Presul
502 543 645 562 summus
677 543 697 561 a
725 543 887 574 quoquam
918 543 984 562 non
1008 531 1233 571 iudicabitur;
1265 532 1440 573 quoniam,
1470 531 1554 561 sicut
1577 532 1735 572 scriptum
1759 535 1823 561 est:
1853 529 1937 561 ‘Non
1963 535 2007 561 est

203 593 334 617 nummu).
356 583 541 624 discipulus
562 594 661 624 super
676 583 890 625 viiayistrum'.
935 582 1015 614 Item
1032 583 1064 613 in
1081 582 1231 614 eodem⁴z
1254 583 1356 614 Nemo
1372 582 1532 614 iudicabit
1551 582 1698 623 primam
1713 582 1828 622 sedem,
1851 582 2007 623 quoniam

356 646 464 666 omnes
486 635 578 665 sedes
601 646 621 664 a
642 635 757 676 prima
780 634 853 665 sede
875 635 1003 666 iustitia
1028 635 1217 665 desiderant
1240 635 1438 676 temperari:
1469 645 1570 676 neque
1593 633 1634 664 ab
1659 638 1810 675 augusto,
1840 644 1943 675 neque
1966 632 2006 664 ab

357 688 443 718 amni
467 687 548 717 clero
558 687 582 727 ἀ,
606 698 706 728 neque
731 697 752 716 a
771 685 893 727 populo
918 685 1018 716 iudeae
1046 686 1258 718 iudicabitur.
1305 685 1440 718 Presul⁵
1465 697 1538 717 vero
1562 696 1627 717 non
1651 684 1925 716 condemnabitur
1939 684 2008 716 nisi
2028 695 2054 715 ιο

358 740 389 769 in
410 738 535 769 LXXII
548 738 698 775 testibus;
719 737 888 778 presbyter
913 737 1123 769 cardinalis⁰
1148 738 1239 769 urbis
1254 738 1379 769 Romae
1402 739 1436 769 in
1453 737 1594 777 XLIIII,
1618 735 1804 768 diaeonusr
1820 734 2008 767 cardinalis

357 790 448 821 urbis
471 790 594 821 Romae
617 790 653 820 in
678 788 876 828 XXXVII&
906 789 1047 830 reliquih
1073 790 1206 821 ordines
1229 791 1264 821 in
1288 790 1415 820 duobus
1443 789 1491 820 vel
1521 789 1626 819 tribus
1649 788 1780 819 testibus
1803 787 2008 818 damnabun—

356 847 420 872 tur.
466 841 502 872 In
520 841 670 872 eodem⁶z
694 840 790 871 Nulli
806 840 952 871 οἰηηίηοί
973 840 1109 872 clericok
1131 841 1227 872 licere
1250 852 1385 872 causam
1408 842 1443 872 in
1457 840 1591 881 publico
1607 840 1808 879 eaeaminare,
1831 851 1888 870 nec
1905 838 2006 870 ullum

357 894 509 924 clericum
541 898 614 923 ante
645 892 782 923 iudicem
806 893 929 923 laicum
952 897 1040 924 stare
1057 892 1176 934 placet.
1222 891 1374 923 Gelasius
1405 892 1436 922 in
1466 892 1640 933 registro⁷z
1673 890 1806 922 Constat
1835 901 1924 930 eum,
1953 891 2010 932 qui

357 945 519 976 caelestem
542 945 675 975 militem
696 944 821 985 pulsat,
844 956 909 975 non
933 945 969 975 in
993 945 1065 975 eius
1079 943 1198 985 forum
1221 944 1331 976 debere
1355 945 1482 975 sectari.
1527 943 1691 974 Adrianus
1715 943 1747 973 in
1771 942 1944 984 registro⁸z
1967 941 2008 972 In
2030 954 2056 973 ιε

357 997 546 1027 clericorum
570 1007 672 1026 causa
696 996 885 1026 huiusmodi
903 996 1017 1036 forma
1048 1000 1202 1036 servetur,
1236 1001 1271 1026 ut
1306 1006 1515 1038 nequaquam
1548 1006 1601 1026 eos
1635 995 1796 1025 sententia
1829 993 1914 1024 non¹
1951 1003 2009 1024 suo

357 1048 466 1078 iudice
490 1048 578 1078 dicta
601 1048 814 1088 constrz'nqat.
860 1047 927 1078 Leo
952 1058 1037 1088 papa
1065 1047 1097 1077 in
1122 1047 1247 1088 synodo
1272 1046 1392 1078 Romae
1416 1046 1525 1078 habita
1548 1046 1589 1077 ad
1614 1046 1890 1085 Sarmationemm,
1913 1044 2009 1077 Cara-

357 1106 479 1138 tonem,
511 1099 719 1130 Desiderium
754 1103 785 1129 et
814 1098 855 1129 ad
886 1097 1092 1140 presbyteros
1123 1099 1266 1129 omnium
1297 1097 1507 1130 ecelesiarum
1539 1098 1624 1128 circa
1651 1098 1851 1139 provinciam
1882 1096 2009 1128 tertiam

358 1151 582 1182 constitutosv:
620 1150 780 1180 Tantamn
809 1150 936 1181 saeculi
962 1155 1137 1191 potestates
1161 1152 1374 1181 reverentiam
1398 1151 1488 1181 circa
1510 1149 1745 1181 sacerdotalem
1767 1149 1913 1180 ordinem
1932 1159 2008 1190 pre-

360 1203 465 1233 valere
488 1202 676 1241 voluerunt,
708 1206 741 1231 ut
774 1203 869 1232 etiam
893 1202 974 1242 hii⁰‚
1005 1213 1085 1244 quos
1107 1201 1276 1243 imperiali
1303 1203 1431 1233 nomine
1454 1202 1551 1232 terris
1574 1201 1693 1232 divina
1714 1201 1863 1242 potentia.
1882 1210 2010 1242 preesse
2031 1214 2058 1233 ρο

357 1255 513 1296 precepit,
538 1255 591 1285 ins
617 1253 948 1294 <listrinyendorumr‘
972 1255 1175 1295 neqotiorum
1200 1254 1365 1294 episcopis
1386 1253 1512 1284 sanctis
1534 1254 1631 1284 iuxta
1659 1252 1811 1284 divaliaq
1833 1252 2009 1283 constituta

355 1307 578 1346 permiserint.
618 1304 659 1335 Et
676 1304 806 1335 insi-11¹⁰:
833 1304 1023 1336 Censemusr
1046 1306 1167 1346 itaque,
1190 1309 1226 1335 ut
1244 1306 1429 1347 quicunque
1448 1305 1659 1346 pretermisso
1675 1303 1844 1335 sacerdote
1859 1302 2011 1334 ecclesiae

358 1369 438 1387 suae
472 1357 518 1387 ad
551 1357 819 1397 disceptationem
854 1357 977 1387 venerit
1009 1357 1249 1396 saecularium,
1285 1357 1393 1387 sacris
1427 1355 1597 1387 liminibus
1631 1355 1789 1397 expulsus
1827 1367 1848 1386 a
1883 1353 2013 1386 caelesti

361 1414 516 1440 arceatur
540 1408 672 1439 altario.

466 1460 560 1490 Nune
591 1465 831 1501 perscrutemur
861 1459 938 1501 quid
966 1460 1145 1491 senserintS
1170 1459 1415 1491 christianorum
1448 1459 1678 1501 imperatorum
1705 1463 1827 1489 statuta
1858 1457 1897 1489 de
1919 1457 2012 1489 mini-
2031 1472 2059 1491 ξε»

359 1517 497 1542 strorum
524 1511 585 1542 Dei
610 1510 869 1552 persecutoribus
892 1511 960 1542 sive
984 1511 1140 1542 iudicium
1165 1511 1340 1543 eorundem
1365 1511 1427 1542 sibi
1452 1509 1696 1552 usurpantibus,

466 1563 515 1594 10.
561 1563 598 1593 In
626 1563 760 1594 historia
786 1562 1060 1594 ecclesiastiea¹¹:
1094 1562 1331 1595 Constantinus
1362 1564 1543 1604 imperator
1565 1561 1788 1593 sacerdotibus
1811 1562 1878 1593 ait:
1908 1560 2011 1592 ‘Deus

361 1616 525 1646 constituit
549 1627 602 1646 vos
625 1615 807 1646 sacerdotes
836 1619 863 1646 et
885 1619 1071 1656 potestatem
1094 1615 1184 1646 vobis
1208 1615 1297 1646 dedit
1320 1615 1358 1646 de
1381 1614 1474 1646 nobis
1497 1625 1622 1656 quoque
1651 1613 1849 1653 iudicandi,·
1880 1618 1910 1644 et
1938 1613 2010 1644 ideo

362 1678 417 1698 nos
441 1679 461 1697 a
484 1666 573 1698 vobis
596 1671 678 1697 recte
700 1667 911 1705 iudicamur,-
936 1677 991 1698 vos
1015 1671 1121 1698 autem
1144 1678 1211 1698 non
1231 1668 1368 1708 potestis
1392 1667 1432 1698 ab
1457 1664 1642 1697 hominibus
1669 1665 1829 1696 iudicari.
1874 1664 2012 1706 Propter

471 1764 496 1795 a)
519 1771 596 1787 veros
617 1761 684 1787 Eus.
742 1763 771 1792 b)
792 1762 945 1786 discritioue
966 1762 991 1786 B
1006 1763 1027 1787 1.
1087 1762 1111 1794 c)
1135 1763 1251 1787 debeant
1271 1762 1333 1788 ΒΞ.
1390 1763 1418 1793 d)
1439 1770 1525 1796 neque
1548 1761 1653 1793 regibus
1674 1761 1738 1786 add.
1759 1759 1826 1794 Syn.
1890 1761 1917 1791 e)
1938 1760 2010 1786 card.
2031 1767 2059 1786 ³0
2130 1778 2132 1787 .

361 1810 416 1834 urb.
432 1810 463 1833 R.
478 1809 532 1834 cles.
548 1808 613 1841 Syn,
690 1809 712 1833 s»
732 1809 853 1832 diaconis
874 1808 1056 1833 cardinalibus
1078 1809 1102 1832 R
1113 1809 1137 1833 2,
1213 1810 1241 1841 g)
1264 1810 1291 1833 in
1311 1809 1439 1834 XXXVII
1460 1809 1514 1833 des.
1535 1807 1604 1837 BQ·
1623 1807 1737 1832 XXXVI
1758 1806 1822 1839 Syn.
1898 1807 1925 1839 h)
1948 1806 2010 1832 sub·
2129 1796 2132 1828 i

362 1856 502 1886 diaconus,
523 1855 670 1887 acolythus,
692 1855 832 1885 exorcista,
854 1855 938 1879 lector
958 1856 1018 1883 nisi,
1038 1856 1107 1879 sicut
1127 1856 1254 1888 scriptum
1275 1859 1325 1883 est,
1343 1856 1371 1880 in
1391 1859 1493 1888 septem
1513 1854 1674 1879 testimoniis
1695 1853 1760 1886 Syn.
1817 1853 1840 1883 i)
1859 1854 1932 1878 omni
1951 1852 2010 1878 Bl.

361 1902 389 1931 k)
411 1902 448 1926 ita
468 1901 532 1926 Call.
555 1910 614 1926 ean.
635 1901 703 1931 1323
723 1901 811 1925 clerici
832 1900 858 1924 B
872 1901 894 1925 l.
952 1901 971 1931 l)
991 1909 1007 1925 a
1027 1909 1081 1925 non
1102 1909 1149 1926 suo
1171 1901 1236 1932 323
1257 1910 1273 1926 a
1292 1901 1363 1926 deest
1382 1901 1408 1926 Β
1421 1903 1449 1931 1;
1469 1910 1538 1925 corr.
1557 1908 1590 1925 ex
1610 1899 1674 1932 Cap.
1694 1898 1798 1932 Anyilr.
1865 1899 1905 1930 m)
1925 1899 2011 1924 Sarm-

361 1948 450 1973 Carat.
470 1956 520 1972 om.
541 1947 566 1971 B
577 1947 625 1973 21›.-
651 1946 767 1978 spatium
786 1947 832 1971 rel.
945 1950 975 1971 nl
995 1948 1084 1971 Tanta
1105 1966 1110 1972 .
1133 1967 1138 1972 .
1161 1967 1166 1971 .
1189 1966 1194 1972 .
1215 1948 1364 1972 reverentia
1383 1947 1548 1979 prevaluere,
1575 1947 1654 1971 etiam
1679 1946 1706 1970 hi
1727 1966 1732 1971 .
1753 1965 1760 1971 .
1781 1965 1801 1976 .,
1825 1949 1854 1970 ut
1878 1946 1927 1970 ius.
1947 1943 2010 1970 Leo.

362 1997 388 2021 ο)
408 1995 426 2018 ii
447 1994 507 2019 132.
584 1996 613 2025 pl
635 1993 882 2025 distinguendorum
903 1992 928 2016 B
941 1993 966 2016 2.
1052 1993 1081 2025 q)
1103 1993 1230 2018 divinalia
1250 1994 1327 2019 codd.
1409 1993 1434 2022 r)
1454 1994 1606 2018 censuimus
1626 1992 1659 2017 L.
1734 1992 1760 2024 s)
1779 1992 1931 2017 sensum-int
1949 1990 2010 2016 Bl.
2031 1997 2058 2018 ³5

2129 2029 2132 2051 Ι

471 2079 499 2109 1)
524 2077 615 2111 Epist.
640 2077 685 2109 II,
714 2086 737 2104 c.
766 2078 816 2109 10,
849 2077 1002 2103 Hinschius
1029 2087 1061 2111 p.
1086 2078 1162 2105 235.-
1197 2098 1203 2104 .
1229 2098 1235 2105 .
1267 2086 1333 2104 nain
1364 2077 1510 2104 inimicum
1542 2076 1626 2103 nimis
1656 2079 1701 2103 est
1731 2079 1799 2110 etc.,·
1829 2075 1916 2109 Jasfe'
1941 2075 2009 2102 164.
2128 2088 2132 2131 1

364 2130 393 2162 2)
417 2128 510 2162 Capit.
534 2128 714 2162 Anyilramni
737 2137 760 2155 c.
781 2128 827 2160 19,
858 2129 1010 2155 ΗίηεσΙιίιιε
1029 2138 1061 2163 p.
1081 2129 1157 2162 769‚·
1187 2129 1259 2156 idem
1283 2130 1360 2156 Iocus
1382 2130 1472 2163 infra.
1565 2128 1596 2163 3)
1621 2128 1704 2156 Cone.
1727 2128 1809 2154 Rom.
1833 2127 1875 2160 II,
1906 2130 1962 2154 act.
1986 2126 2010 2159 I,
2128 2134 2132 2183 1

363 2190 386 2206 c.
411 2180 438 2212 3,
470 2180 570 2205 Mansi
593 2180 632 2211 ΙΙ,
665 2180 716 2207 cvl.
743 2179 819 2212 62’4‚·
851 2180 920 2207 CoII.
945 2189 1008 2207 can.
1032 2180 1055 2213 I,
1088 2190 1112 2207 c.
1138 2181 1186 2214 75,
1212 2190 1244 2215 p.
1264 2181 1316 2207 72.-
1346 2181 1484 2208 Silvester
1513 2188 1591 2215 papa
1621 2179 1651 2206 in
1678 2178 1803 2206 concilio
1826 2177 2010 2205 CCLXXVIl

364 2231 583 2265 cpiscoporum:
614 2231 715 2265 Neque
739 2231 855 2264 pracsul
887 2234 936 2258 etc.
1056 2232 1086 2266 4)
1115 2231 1191 2259 Ibid.
1215 2235 1270 2260 act.
1294 2233 1336 2265 ΙΙ,
1367 2242 1391 2260 c.
1416 2233 1464 2265 20,
1496 2232 1514 2259 l.
1539 2232 1557 2261 l,
1589 2232 1640 2261 col,
1665 2231 1743 2263 632;
1776 2230 1846 2258 coll.
1869 2239 1933 2256 ean.
1957 2229 2009 2261 IV,

364 2292 387 2308 c.
413 2283 461 2314 235,
488 2292 520 2316 p.
545 2282 622 2307 361:
653 2281 792 2307 Silvester
814 2291 892 2316 papa
914 2282 943 2308 in
969 2283 1093 2309 concilio
1117 2283 1302 2311 CCLXXVII
1325 2284 1545 2319 episcoporum:
1573 2283 1665 2310 Nemo
1695 2285 1746 2309 etc.
1792 2281 1875 2309 Grat.
1900 2280 1931 2308 G.
1954 2280 2010 2313 IX,
2030 2288 2058 2306 ιο

364 2343 407 2366 qu.
434 2334 461 2365 3,
492 2343 515 2359 c.
539 2334 583 2358 13.
693 2333 722 2367 5)
745 2334 805 2360 Act.
830 2334 853 2365 Ι,
878 2343 901 2359 c.
925 2335 942 2360 3
967 2335 985 2361 l.
1009 2335 1027 2361 l.
1053 2336 1104 2362 col.
1129 2335 1199 2362 624.
1309 2336 1339 2371 6)
1362 2336 1422 2362 Act.
1446 2335 1487 2369 II,
1518 2345 1541 2364 c.
1562 2336 1608 2368 15,
1636 2334 1687 2361 col.
1713 2333 1790 2360 629:
1819 2332 1911 2359 Nemo
1935 2330 2011 2358 enim

365 2383 500 2409 clericum
533 2383 691 2417 quemlibet
723 2383 750 2409 in
782 2383 900 2418 publico
932 2386 1076 2412 examinet
1105 2390 1171 2420 etc.;
1205 2387 1243 2420 cf.
1275 2396 1298 2414 c.
1326 2388 1380 2413 16:
1414 2387 1506 2414 Nemo
1536 2386 1611 2413 enim
1643 2385 1766 2413 clericus
1794 2383 1840 2411 vel
1871 2383 2010 2410 diaconus
2128 2370 2132 2445 Ι

397 2455 404 2462 .
429 2455 436 2461 .
467 2440 587 2469 proptor
619 2444 734 2461 causam
766 2444 845 2462 sunm
878 2437 1037 2471 quamlibet
1071 2437 1160 2464 intret
1193 2438 1222 2464 in
1253 2438 1362 2465 curiam
1392 2446 1446 2465 nec
1477 2441 1544 2464 ante
1574 2438 1700 2465 iudicem
1734 2437 1860 2463 cinctum
1894 2442 2010 2461 causam

366 2486 461 2512 dit-cre
485 2490 659 2521 prncsumat.
708 2487 776 2512 (Tull.
802 2497 862 2514 can.
888 2487 939 2520 11⁷,
972 2498 995 2515 c.
1022 2490 1090 2522 156,
1117 2499 1148 2524 p.
1173 2489 1250 2516 431:
1279 2490 1426 2517 Silvester.
1559 2490 1587 2524 7)
1619 2490 1688 2517 Coll.
1716 2498 1778 2516 can.
1806 2486 1860 2520 IV,
1891 2495 1915 2514 c.
1941 2486 2008 2518 156,

360 2548 392 2573 p.
407 2538 483 2563 453.-
507 2537 640 2563 Celusius
658 2537 684 2563 in
703 2541 835 2573 regesto3
857 2539 936 2571 Jaff1³
953 2540 1022 2566 1394.
1054 2541 1118 2567 Alio
1133 2541 1193 2567 loco
1209 2551 1262 2567 non
1278 2541 1438 2575 invenitur,-
1461 2541 1499 2574 cf.
1515 2541 1630 2575 Ewald,
1646 2541 1694 2569 ¹N.
1710 2538 1822 2567 Archiv'
1845 2539 1874 2573 V,
1887 2547 1918 2573 p.
1933 2537 2010 2572 531,-
2030 2546 2058 2566 45
2126 2559 2128 2563 -

365 2590 525 2621 Stet-cusan,
550 2589 767 2615 ‘Osset-vacien?
791 2590 809 2616 l.
833 2590 851 2615 Ι.
872 2600 902 2623 p.
921 2590 991 2618 324.
1111 2593 1140 2625 8)
1166 2593 1258 2627 Capit.
1282 2593 1461 2628 Anyilramni
1489 2602 1511 2621 c.
1531 2593 1578 2626 37,
1609 2592 1763 2619 Ilinschn'un
1780 2600 1812 2626 p.
1832 2590 1910 2624 7645
1940 2589 2009 2617 Cau.

365 2640 490 2666 Anselmi
513 2641 571 2666 III.
601 2640 627 2665 in
647 2640 705 2672 fine
728 2640 799 2666 inter
822 2642 907 2674 capit.
932 2642 1025 2670 Iladr.
1072 2644 1154 2669 Grat.
1180 2644 1210 2670 C.
1234 2645 1288 2677 XI,
1321 2653 1366 2678 qu.
1388 2646 1412 2678 1,
1437 2655 1460 2673 c.
1478 2644 1528 2673 49.
1638 2644 1667 2678 9)
1690 2643 1793 2670 Leonis
1815 2641 2011 2675 Bituricenn's,

373 2691 488 2717 Victoris
514 2692 727 2718 Cenomanmm's
750 2695 774 2717 e!
801 2692 947 2718 Eustachii
973 2693 1140 2720 Turonensis
1163 2696 1257 2729 epist.,
1290 2696 1391 2723 Leonis
1414 2696 1439 2723 I.
1467 2696 1537 2730 Opp.
1563 2696 1606 2722 ed.
1630 2694 1775 2722 Bauer—im·
1796 2695 1820 2727 1,
1849 2692 2010 2720 col-1471.

369 2744 417 2775 10)
442 2743 514 2770 lbid.
539 2743 590 2768 cul.
612 2742 699 2768 1472.
817 2744 865 2777 11)
890 2744 985 2777 Rufini
1009 2745 1083 2771 Ilist.
1107 2746 1171 2773 eccl.
1197 2747 1220 2778 1,
1252 2756 1275 2773 c.
1302 2747 1330 2773 ¹2.
1362 2748 1403 2774 ed.
1428 2747 1563 2783 vallares,
1586 2746 1709 2773 Veronae
1737 2746 1825 2779 1745,
1857 2745 1908 2772 col.
1932 2744 2010 2771 219.-

399 2815 404 2820 .
430 2794 468 2820 :iit
493 2794 528 2819 nd
553 2793 706 2828 episcopos
731 2798 779 2823 etc.
2030 2803 2058 2822 50
