2132 3067
56 712 82 731 10

57 970 82 989 1⁵

54 1228 81 1246 20

55 1486 81 1505 25

55 1744 81 1763 ³0

56 2063 83 2083 3⁵

57 2294 85 2312 40

59 2614 87 2634 45

447 147 636 174 LIBELLUS
661 147 814 175 CONTRA
837 147 1051 175 INVASORES
1075 149 1123 175 ET
1146 149 1397 176 SYMONIACOS.
1685 146 1746 176 329

102 238 133 268 in
157 236 397 278 symoniacama
421 236 568 274 heresim,
600 237 630 266 in
655 247 750 278 quam
776 236 857 267 idem
887 237 1045 267 Henricus
1073 237 1193 268 dudum
1218 237 1382 275 inciderat,
1408 238 1597 279 profundius
1622 238 1747 279 impulit

102 294 132 319 et
154 288 271 318 avertit
294 287 334 318 ab
360 288 583 318 observatione
607 288 790 326 iuramenti,
816 287 902 329 quod
926 288 1012 328 apud
1031 288 1254 319 Canusia1nb·¹
1274 289 1411 320 Tusciae
1432 289 1588 331 oppidum
1613 290 1746 331 prebue-
1781 320 1830 335 w„

101 345 150 370 rat
172 338 276 370 eidem
300 339 429 370 domino
453 350 557 381 papae
580 340 621 370 ad
645 339 866 380 integrandam
893 350 1003 380 pacem
1022 346 1052 370 et
1068 341 1221 370 iustitiam
1239 341 1271 370 in
1288 352 1397 381 regno,
1422 341 1506 382 quod
1525 341 1623 372 multa
1639 353 1746 383 super-

104 392 155 422 bia
177 395 209 422 et
231 389 351 421 malitia
375 390 630 432 perturbaverat.
677 391 814 432 Propter
837 402 920 432 quae
944 392 1050 421 omnia
1074 396 1147 432 post
1171 391 1301 422 multam
1326 392 1584 433 deprecationem
1603 393 1746 423 eiusdem

102 442 223 473 domini
248 452 362 483 papae,
385 449 419 473 ut
443 443 659 484 resipisceret,
684 448 715 474 et
733 453 965 484 saepenumero
982 443 1194 481 vocationem,
1220 449 1253 472 ut
1278 444 1506 484 satisfacerem,
1531 445 1656 475 tandem
1683 445 1745 486 pri-

101 505 188 525 mum
211 494 557 531 excommunicatione,
581 494 707 532 deinde,
731 494 793 524 nisi
816 494 1048 535 acquiesceret,
1073 494 1341 525 comminationec
1365 495 1575 536 depositionis
1599 507 1616 526 a
1639 507 1748 537 regno,

100 546 214 577 iterum
238 544 278 576 ad
302 545 515 577 iuramentum
540 545 758 577 satisfaciendi
783 544 967 587 compulsus
991 550 1039 576 est
1050 550 1071 575 ².
1118 544 1182 575 Sed
1207 552 1326 586 postea,
1351 552 1385 576 ut
1409 546 1528 577 dictum
1553 554 1609 581 est,
1637 559 1655 577 a
1680 559 1747 588 pre-

101 598 166 628 fato
191 596 361 637 Guffierto,
393 608 474 628 novo
500 596 632 628 Simone
662 608 768 638 magO,
798 596 897 628 veluti
927 596 1008 628 alter
1031 596 1116 626 Nero
1148 596 1299 627 seductus
1332 605 1391 637 est,
1424 598 1545 629 scilicet
1575 598 1659 640 quod
1684 609 1745 629 non

102 653 263 690 oporteret
287 648 442 687 eundem,
474 647 573 680 veluti
606 654 730 679 tantum
762 659 869 690 regem
899 649 1095 690 apostolicae
1119 647 1204 678 sedis
1229 648 1346 680 iudicio
1371 650 1521 690 cuiquam
1547 650 1746 688 satisfacereg

101 711 138 730 ac
160 700 186 730 si
210 711 274 730 non
298 705 383 731 esset
407 700 446 731 de
471 700 584 730 ovibus
609 700 694 732 beati
717 700 819 739 Petri,
851 700 1030 741 exceptus‘l
1053 699 1094 730 ab
1118 710 1155 730 ea
1179 698 1374 741 obligatione
1386 706 1407 739 ³,
1439 701 1478 731 (le
1509 712 1571 743 qua
1601 702 1704 732 eidem
1729 712 1746 731 a

102 751 173 782 Deo
204 751 320 783 dicitur
350 752 572 793 quodcumque
595 752 750 792 liyaverit
776 763 876 792 super
906 756 1025 782 tero-am
1054 757 1086 782 et
1116 756 1232 782 cetera.
1278 751 1432 783 Eiusdem
1462 753 1570 794 itaque
1598 754 1747 783 suasione

102 803 223 845 prefata
247 803 309 834 duo
333 804 511 834 iuramenta
535 803 810 844 transgrediendo,
833 804 948 834 iterum
967 814 1135 845 quousque
1152 804 1363 844 resipisceret,
1387 803 1535 844 synodali
1551 804 1746 844 apostolicae

101 854 186 886 sedis
209 855 329 886 iudicio
353 854 490 885 vinculis
513 855 727 886 anathematis
749 854 920 896 alligatus²
945 860 1021 886 est⁴.
1068 854 1216 895 Cumque
1240 865 1298 885 nec
1320 856 1364 885 sic
1382 856 1566 886 satisfacere
1584 862 1613 885 et
1631 866 1746 896 magna

100 917 175 948 pars
204 917 374 948 procerum
403 906 509 947 regni,
540 908 595 948 qui
624 907 796 938 adversum
826 918 899 937 eum
929 905 1177 948 querebanturs,
1207 911 1351 937 cerneret
1378 906 1515 937 eundem
1545 918 1746 948 nequaquam

101 957 245 999 apostolo
276 959 388 997 Petro,
417 958 474 989 sed
503 969 561 989 suo
592 959 716 990 Simoni
747 969 842 1000 mago
872 957 1073 989 solummodo
1103 957 1272 999 obaudire,
1308 958 1435 989 tandem
1465 959 1658 989 unanimiter
1688 958 1747 989 sibi

100 1020 208 1051 regem
233 1009 410 1051 deligentes
434 1021 508 1040 cum
531 1010 644 1041 eodem
663 1010 803 1041 Henrico
820 1011 948 1052 saepius
966 1011 1131 1051 congressi
1147 1015 1221 1040 sunt
1232 1015 1252 1040 ὃ.
1298 1010 1398 1040 Facto
1422 1010 1540 1051 itaque,
1564 1016 1599 1041 ut
1621 1009 1748 1045 assolet,

100 1061 190 1092 vario
213 1060 354 1093 bellandi
370 1066 498 1102 eventu,
522 1062 597 1093 licet
614 1062 651 1100 is,
675 1073 772 1103 quem
789 1061 852 1092 sibi
869 1061 983 1103 prefati
1000 1072 1149 1103 proceres
1167 1061 1378 1102 prefecerant,
1402 1062 1618 1100 occubuisset,
1642 1067 1747 1092 tamen

100 1112 306 1154 postmodum
330 1112 509 1144 diutissime
532 1113 679 1155 plurimis
696 1112 982 1154 depredationibus
1003 1119 1034 1144 et
1057 1113 1214 1144 incendiis
1235 1124 1272 1143 ac
1290 1113 1444 1144 caedibus
1462 1113 1623 1154 utrimque
1641 1112 1746 1144 decer-

99 1170 200 1196 tatum
223 1172 280 1196 est.
327 1165 472 1196 Tandem
498 1165 639 1207 prefatus
663 1171 836 1206 tyrannus,
866 1164 1035 1196 induratus
1059 1171 1092 1196 ut
1115 1165 1235 1204 Farao,
1266 1164 1385 1196 relictis
1412 1164 1452 1195 ad
1477 1164 1691 1196 resistendum
1714 1165 1746 1195 in

101 1216 275 1247 Germania
298 1218 409 1259 copiis,
440 1222 606 1259 assumpto
630 1217 746 1258 partim
772 1227 839 1257 suo,
871 1217 987 1257 partim
1013 1216 1214 1247 conductieio
1238 1217 1305 1247 sive
1328 1217 1477 1257 gregario
1501 1217 1655 1255 exercitu,
1688 1216 1746 1247 Ro-

100 1278 184 1298 mam
222 1274 254 1299 et
291 1267 477 1300 suburbana
513 1269 582 1300 eius
620 1268 906 1309 depredationibus
941 1274 973 1298 et
1010 1268 1169 1299 incendiis
1201 1279 1239 1299 ac
1279 1267 1445 1308 caedibus,
1485 1268 1601 1309 quibus
1639 1267 1747 1302 valuit,

101 1319 311 1361 quadriennio
336 1320 527 1351 devastavit.
573 1320 616 1351 Et
644 1320 773 1351 tandem
805 1331 863 1350 suo
888 1320 1018 1350 Simone
1048 1321 1151 1361 magis
1180 1321 1283 1362 pretio
1314 1331 1409 1362 quam
1442 1320 1473 1349 vi
1503 1319 1715 1350 inthronizato
1728 1323 1748 1357 ὃ,

99 1371 276 1402 abeodem
301 1371 499 1413 imperialem
525 1382 677 1403 coronam
699 1373 836 1414 accepit.
882 1371 924 1402 Et
947 1371 1041 1412 paulo
1066 1378 1139 1413 post
1155 1378 1250 1403 cumss
1274 1371 1385 1402 eodem
1408 1371 1536 1401 militari
1553 1370 1749 1401 Normanno-

100 1423 193 1454 rum¹¹
209 1434 306 1454 manu
323 1422 414 1454 ducis
432 1422 575 1464 Roberti,
599 1424 653 1466 qui
671 1424 702 1454 in
719 1423 841 1454 auxilio
861 1423 1010 1454 dominoi
1032 1434 1136 1465 papae
1155 1424 1333 1464 Gregoriok
1354 1423 1386 1453 in
1402 1423 1601 1453 Adriani0¹·⁷
1619 1422 1747 1463 degenti

101 1475 227 1506 concito
243 1475 345 1513 affuit,
369 1476 554 1517 turpissime
574 1475 705 1516 fugatus
728 1474 903 1514 abscessit,
928 1480 960 1506 et
984 1480 1048 1506 tam
1072 1486 1136 1506 non
1160 1473 1352 1511 faventibus,
1378 1485 1473 1516 quam
1494 1485 1556 1504 non
1575 1474 1749 1504 communi-

101 1526 246 1558 cantibus
277 1526 338 1557 sibi
367 1533 435 1558 acm
465 1526 531 1557 suis
561 1526 774 1569 complicibus
803 1534 835 1558 et
862 1527 982 1557 Romae
1014 1533 1044 1557 et
1073 1528 1105 1557 in
1137 1527 1223 1557 omni
1252 1537 1350 1568 regno
1381 1537 1438 1556 suo
1468 1526 1687 1557 saevissimam
1719 1530 1748 1556 et

101 1577 284 1609 diuturnam
308 1578 414 1609 intulit
437 1579 705 1620 persecutionem.
752 1579 859 1609 Huius
888 1579 935 1609 rei
965 1589 1063 1609 causa
1092 1583 1122 1609 et
1153 1578 1309 1610 ecclesiae
1334 1589 1437 1619 paene
1462 1577 1559 1608 totius
1584 1577 1673 1618 regni
1697 1577 1747 1607 de-

100 1629 230 1669 solatae,
254 1635 285 1661 et
301 1630 475 1661 christiana
492 1630 604 1671 religio
622 1630 857 1672 propemodum
875 1630 1041 1671 dissipata,
1067 1636 1097 1660 et
1114 1629 1197 1661 XCn
1213 1629 1300 1660 milia
1316 1629 1480 1660 hominum
1501 1634 1532 1660 et
1554 1639 1591 1659 eo
1610 1627 1747 1670 amplius

99 1682 132 1712 in
155 1681 292 1712 diversis
317 1682 513 1723 regionibus,
538 1682 656 1713 beato⁰
680 1693 764 1723 papa
788 1681 947 1712 Guiberto
972 1687 1175 1722 cooperante,
1199 1692 1292 1712 caesa
1315 1686 1397 1712 sunt.
1443 1681 1507 1720 Qui
1529 1681 1623 1712 etiam
1649 1680 1748 1722 pulsis

100 1732 264 1764 catholicis
293 1734 454 1776 episcopis
485 1739 516 1765 et
545 1733 740 1765 abbatibusp
771 1733 943 1765 sceleratos
966 1738 997 1764 et
1020 1733 1136 1764 idiotas
1160 1733 1294 1774 singulis
1319 1731 1504 1764 civitatibus
1527 1737 1559 1763 et
1581 1732 1747 1762 cenobiis⁴¹

101 1784 151 1816 vel
174 1784 319 1816 ecclesiis
343 1785 502 1826 singulos,
533 1785 695 1816 interdum
719 1791 827 1817 autem
851 1785 944 1816 binos
968 1784 1018 1816 vel
1041 1795 1165 1815 annuos
1189 1784 1328 1826 prelatos
1352 1783 1526 1815 damnabili
1559 1784 1673 1825 prioris
1697 1788 1747 1814 etr

101 1837 245 1878 magistri
269 1837 318 1868 sui
342 1838 513 1879 SymonisS
546 1838 754 1868 mercimonio
785 1837 1000 1877 substituens,
1031 1838 1062 1867 in
1087 1835 1371 1878 depredationibus
1401 1841 1582 1866 sanctorum
1607 1835 1746 1866 locorum

103 1887 368 1920 christianorumt
401 1889 462 1920 sibi
493 1899 557 1919 non
586 1888 780 1929 faventium,
816 1890 913 1919 immo
944 1894 975 1919 et
1006 1889 1197 1920 faventium,
1233 1888 1308 1918 dum
1343 1898 1405 1917 non
1440 1894 1523 1918 esset
1547 1887 1601 1928 qui
1625 1892 1747 1917 armato

213 2014 239 2041 a]
261 2014 425 2045 symonieam
446 2013 471 2036 B
485 2014 507 2036 1.
584 2013 611 2041 b)
634 2013 670 2036 lta
691 2012 716 2036 Β
730 2013 752 2037 1.
773 2012 852 2041 Patr„
874 2021 940 2037 corr.
963 2012 1107 2036 Canusium
1129 2012 1212 2041 B⁵2a;
1235 2012 1377 2035 Canusium
1400 2011 1474 2034 ΒΞΙι,
1556 2012 1580 2038 c)
1602 2010 1746 2033 communi-

104 2060 234 2084 cationem
254 2059 316 2084 Bl.
394 2059 420 2089 d>
443 2062 468 2083 et
489 2063 614 2090 exceptus
635 2059 737 2083 Barmz.
815 2064 838 2089 e)
863 2059 995 2090 obligatus
1015 2058 1118 2082 Bar-on.
1191 2058 1210 2087 f)
1233 2057 1390 2089 querebatur
1411 2055 1434 2079 Β
1448 2058 1468 2080 1.
1539 2062 1568 2085 μ’»
1589 2056 1747 2087 sequebatur

103 2113 197 2138 papae,
217 2104 322 2137 punctis
342 2105 393 2130 del.
414 2105 439 2129 Β
452 2106 474 2129 1.
555 2105 584 2132 h]
606 2105 818 2129 xormandorum
839 2104 918 2129 1320.
1000 2105 1019 2135 i)
1043 2105 1143 2128 domini
1164 2104 1240 2128 codd.
1327 2103 1354 2128 lm
1378 2102 1413 2133 (ξς
1433 2101 1458 2126 Β
1472 2104 1493 2126 l.
1580 2102 1600 2131 l)
1621 2102 1746 2131 adi-iaiio;

103 2150 171 2176 inter
190 2160 208 2176 n
227 2155 250 2176 ec
271 2160 285 2176 ο
306 2159 436 2183 superscr.
457 2152 466 2175 i
486 2150 553 2181 1313
574 2151 740 2176 Hadrianoio
763 2151 786 2174 Β
799 2152 848 2181 ἰξας
868 2151 1006 2175 Hadriano
1027 2150 1103 2174 Bab.
1163 2154 1200 2174 m)
1221 2157 1350 2181 ευμεν-εον,
1372 2157 1405 2172 m.
1419 2148 1442 2171 2.
1463 2147 1529 2175 BL·
1549 2149 1656 2179 suisque
1677 2147 1746 2172 I'etr.

104 2197 162 2222 Cas.
245 2204 272 2227 n)
294 2206 361 2222 corr.
382 2205 414 2221 ea:
435 2205 466 2221 ex
487 2197 560 2221 nulla
580 2206 613 2222 771.
634 2198 658 2221 2.
680 2197 705 2221 Β
718 2199 747 2222 1;
767 2197 861 2228 viginti
882 2197 954 2221 milia
974 2196 1044 2221 Petu
1130 2198 1156 2225 ο)
1178 2197 1313 2228 katopapa
1334 2194 1405 2219 Petr.
1490 2203 1515 2225 p»
1539 2198 1563 2218 et
1585 2194 1642 2218 aliis
1664 2194 1746 2218 eccle·

103 2244 198 2268 siarum
220 2244 379 2276 praepositis
399 2244 511 2268 scientia
531 2244 628 2275 pariter
648 2247 674 2268 et
693 2243 822 2275 religione
843 2243 1005 2274 pollentibus
1026 2242 1089 2266 aad.
1110 2241 1179 2266 Petr.
1265 2247 1293 2273 q)
1316 2241 1349 2265 ita
1372 2240 1457 2268 l'etr.;
1477 2240 1650 2264 xenodochiis
1671 2239 1745 2263 codd.

103 2290 127 2319 r)
148 2290 218 2314 deese
238 2289 308 2314 Ρείν.
384 2290 406 2321 s)
431 2290 494 2314 Sim.
516 2290 587 2321 magi
608 2289 678 2314 Pelr.
755 2292 777 2318 t)
798 2292 823 2313 et
844 2289 900 2313 chr.
921 2289 990 2313 Petr.

213 2401 240 2436 1)
263 2402 294 2427 A.
320 2401 409 2434 1077,
434 2402 499 2428 Iun.
525 2401 581 2433 28;
603 2400 697 2434 Jqufe‘,
723 2400 798 2427 Ribl.
822 2409 877 2426 rer.
903 2401 997 2427 Germ.
1021 2400 1062 2431 ll,
1083 2409 1114 2434 p.
1133 2399 1203 2425 258.
1296 2400 1324 2424 2]
1350 2399 1482 2425 Crederes
1506 2397 1597 2422 omnia
1621 2397 1689 2422 haec
1712 2396 1749 2421 ad

104 2461 148 2479 'res
171 2456 234 2478 ante
255 2453 309 2479 iter
333 2453 503 2480 Canusinam
527 2456 619 2487 qesta-s·
642 2456 787 2487 spectare,·
817 2453 873 2484 sed,
904 2455 932 2477 ut
955 2461 1009 2478 ¹1:01:
1032 2450 1135 2477 iterum
1159 2452 1246 2481 docet,
1275 2454 1371 2477 auctor
1394 2449 1588 2476 iusiurandum
1613 2458 1640 2474 n.
1661 2447 1748 2477 1079,

107 2504 187 2531 Febr.
214 2505 260 2537 11,
287 2513 340 2539 per
369 2505 476 2539 legatos
501 2505 668 2538 praestitum
698 2504 727 2529 in
758 2504 852 2529 animo
881 2503 972 2533 habet,
1001 2502 1087 2535 «Iasse‘
1118 2503 1159 2535 II,
1188 2512 1217 2536 p.
1243 2502 1320 2529 354.-
1355 2502 1391 2534 cf.
1422 2501 1491 2527 ibid.
1519 2510 1551 2534 p.
1576 2500 1650 2532 403,
1681 2507 1749 2532 qaae

107 2555 191 2589 Greq.
215 2555 279 2582 VII.
302 2555 331 2581 in
354 2557 459 2589 synodo
483 2556 564 2582 Rom.
588 2565 617 2582 α.
637 2556 725 2587 1080,
750 2555 839 2581 Mart.
859 2554 885 2582 7.
911 2554 1045 2588 esposuit.
1134 2554 1163 2587 3)
1186 2554 1261 2579 Idem
1286 2556 1476 2587 arqnmerztum
1500 2556 1589 2578 versat
1614 2552 1698 2583 Greq.
1722 2550 1748 2575 in

106 2606 185 2640 epist.
209 2607 247 2633 ad
269 2606 377 2634 Herim.
402 2607 483 2634 illem.
508 2617 534 2633 α.
556 2607 645 2639 1οῖ6,
670 2607 741 2641 Any.
760 2606 817 2639 ‘25,·
839 2605 924 2638 Jafsc
950 2606 988 2637 II,
1009 2614 1040 2639 p.
1059 2605 1128 2633 ⁶242.
1225 2605 1254 2637 4)
1278 2605 1340 2631 Hoc
1361 2605 1458 2630 iterum
1485 2613 1511 2630 a.
1532 2603 1620 2628 1080.
1639 2602 1747 2634 „r'acrzmi

107 2661 154 2690 est,
178 2657 215 2690 cf.
231 2658 317 2691 Jaffe'
333 2658 375 2691 II,
389 2668 420 2693 p.
434 2659 491 2684 401
510 2667 587 2693 sqq.;
610 2659 664 2684 iam
690 2658 778 2684 tribus
801 2667 865 2683 vero
889 2657 971 2682 annis
987 2660 1052 2682 ante
1067 2656 1208 2689 Rudolj‘us
1231 2656 1331 2682 electas
1354 2659 1422 2687 erat,
1447 2664 1474 2681 a.
1492 2654 1580 2685 low,
1598 2654 1687 2680 Mart.
1705 2653 1749 2677 15.

110 2708 154 2742 C'f·
177 2709 362 2741 Gieeebreclze,
388 2709 563 2736 ‘Kaiserwit’
588 2710 646 2742 III,
666 2719 697 2744 1¹·
715 2709 785 2736 434.
900 2708 929 2741 ὃ)
954 2708 1036 2741 Apud
1059 2708 1237 2734 Melrichstat
1261 2717 1287 2733 a.
1316 2707 1403 2739 1078,
1427 2707 1498 2740 ²12'9·
1526 2706 1550 2738 7,
1578 2704 1749 2730 Flarcldzcim

112 2760 200 2794 1080,
224 2761 287 2788 Ian.
313 2761 361 2793 ⁶27,
387 2761 623 2788 Hohen-Malsen
651 2761 738 2792 1080,
765 2760 822 2787 Oct.
846 2760 892 2785 15.
981 2759 1010 2793 6)
1035 2759 1080 2792 Qf.
1104 2759 1250 2786 Koelmclce
1268 2768 1298 2793 p.
1318 2759 1365 2786 55.
1456 2758 1483 2790 ἶ),
1509 2757 1552 2788 (J.
1577 2754 1751 2781 (iiasebrecht

109 2811 168 2845 III,
186 2821 217 2846 p.
236 2812 306 2839 557.

181 2867 278 2892 Libelli
300 2867 332 2891 de
353 2868 407 2892 lite.
439 2868 472 2892 11,
1485 2862 1518 2884 42

1787 287 1838 305 1077

1770 507 1900 531 1072⁵,Fe1vr

1768 766 1911 786 Mnulrtssm*

1770 869 1833 888 1080.

1769 1073 1817 1091 θυι,
1829 1073 1852 1091 15

1770 1178 1831 1194 ΝΜ.

1786 1307 1848 1329 105⁴,

1770 1336 1835 1354 Mart.
1846 1337 1879 1354 24.

1770 1370 1834 1389 Mart.
1845 1370 1879 1388 31.

1770 1400 1822 1418 Maii
1833 1400 1865 1418 21,
