<?xml version="1.0" encoding="UTF-8"?>
<!DOCTYPE html PUBLIC "-//W3C//DTD XHTML 1.0 Transitional//EN"
    "http://www.w3.org/TR/xhtml1/DTD/xhtml1-transitional.dtd">
<html xmlns="http://www.w3.org/1999/xhtml" xml:lang="en" lang="en">
 <head>
  <title>
</title>
<meta http-equiv="Content-Type" content="text/html;charset=utf-8" />
  <meta name='ocr-system' content='tesseract 3.04.00' />
  <meta name='ocr-capabilities' content='ocr_page ocr_carea ocr_par ocr_line ocrx_word'/>
</head>
<body>
  <div class='ocr_page' id='page_1' title='image "./monumenta02geseuoft_0301.png"; bbox 0 0 2132 3067; ppageno 0'>
   <div class='ocr_carea' id='block_1_1' title="bbox 74 721 100 742">
    <p class='ocr_par' dir='ltr' id='par_1_1' title="bbox 74 721 100 742">
     <span class='ocr_line' id='line_1_1' title="bbox 74 721 100 742; baseline 0.077 -2"><span class='ocrx_word' id='word_1_1' title='bbox 74 721 100 742; x_wconf 83' lang='lat'>10</span> 
     </span>
    </p>
   </div>
   <div class='ocr_carea' id='block_1_2' title="bbox 75 979 102 998">
    <p class='ocr_par' dir='ltr' id='par_1_2' title="bbox 75 979 102 998">
     <span class='ocr_line' id='line_1_2' title="bbox 75 979 102 998; baseline 0 0"><span class='ocrx_word' id='word_1_2' title='bbox 75 979 102 998; x_wconf 82' lang='lat'>15</span> 
     </span>
    </p>
   </div>
   <div class='ocr_carea' id='block_1_3' title="bbox 75 1237 102 1256">
    <p class='ocr_par' dir='ltr' id='par_1_3' title="bbox 75 1237 102 1256">
     <span class='ocr_line' id='line_1_3' title="bbox 75 1237 102 1256; baseline 0 0"><span class='ocrx_word' id='word_1_3' title='bbox 75 1237 102 1256; x_wconf 81' lang='lat'>20</span> 
     </span>
    </p>
   </div>
   <div class='ocr_carea' id='block_1_4' title="bbox 75 1496 106 1516">
    <p class='ocr_par' dir='ltr' id='par_1_4' title="bbox 75 1496 106 1516">
     <span class='ocr_line' id='line_1_4' title="bbox 75 1496 106 1516; baseline 0.032 -1"><span class='ocrx_word' id='word_1_4' title='bbox 75 1496 106 1516; x_wconf 79' lang='lat'>25</span> 
     </span>
    </p>
   </div>
   <div class='ocr_carea' id='block_1_5' title="bbox 75 1754 103 1773">
    <p class='ocr_par' dir='ltr' id='par_1_5' title="bbox 75 1754 103 1773">
     <span class='ocr_line' id='line_1_5' title="bbox 75 1754 103 1773; baseline 0 0"><span class='ocrx_word' id='word_1_5' title='bbox 75 1754 103 1773; x_wconf 79' lang='lat'>30</span> 
     </span>
    </p>
   </div>
   <div class='ocr_carea' id='block_1_6' title="bbox 77 2012 104 2032">
    <p class='ocr_par' dir='ltr' id='par_1_6' title="bbox 77 2012 104 2032">
     <span class='ocr_line' id='line_1_6' title="bbox 77 2012 104 2032; baseline 0 0"><span class='ocrx_word' id='word_1_6' title='bbox 77 2012 104 2032; x_wconf 77' lang='lat'>³5</span> 
     </span>
    </p>
   </div>
   <div class='ocr_carea' id='block_1_7' title="bbox 78 2271 106 2290">
    <p class='ocr_par' dir='ltr' id='par_1_7' title="bbox 78 2271 106 2290">
     <span class='ocr_line' id='line_1_7' title="bbox 78 2271 106 2290; baseline 0 0"><span class='ocrx_word' id='word_1_7' title='bbox 78 2271 106 2290; x_wconf 77' lang='lat'>40</span> 
     </span>
    </p>
   </div>
   <div class='ocr_carea' id='block_1_8' title="bbox 79 2528 108 2548">
    <p class='ocr_par' dir='ltr' id='par_1_8' title="bbox 79 2528 108 2548">
     <span class='ocr_line' id='line_1_8' title="bbox 79 2528 108 2548; baseline 0.034 -1"><span class='ocrx_word' id='word_1_8' title='bbox 79 2528 108 2548; x_wconf 71' lang='lat'>«5</span> 
     </span>
    </p>
   </div>
   <div class='ocr_carea' id='block_1_9' title="bbox 676 150 1774 181">
    <p class='ocr_par' dir='ltr' id='par_1_9' title="bbox 676 150 1774 181">
     <span class='ocr_line' id='line_1_9' title="bbox 676 150 1774 181; baseline 0.001 -2"><span class='ocrx_word' id='word_1_9' title='bbox 676 153 726 179; x_wconf 86' lang='lat' dir='ltr'>DE</span> <span class='ocrx_word' id='word_1_10' title='bbox 750 152 875 180; x_wconf 63' lang='lat' dir='ltr'><strong>CAUSA</strong></span> <span class='ocrx_word' id='word_1_11' title='bbox 898 154 1073 180; x_wconf 73' lang='lat' dir='ltr'>HEINHICI</span> <span class='ocrx_word' id='word_1_12' title='bbox 1100 154 1222 181; x_wconf 71' lang='lat' dir='ltr'>REGIS.</span> <span class='ocrx_word' id='word_1_13' title='bbox 1715 150 1774 180; x_wconf 65' lang='lat'>28?</span> 
     </span>
    </p>
   </div>
   <div class='ocr_carea' id='block_1_10' title="bbox 119 242 1948 2559">
    <p class='ocr_par' dir='ltr' id='par_1_10' title="bbox 119 242 1940 1006">
     <span class='ocr_line' id='line_1_10' title="bbox 121 242 1776 285; baseline -0.002 -8"><span class='ocrx_word' id='word_1_14' title='bbox 121 245 240 284; x_wconf 66' lang='lat' dir='ltr'>domis,</span> <span class='ocrx_word' id='word_1_15' title='bbox 271 243 526 283; x_wconf 86' lang='lat' dir='ltr'>Hildebrandus,</span> <span class='ocrx_word' id='word_1_16' title='bbox 560 242 784 283; x_wconf 61' lang='lat' dir='ltr'>leggebertus¹</span> <span class='ocrx_word' id='word_1_17' title='bbox 817 248 848 273; x_wconf 89' lang='lat' dir='ltr'>et</span> <span class='ocrx_word' id='word_1_18' title='bbox 880 243 1037 273; x_wconf 83' lang='lat' dir='ltr'>innumeri</span> <span class='ocrx_word' id='word_1_19' title='bbox 1071 243 1232 285; x_wconf 82' lang='lat' dir='ltr'><strong>principes</strong></span> <span class='ocrx_word' id='word_1_20' title='bbox 1256 243 1317 275; x_wconf 87' lang='lat' dir='ltr'>Dei</span> <span class='ocrx_word' id='word_1_21' title='bbox 1352 242 1543 274; x_wconf 87' lang='lat' dir='ltr'>ordinationi</span> <span class='ocrx_word' id='word_1_22' title='bbox 1574 243 1605 273; x_wconf 91' lang='lat' dir='ltr'>in</span> <span class='ocrx_word' id='word_1_23' title='bbox 1635 242 1776 273; x_wconf 89' lang='lat' dir='ltr'>Henrico</span> 
     </span>
     <span class='ocr_line' id='line_1_11' title="bbox 120 294 1778 338; baseline -0.002 -10"><span class='ocrx_word' id='word_1_24' title='bbox 120 298 315 338; x_wconf 81' lang='lat' dir='ltr'>imperatore</span> <span class='ocrx_word' id='word_1_25' title='bbox 338 295 534 333; x_wconf 87' lang='lat' dir='ltr'>restiterunt,</span> <span class='ocrx_word' id='word_1_26' title='bbox 565 299 596 324; x_wconf 88' lang='lat' dir='ltr'>et</span> <span class='ocrx_word' id='word_1_27' title='bbox 619 304 708 332; x_wconf 90' lang='lat' dir='ltr'>eece,</span> <span class='ocrx_word' id='word_1_28' title='bbox 739 295 830 335; x_wconf 82' lang='lat' dir='ltr'>quasi</span> <span class='ocrx_word' id='word_1_29' title='bbox 855 305 916 325; x_wconf 88' lang='lat' dir='ltr'>non</span> <span class='ocrx_word' id='word_1_30' title='bbox 942 294 1069 333; x_wconf 80' lang='lat' dir='ltr'>fuerint,</span> <span class='ocrx_word' id='word_1_31' title='bbox 1098 296 1278 336; x_wconf 73' lang='lat' dir='ltr'>perierunt3</span> <span class='ocrx_word' id='word_1_32' title='bbox 1307 295 1383 336; x_wconf 88' lang='lat' dir='ltr'>quia</span> <span class='ocrx_word' id='word_1_33' title='bbox 1406 294 1550 336; x_wconf 89' lang='lat' dir='ltr'>profecto</span> <span class='ocrx_word' id='word_1_34' title='bbox 1575 305 1705 326; x_wconf 88' lang='lat' dir='ltr'>necesse</span> <span class='ocrx_word' id='word_1_35' title='bbox 1730 300 1778 326; x_wconf 92' lang='lat' dir='ltr'>est</span> 
     </span>
     <span class='ocr_line' id='line_1_12' title="bbox 121 345 1777 388; baseline -0.002 -8"><span class='ocrx_word' id='word_1_36' title='bbox 121 348 240 380; x_wconf 80' lang='lat' dir='ltr'>malum</span> <span class='ocrx_word' id='word_1_37' title='bbox 265 348 366 378; x_wconf 86' lang='lat' dir='ltr'>fuisse</span> <span class='ocrx_word' id='word_1_38' title='bbox 391 346 597 388; x_wconf 83' lang='lat' dir='ltr'>principium,</span> <span class='ocrx_word' id='word_1_39' title='bbox 621 356 757 387; x_wconf 91' lang='lat' dir='ltr'>quorum</span> <span class='ocrx_word' id='word_1_40' title='bbox 783 345 856 376; x_wconf 89' lang='lat' dir='ltr'>finis</span> <span class='ocrx_word' id='word_1_41' title='bbox 879 347 1037 387; x_wconf 85' lang='lat' dir='ltr'>pessimus</span> <span class='ocrx_word' id='word_1_42' title='bbox 1061 346 1252 377; x_wconf 83' lang='lat' dir='ltr'>subsecutus</span> <span class='ocrx_word' id='word_1_43' title='bbox 1276 352 1332 377; x_wconf 88' lang='lat' dir='ltr'>est.</span> <span class='ocrx_word' id='word_1_44' title='bbox 1381 346 1473 377; x_wconf 89' lang='lat' dir='ltr'>Nunc</span> <span class='ocrx_word' id='word_1_45' title='bbox 1498 357 1585 387; x_wconf 84' lang='lat' dir='ltr'>ergo,</span> <span class='ocrx_word' id='word_1_46' title='bbox 1613 347 1777 388; x_wconf 83' lang='lat' dir='ltr'>quoniam,</span> 
     </span>
     <span class='ocr_line' id='line_1_13' title="bbox 120 397 1777 443; baseline -0.001 -12"><span class='ocrx_word' id='word_1_47' title='bbox 120 400 175 443; x_wconf 89' lang='lat' dir='ltr'>qui</span> <span class='ocrx_word' id='word_1_48' title='bbox 199 411 239 431; x_wconf 77' lang='lat' dir='ltr'>ex</span> <span class='ocrx_word' id='word_1_49' title='bbox 262 399 400 430; x_wconf 85' lang='lat' dir='ltr'>adversa</span> <span class='ocrx_word' id='word_1_50' title='bbox 423 404 506 437; x_wconf 88' lang='lat' dir='ltr'>sunt,</span> <span class='ocrx_word' id='word_1_51' title='bbox 538 398 604 428; x_wconf 86' lang='lat' dir='ltr'>suis</span> <span class='ocrx_word' id='word_1_52' title='bbox 633 398 803 429; x_wconf 84' lang='lat' dir='ltr'>adversum</span> <span class='ocrx_word' id='word_1_53' title='bbox 836 408 894 428; x_wconf 89' lang='lat' dir='ltr'>nos</span> <span class='ocrx_word' id='word_1_54' title='bbox 919 398 1044 428; x_wconf 86' lang='lat' dir='ltr'>eminus</span> <span class='ocrx_word' id='word_1_55' title='bbox 1069 397 1286 440; x_wconf 71' lang='lat' dir='ltr'>digladiantur</span> <span class='ocrx_word' id='word_1_56' title='bbox 1310 397 1618 437; x_wconf 71' lang='lat' dir='ltr'>ratiocinationibus,</span> <span class='ocrx_word' id='word_1_57' title='bbox 1649 404 1777 429; x_wconf 74' lang='lat' dir='ltr'>vestroa</span> 
     </span>
     <span class='ocr_line' id='line_1_14' title="bbox 120 449 1776 489; baseline -0.001 -7"><span class='ocrx_word' id='word_1_58' title='bbox 120 451 240 482; x_wconf 88' lang='lat' dir='ltr'>iudicio</span> <span class='ocrx_word' id='word_1_59' title='bbox 263 450 380 489; x_wconf 89' lang='lat' dir='ltr'>ubivis,</span> <span class='ocrx_word' id='word_1_60' title='bbox 411 449 460 480; x_wconf 90' lang='lat' dir='ltr'>vel</span> <span class='ocrx_word' id='word_1_61' title='bbox 491 449 585 480; x_wconf 85' lang='lat' dir='ltr'>ctiam</span> <span class='ocrx_word' id='word_1_62' title='bbox 610 450 642 479; x_wconf 91' lang='lat' dir='ltr'>in</span> <span class='ocrx_word' id='word_1_63' title='bbox 667 455 774 480; x_wconf 85' lang='lat' dir='ltr'>vestro</span> <span class='ocrx_word' id='word_1_64' title='bbox 798 449 917 479; x_wconf 86' lang='lat' dir='ltr'>iudicia</span> <span class='ocrx_word' id='word_1_65' title='bbox 941 460 1148 479; x_wconf 81' lang='lat' dir='ltr'>conseramus</span> <span class='ocrx_word' id='word_1_66' title='bbox 1173 449 1353 489; x_wconf 75' lang='lat' dir='ltr'>domicili03</span> <span class='ocrx_word' id='word_1_67' title='bbox 1383 455 1506 481; x_wconf 87' lang='lat' dir='ltr'>tantum</span> <span class='ocrx_word' id='word_1_68' title='bbox 1535 461 1598 480; x_wconf 87' lang='lat' dir='ltr'>non</span> <span class='ocrx_word' id='word_1_69' title='bbox 1624 461 1680 480; x_wconf 91' lang='lat' dir='ltr'>suo</span> <span class='ocrx_word' id='word_1_70' title='bbox 1706 461 1776 480; x_wconf 90' lang='lat' dir='ltr'>usu-</span> 
     </span>
     <span class='ocr_line' id='line_1_15' title="bbox 120 501 1777 542; baseline -0.002 -8"><span class='ocrx_word' id='word_1_71' title='bbox 120 504 214 541; x_wconf 76' lang='lat' dir='ltr'>rario,</span> <span class='ocrx_word' id='word_1_72' title='bbox 243 502 296 533; x_wconf 84' lang='lat' dir='ltr'>sed</span> <span class='ocrx_word' id='word_1_73' title='bbox 323 501 444 533; x_wconf 87' lang='lat' dir='ltr'>Christi</span> <span class='ocrx_word' id='word_1_74' title='bbox 468 505 499 532; x_wconf 86' lang='lat' dir='ltr'>et</span> <span class='ocrx_word' id='word_1_75' title='bbox 521 501 724 542; x_wconf 87' lang='lat' dir='ltr'>antiquorum</span> <span class='ocrx_word' id='word_1_76' title='bbox 750 506 878 542; x_wconf 87' lang='lat' dir='ltr'>patrum</span> <span class='ocrx_word' id='word_1_77' title='bbox 903 506 1031 532; x_wconf 85' lang='lat' dir='ltr'>utamur</span> <span class='ocrx_word' id='word_1_78' title='bbox 1054 502 1248 532; x_wconf 83' lang='lat' dir='ltr'>testimonio.</span> <span class='ocrx_word' id='word_1_79' title='bbox 1295 501 1342 532; x_wconf 77' lang='lat' dir='ltr'>Ac</span> <span class='ocrx_word' id='word_1_80' title='bbox 1367 512 1406 531; x_wconf 92' lang='lat' dir='ltr'>nc</span> <span class='ocrx_word' id='word_1_81' title='bbox 1430 501 1511 532; x_wconf 77' lang='lat' dir='ltr'>sorte</span> <span class='ocrx_word' id='word_1_82' title='bbox 1536 506 1695 541; x_wconf 77' lang='lat' dir='ltr'>recusent,</span> <span class='ocrx_word' id='word_1_83' title='bbox 1725 501 1777 532; x_wconf 80' lang='lat' dir='ltr'>lex</span> 
     </span>
     <span class='ocr_line' id='line_1_16' title="bbox 119 551 1776 595; baseline -0.002 -9"><span class='ocrx_word' id='word_1_84' title='bbox 119 555 213 586; x_wconf 86' lang='lat' dir='ltr'>huius</span> <span class='ocrx_word' id='word_1_85' title='bbox 237 560 305 585; x_wconf 90' lang='lat' dir='ltr'>esto</span> <span class='ocrx_word' id='word_1_86' title='bbox 330 553 530 584; x_wconf 82' lang='lat' dir='ltr'>certaminis:</span> <span class='ocrx_word' id='word_1_87' title='bbox 555 551 604 582; x_wconf 89' lang='lat' dir='ltr'>vel</span> <span class='ocrx_word' id='word_1_88' title='bbox 628 564 678 584; x_wconf 88' lang='lat' dir='ltr'>me</span> <span class='ocrx_word' id='word_1_89' title='bbox 703 553 733 582; x_wconf 92' lang='lat' dir='ltr'>in</span> <span class='ocrx_word' id='word_1_90' title='bbox 758 553 900 594; x_wconf 86' lang='lat' dir='ltr'>ipsorum</span> <span class='ocrx_word' id='word_1_91' title='bbox 926 553 1061 583; x_wconf 82' lang='lat' dir='ltr'>transire</span> <span class='ocrx_word' id='word_1_92' title='bbox 1086 553 1294 591; x_wconf 86' lang='lat' dir='ltr'>sententiam,</span> <span class='ocrx_word' id='word_1_93' title='bbox 1324 552 1373 583; x_wconf 89' lang='lat' dir='ltr'>vel</span> <span class='ocrx_word' id='word_1_94' title='bbox 1406 564 1446 583; x_wconf 79' lang='lat' dir='ltr'>ex</span> <span class='ocrx_word' id='word_1_95' title='bbox 1477 561 1585 584; x_wconf 87' lang='lat' dir='ltr'>nostro</span> <span class='ocrx_word' id='word_1_96' title='bbox 1614 552 1776 595; x_wconf 81' lang='lat' dir='ltr'>triumpho</span> 
     </span>
     <span class='ocr_line' id='line_1_17' title="bbox 119 603 1911 646; baseline -0.002 -10"><span class='ocrx_word' id='word_1_97' title='bbox 119 617 176 636; x_wconf 90' lang='lat' dir='ltr'>vos</span> <span class='ocrx_word' id='word_1_98' title='bbox 201 605 330 636; x_wconf 88' lang='lat' dir='ltr'>domino</span> <span class='ocrx_word' id='word_1_99' title='bbox 354 610 462 635; x_wconf 88' lang='lat' dir='ltr'>nostro</span> <span class='ocrx_word' id='word_1_100' title='bbox 487 605 671 646; x_wconf 86' lang='lat' dir='ltr'>imperatori</span> <span class='ocrx_word' id='word_1_101' title='bbox 697 604 905 635; x_wconf 87' lang='lat' dir='ltr'>lucrifaciam.</span> <span class='ocrx_word' id='word_1_102' title='bbox 952 603 1148 635; x_wconf 86' lang='lat' dir='ltr'>Attendatur</span> <span class='ocrx_word' id='word_1_103' title='bbox 1171 610 1201 634; x_wconf 90' lang='lat' dir='ltr'>et</span> <span class='ocrx_word' id='word_1_104' title='bbox 1224 603 1320 634; x_wconf 90' lang='lat' dir='ltr'>illud:</span> <span class='ocrx_word' id='word_1_105' title='bbox 1352 604 1391 635; x_wconf 69' lang='lat' dir='ltr'>Si</span> <span class='ocrx_word' id='word_1_106' title='bbox 1422 605 1495 646; x_wconf 75' lang='lat' dir='ltr'>quis</span> <span class='ocrx_word' id='word_1_107' title='bbox 1519 606 1614 636; x_wconf 74' lang='lat' dir='ltr'>aliter</span> <span class='ocrx_word' id='word_1_108' title='bbox 1638 616 1777 646; x_wconf 69' lang='lat' dir='ltr'>euangye-</span> <span class='ocrx_word' id='word_1_109' title='bbox 1799 614 1911 636; x_wconf 55' lang='lat' dir='ltr'>carro.</span> 
     </span>
     <span class='ocr_line' id='line_1_18' title="bbox 119 655 1776 700; baseline -0.002 -11"><span class='ocrx_word' id='word_1_110' title='bbox 119 658 208 700; x_wconf 74' lang='lat' dir='ltr'>lizat,</span> <span class='ocrx_word' id='word_1_111' title='bbox 227 661 362 698; x_wconf 76' lang='lat' dir='ltr'>praeter</span> <span class='ocrx_word' id='word_1_112' title='bbox 384 657 472 697; x_wconf 77' lang='lat' dir='ltr'>quod</span> <span class='ocrx_word' id='word_1_113' title='bbox 495 655 757 697; x_wconf 43' lang='lat' dir='ltr'>ezct1nyeli&#39;zz1t11*7›2</span> <span class='ocrx_word' id='word_1_114' title='bbox 781 661 824 687; x_wconf 77' lang='lat' dir='ltr'>est</span> <span class='ocrx_word' id='word_1_115' title='bbox 848 656 947 696; x_wconf 78' lang='lat' dir='ltr'>vobis,</span> <span class='ocrx_word' id='word_1_116' title='bbox 972 656 1147 686; x_wconf 80' lang='lat' dir='ltr'>anathema</span> <span class='ocrx_word' id='word_1_117' title='bbox 1169 657 1220 687; x_wconf 76' lang='lat' dir='ltr'>sit.</span> <span class='ocrx_word' id='word_1_118' title='bbox 1268 655 1338 686; x_wconf 88' lang='lat' dir='ltr'>Hoc</span> <span class='ocrx_word' id='word_1_119' title='bbox 1361 656 1532 686; x_wconf 86' lang='lat' dir='ltr'>anathema</span> <span class='ocrx_word' id='word_1_120' title='bbox 1557 668 1618 687; x_wconf 91' lang='lat' dir='ltr'>non</span> <span class='ocrx_word' id='word_1_121' title='bbox 1644 657 1683 686; x_wconf 90' lang='lat' dir='ltr'>de</span> <span class='ocrx_word' id='word_1_122' title='bbox 1707 666 1776 697; x_wconf 81' lang='lat' dir='ltr'>pro-</span> 
     </span>
     <span class='ocr_line' id='line_1_19' title="bbox 119 706 1937 750; baseline -0.002 -10"><span class='ocrx_word' id='word_1_123' title='bbox 119 709 212 740; x_wconf 87' lang='lat' dir='ltr'>fanae</span> <span class='ocrx_word' id='word_1_124' title='bbox 236 709 388 740; x_wconf 86' lang='lat' dir='ltr'>novitatis</span> <span class='ocrx_word' id='word_1_125' title='bbox 414 708 556 745; x_wconf 85' lang='lat' dir='ltr'>usuario,</span> <span class='ocrx_word' id='word_1_126' title='bbox 586 707 640 738; x_wconf 89' lang='lat' dir='ltr'>sed</span> <span class='ocrx_word' id='word_1_127' title='bbox 670 707 710 738; x_wconf 87' lang='lat' dir='ltr'>de</span> <span class='ocrx_word' id='word_1_128' title='bbox 741 708 834 738; x_wconf 86' lang='lat' dir='ltr'>tertio</span> <span class='ocrx_word' id='word_1_129' title='bbox 860 708 999 738; x_wconf 81' lang='lat' dir='ltr'>intonuit</span> <span class='ocrx_word' id='word_1_130' title='bbox 1022 706 1121 741; x_wconf 81' lang='lat' dir='ltr'>caelo,</span> <span class='ocrx_word' id='word_1_131' title='bbox 1170 707 1218 738; x_wconf 87' lang='lat' dir='ltr'>De</span> <span class='ocrx_word' id='word_1_132' title='bbox 1249 707 1318 737; x_wconf 89' lang='lat' dir='ltr'>istis</span> <span class='ocrx_word' id='word_1_133' title='bbox 1350 713 1473 745; x_wconf 87' lang='lat' dir='ltr'>autem,</span> <span class='ocrx_word' id='word_1_134' title='bbox 1506 708 1560 750; x_wconf 87' lang='lat' dir='ltr'>qui</span> <span class='ocrx_word' id='word_1_135' title='bbox 1588 709 1777 750; x_wconf 63' lang='lat' dir='ltr'>ignorantes</span> <span class='ocrx_word' id='word_1_136' title='bbox 1799 718 1937 737; x_wconf 54' lang='lat' dir='ltr'>nonnas.</span> 
     </span>
     <span class='ocr_line' id='line_1_20' title="bbox 121 759 1778 801; baseline -0.002 -9"><span class='ocrx_word' id='word_1_137' title='bbox 121 761 186 792; x_wconf 78' lang='lat' dir='ltr'>Dei</span> <span class='ocrx_word' id='word_1_138' title='bbox 216 761 373 792; x_wconf 76' lang='lat' dir='ltr'>iustitiam</span> <span class='ocrx_word' id='word_1_139' title='bbox 406 765 433 790; x_wconf 79' lang='lat' dir='ltr'>et</span> <span class='ocrx_word' id='word_1_140' title='bbox 458 764 648 801; x_wconf 69' lang='lat' dir='ltr'>quaerentes</span> <span class='ocrx_word' id='word_1_141' title='bbox 672 770 764 790; x_wconf 79' lang='lat' dir='ltr'>suam</span> <span class='ocrx_word' id='word_1_142' title='bbox 790 763 940 799; x_wconf 78' lang='lat' dir='ltr'>statuere,</span> <span class='ocrx_word' id='word_1_143' title='bbox 963 760 1111 790; x_wconf 72' lang='lat' dir='ltr'>institiae</span> <span class='ocrx_word' id='word_1_144' title='bbox 1137 759 1199 790; x_wconf 72' lang='lat' dir='ltr'>Dei</span> <span class='ocrx_word' id='word_1_145' title='bbox 1223 771 1287 790; x_wconf 81' lang='lat' dir='ltr'>non</span> <span class='ocrx_word' id='word_1_146' title='bbox 1312 764 1387 790; x_wconf 76' lang='lat' dir='ltr'>sunt</span> <span class='ocrx_word' id='word_1_147' title='bbox 1410 759 1556 798; x_wconf 71' lang='lat' dir='ltr'>subiecti,</span> <span class='ocrx_word' id='word_1_148' title='bbox 1587 759 1778 790; x_wconf 82' lang='lat' dir='ltr'>fiducialiter</span> 
     </span>
     <span class='ocr_line' id='line_1_21' title="bbox 121 803 1940 852; baseline -0.002 -9"><span class='ocrx_word' id='word_1_149' title='bbox 121 812 274 843; x_wconf 80' lang='lat' dir='ltr'>dixerim:</span> <span class='ocrx_word' id='word_1_150' title='bbox 300 812 496 842; x_wconf 78' lang='lat' dir='ltr'>Maledicent</span> <span class='ocrx_word' id='word_1_151' title='bbox 519 811 579 851; x_wconf 68' lang='lat' dir='ltr'>illi,</span> <span class='ocrx_word' id='word_1_152' title='bbox 603 815 630 841; x_wconf 79' lang='lat' dir='ltr'>et</span> <span class='ocrx_word' id='word_1_153' title='bbox 653 815 687 841; x_wconf 81' lang='lat' dir='ltr'>tu</span> <span class='ocrx_word' id='word_1_154' title='bbox 711 811 897 850; x_wconf 76' lang='lat' dir='ltr'>benedz&#39;ces;</span> <span class='ocrx_word' id='word_1_155' title='bbox 922 811 979 852; x_wconf 69' lang='lat' dir='ltr'>qui</span> <span class='ocrx_word' id='word_1_156' title='bbox 1003 812 1182 851; x_wconf 70' lang='lat' dir='ltr'>insurqnnt</span> <span class='ocrx_word' id='word_1_157' title='bbox 1206 811 1241 841; x_wconf 75' lang='lat' dir='ltr'>in</span> <span class='ocrx_word' id='word_1_158' title='bbox 1266 822 1322 849; x_wconf 72' lang='lat' dir='ltr'>me,</span> <span class='ocrx_word' id='word_1_159' title='bbox 1347 803 1609 851; x_wconf 67' lang='lat' dir='ltr'>confundantur.</span> <span class='ocrx_word' id='word_1_160' title='bbox 1657 811 1778 842; x_wconf 70' lang='lat' dir='ltr'>Servus</span> <span class='ocrx_word' id='word_1_161' title='bbox 1798 826 1940 850; x_wconf 65' lang='lat' dir='ltr'>P=.108‚2s.</span> 
     </span>
     <span class='ocr_line' id='line_1_22' title="bbox 122 861 1923 904; baseline -0.001 -10"><span class='ocrx_word' id='word_1_162' title='bbox 122 869 227 894; x_wconf 83' lang='lat' dir='ltr'>autem</span> <span class='ocrx_word' id='word_1_163' title='bbox 251 867 326 893; x_wconf 77' lang='lat' dir='ltr'>tuus</span> <span class='ocrx_word' id='word_1_164' title='bbox 349 863 536 902; x_wconf 74' lang='lat' dir='ltr'>laetabitur,</span> <span class='ocrx_word' id='word_1_165' title='bbox 567 862 735 904; x_wconf 86' lang='lat' dir='ltr'>quoniam,</span> <span class='ocrx_word' id='word_1_166' title='bbox 766 868 799 893; x_wconf 84' lang='lat' dir='ltr'>ut</span> <span class='ocrx_word' id='word_1_167' title='bbox 823 863 886 898; x_wconf 78' lang='lat' dir='ltr'>ais,</span> <span class='ocrx_word' id='word_1_168' title='bbox 917 862 1073 900; x_wconf 84' lang='lat' dir='ltr'>Domine,</span> <span class='ocrx_word' id='word_1_169' title='bbox 1103 863 1172 893; x_wconf 77' lang='lat' dir='ltr'>sine</span> <span class='ocrx_word' id='word_1_170' title='bbox 1202 873 1248 892; x_wconf 82' lang='lat' dir='ltr'>me</span> <span class='ocrx_word' id='word_1_171' title='bbox 1280 861 1381 892; x_wconf 67' lang='lat' dir='ltr'>nichil</span> <span class='ocrx_word' id='word_1_172' title='bbox 1400 864 1535 902; x_wconf 69' lang='lat' dir='ltr'>potestis</span> <span class='ocrx_word' id='word_1_173' title='bbox 1550 863 1687 903; x_wconf 44' lang='lat' dir='ltr'>sacci-Q</span> <span class='ocrx_word' id='word_1_174' title='bbox 1720 873 1778 892; x_wconf 81' lang='lat' dir='ltr'>nec</span> <span class='ocrx_word' id='word_1_175' title='bbox 1798 874 1923 898; x_wconf 73' lang='lat'>1‹·11.15,5.</span> 
     </span>
     <span class='ocr_line' id='line_1_23' title="bbox 122 911 1940 956; baseline -0.001 -10"><span class='ocrx_word' id='word_1_176' title='bbox 122 915 301 956; x_wconf 79' lang='lat' dir='ltr'>dampnasb</span> <span class='ocrx_word' id='word_1_177' title='bbox 324 915 453 953; x_wconf 88' lang='lat' dir='ltr'>iustum,</span> <span class='ocrx_word' id='word_1_178' title='bbox 477 924 548 944; x_wconf 88' lang='lat' dir='ltr'>cum</span> <span class='ocrx_word' id='word_1_179' title='bbox 574 913 773 944; x_wconf 86' lang='lat' dir='ltr'>iudicabitur</span> <span class='ocrx_word' id='word_1_180' title='bbox 797 913 856 944; x_wconf 89' lang='lat' dir='ltr'>illi:</span> <span class='ocrx_word' id='word_1_181' title='bbox 883 914 929 944; x_wconf 83' lang='grc' dir='ltr'>Τιι</span> <span class='ocrx_word' id='word_1_182' title='bbox 955 915 1028 956; x_wconf 75' lang='lat' dir='ltr'>quis</span> <span class='ocrx_word' id='word_1_183' title='bbox 1051 925 1094 954; x_wconf 73' lang='lat' dir='ltr'>es,</span> <span class='ocrx_word' id='word_1_184' title='bbox 1119 915 1176 955; x_wconf 75' lang='lat' dir='ltr'>qui</span> <span class='ocrx_word' id='word_1_185' title='bbox 1199 914 1332 944; x_wconf 72' lang='lat' dir='ltr'>iudicas</span> <span class='ocrx_word' id='word_1_186' title='bbox 1357 911 1501 944; x_wconf 72' lang='lat' dir='ltr'>alienum</span> <span class='ocrx_word' id='word_1_187' title='bbox 1522 916 1672 945; x_wconf 75' lang='lat' dir='ltr'>serrum?</span> <span class='ocrx_word' id='word_1_188' title='bbox 1711 913 1778 944; x_wconf 60' lang='lat' dir='ltr'>Suo</span> <span class='ocrx_word' id='word_1_189' title='bbox 1799 926 1940 950; x_wconf 75' lang='lat' dir='ltr'>Rom.14‚4.</span> 
     </span>
     <span class='ocr_line' id='line_1_24' title="bbox 123 965 569 1006; baseline -0.007 -8"><span class='ocrx_word' id='word_1_190' title='bbox 123 967 257 998; x_wconf 76' lang='lat' dir='ltr'>domino</span> <span class='ocrx_word' id='word_1_191' title='bbox 281 971 354 1006; x_wconf 82' lang='lat' dir='ltr'>stat,</span> <span class='ocrx_word' id='word_1_192' title='bbox 380 971 437 996; x_wconf 73' lang='lat' dir='ltr'>ant</span> <span class='ocrx_word' id='word_1_193' title='bbox 461 965 569 996; x_wconf 73' lang='lat' dir='ltr'>cadit&#39;.</span> 
     </span>
    </p>

    <p class='ocr_par' dir='ltr' id='par_1_11' title="bbox 121 1016 1948 1681">
     <span class='ocr_line' id='line_1_25' title="bbox 228 1016 1778 1059; baseline -0.001 -11"><span class='ocrx_word' id='word_1_194' title='bbox 228 1018 295 1048; x_wconf 89' lang='lat' dir='ltr'>Has</span> <span class='ocrx_word' id='word_1_195' title='bbox 319 1028 396 1048; x_wconf 83' lang='lat' dir='ltr'>sane</span> <span class='ocrx_word' id='word_1_196' title='bbox 419 1016 541 1047; x_wconf 80' lang='lat' dir='ltr'>litteras</span> <span class='ocrx_word' id='word_1_197' title='bbox 565 1016 748 1058; x_wconf 85' lang='lat' dir='ltr'>praedictus</span> <span class='ocrx_word' id='word_1_198' title='bbox 773 1027 880 1048; x_wconf 84' lang='lat' dir='ltr'>comes</span> <span class='ocrx_word' id='word_1_199' title='bbox 904 1016 1098 1047; x_wconf 88' lang='lat' dir='ltr'>Ludewicus</span> <span class='ocrx_word' id='word_1_200' title='bbox 1123 1017 1312 1059; x_wconf 80' lang='lat' dir='ltr'>suscipiens,</span> <span class='ocrx_word' id='word_1_201' title='bbox 1342 1023 1456 1048; x_wconf 86' lang='lat' dir='ltr'>vocato</span> <span class='ocrx_word' id='word_1_202' title='bbox 1480 1016 1521 1047; x_wconf 83' lang='lat' dir='ltr'>ad</span> <span class='ocrx_word' id='word_1_203' title='bbox 1546 1029 1578 1048; x_wconf 84' lang='lat' dir='ltr'>se</span> <span class='ocrx_word' id='word_1_204' title='bbox 1601 1016 1778 1047; x_wconf 83' lang='lat' dir='ltr'>venerabili</span> 
     </span>
     <span class='ocr_line' id='line_1_26' title="bbox 122 1067 1779 1111; baseline -0.002 -10"><span class='ocrx_word' id='word_1_205' title='bbox 122 1069 295 1111; x_wconf 79' lang='lat' dir='ltr'>Stephano,</span> <span class='ocrx_word' id='word_1_206' title='bbox 320 1069 375 1110; x_wconf 89' lang='lat' dir='ltr'>qui</span> <span class='ocrx_word' id='word_1_207' title='bbox 400 1075 431 1100; x_wconf 88' lang='lat' dir='ltr'>et</span> <span class='ocrx_word' id='word_1_208' title='bbox 456 1067 652 1109; x_wconf 84' lang='lat' dir='ltr'>Herrandus,</span> <span class='ocrx_word' id='word_1_209' title='bbox 675 1067 940 1099; x_wconf 83' lang='lat' dir='ltr'>Halverstadensi</span> <span class='ocrx_word' id='word_1_210' title='bbox 964 1069 1146 1110; x_wconf 71' lang='lat' dir='ltr'>episeopoc,</span> <span class='ocrx_word' id='word_1_211' title='bbox 1171 1080 1224 1099; x_wconf 86' lang='lat' dir='ltr'>eas</span> <span class='ocrx_word' id='word_1_212' title='bbox 1247 1069 1380 1100; x_wconf 77' lang='lat' dir='ltr'>tradidit</span> <span class='ocrx_word' id='word_1_213' title='bbox 1402 1069 1564 1110; x_wconf 79' lang='lat' dir='ltr'>legendas,</span> <span class='ocrx_word' id='word_1_214' title='bbox 1590 1069 1779 1110; x_wconf 80' lang='lat' dir='ltr'>rogavitque</span> 
     </span>
     <span class='ocr_line' id='line_1_27' title="bbox 121 1119 1779 1163; baseline -0.001 -11"><span class='ocrx_word' id='word_1_215' title='bbox 121 1133 208 1162; x_wconf 88' lang='lat' dir='ltr'>eum,</span> <span class='ocrx_word' id='word_1_216' title='bbox 233 1121 382 1163; x_wconf 87' lang='lat' dir='ltr'>quatinus</span> <span class='ocrx_word' id='word_1_217' title='bbox 406 1120 466 1151; x_wconf 85' lang='lat' dir='ltr'>hiis</span> <span class='ocrx_word' id='word_1_218' title='bbox 490 1119 636 1161; x_wconf 83' lang='lat' dir='ltr'>diligenti</span> <span class='ocrx_word' id='word_1_219' title='bbox 662 1120 901 1150; x_wconf 80' lang='lat' dir='ltr'>examinatione</span> <span class='ocrx_word' id='word_1_220' title='bbox 933 1121 1128 1161; x_wconf 78' lang='lat' dir='ltr'>perspectis,</span> <span class='ocrx_word' id='word_1_221' title='bbox 1158 1121 1248 1151; x_wconf 78' lang='lat' dir='ltr'>iuxta</span> <span class='ocrx_word' id='word_1_222' title='bbox 1278 1121 1433 1152; x_wconf 86' lang='lat' dir='ltr'>rationem</span> <span class='ocrx_word' id='word_1_223' title='bbox 1463 1121 1606 1151; x_wconf 76' lang='lat' dir='ltr'>veritatis</span> <span class='ocrx_word' id='word_1_224' title='bbox 1637 1130 1779 1161; x_wconf 79' lang='lat' dir='ltr'>congrua</span> 
     </span>
     <span class='ocr_line' id='line_1_28' title="bbox 121 1171 1948 1215; baseline -0.002 -11"><span class='ocrx_word' id='word_1_225' title='bbox 121 1173 267 1205; x_wconf 80' lang='lat' dir='ltr'>obviaret</span> <span class='ocrx_word' id='word_1_226' title='bbox 288 1173 514 1214; x_wconf 81' lang='lat' dir='ltr'>responsione,</span> <span class='ocrx_word' id='word_1_227' title='bbox 544 1176 575 1203; x_wconf 85' lang='lat' dir='ltr'>et</span> <span class='ocrx_word' id='word_1_228' title='bbox 598 1171 764 1212; x_wconf 77' lang='lat' dir='ltr'>linguamd</span> <span class='ocrx_word' id='word_1_229' title='bbox 795 1171 1063 1213; x_wconf 75' lang='lat' dir='ltr'>blasphemantis,</span> <span class='ocrx_word' id='word_1_230' title='bbox 1094 1183 1128 1202; x_wconf 87' lang='lat' dir='ltr'>os</span> <span class='ocrx_word' id='word_1_231' title='bbox 1161 1183 1289 1214; x_wconf 86' lang='lat' dir='ltr'>quoquc</span> <span class='ocrx_word' id='word_1_232' title='bbox 1319 1174 1429 1215; x_wconf 81' lang='lat' dir='ltr'>iniqua</span> <span class='ocrx_word' id='word_1_233' title='bbox 1454 1172 1644 1215; x_wconf 80' lang='lat' dir='ltr'>proferentis</span> <span class='ocrx_word' id='word_1_234' title='bbox 1669 1177 1778 1202; x_wconf 83' lang='lat' dir='ltr'>contra</span> <span class='ocrx_word' id='word_1_235' title='bbox 1800 1182 1948 1206; x_wconf 51' lang='lat' dir='ltr'>otrentum.</span> 
     </span>
     <span class='ocr_line' id='line_1_29' title="bbox 124 1223 1779 1266; baseline -0.002 -10"><span class='ocrx_word' id='word_1_236' title='bbox 124 1225 297 1263; x_wconf 87' lang='lat' dir='ltr'>iustitiam,</span> <span class='ocrx_word' id='word_1_237' title='bbox 321 1224 513 1255; x_wconf 83' lang='lat' dir='ltr'>auctoritate</span> <span class='ocrx_word' id='word_1_238' title='bbox 538 1224 642 1254; x_wconf 85' lang='lat' dir='ltr'>sancti</span> <span class='ocrx_word' id='word_1_239' title='bbox 663 1223 802 1264; x_wconf 77' lang='lat' dir='ltr'>Spiritus</span> <span class='ocrx_word' id='word_1_240' title='bbox 826 1229 856 1254; x_wconf 89' lang='lat' dir='ltr'>et</span> <span class='ocrx_word' id='word_1_241' title='bbox 880 1224 1063 1254; x_wconf 84' lang='lat' dir='ltr'>testimonio</span> <span class='ocrx_word' id='word_1_242' title='bbox 1088 1225 1322 1266; x_wconf 85' lang='lat' dir='ltr'>scripturarum</span> <span class='ocrx_word' id='word_1_243' title='bbox 1346 1225 1552 1257; x_wconf 55' lang='lat' dir='ltr'>obstrueretc,</span> <span class='ocrx_word' id='word_1_244' title='bbox 1578 1235 1616 1254; x_wconf 91' lang='lat' dir='ltr'>ne</span> <span class='ocrx_word' id='word_1_245' title='bbox 1641 1223 1779 1265; x_wconf 89' lang='lat' dir='ltr'>amplius</span> 
     </span>
     <span class='ocr_line' id='line_1_30' title="bbox 123 1274 1779 1317; baseline -0.002 -9"><span class='ocrx_word' id='word_1_246' title='bbox 123 1284 235 1308; x_wconf 88' lang='lat' dir='ltr'>contra</span> <span class='ocrx_word' id='word_1_247' title='bbox 257 1276 424 1308; x_wconf 84' lang='lat' dir='ltr'>ecclesiam</span> <span class='ocrx_word' id='word_1_248' title='bbox 446 1276 507 1306; x_wconf 93' lang='lat' dir='ltr'>Dei</span> <span class='ocrx_word' id='word_1_249' title='bbox 532 1274 665 1306; x_wconf 86' lang='lat' dir='ltr'>latratus</span> <span class='ocrx_word' id='word_1_250' title='bbox 689 1274 844 1316; x_wconf 85' lang='lat' dir='ltr'>proferret</span> <span class='ocrx_word' id='word_1_251' title='bbox 868 1275 998 1305; x_wconf 85' lang='lat' dir='ltr'>insanos</span> <span class='ocrx_word' id='word_1_252' title='bbox 1022 1281 1052 1306; x_wconf 88' lang='lat' dir='ltr'>ct</span> <span class='ocrx_word' id='word_1_253' title='bbox 1075 1276 1204 1307; x_wconf 87' lang='lat' dir='ltr'>fureret.</span> <span class='ocrx_word' id='word_1_254' title='bbox 1251 1275 1452 1307; x_wconf 76' lang='lat' dir='ltr'>Venerabilis</span> <span class='ocrx_word' id='word_1_255' title='bbox 1473 1282 1577 1306; x_wconf 87' lang='lat' dir='ltr'>autem</span> <span class='ocrx_word' id='word_1_256' title='bbox 1597 1275 1779 1317; x_wconf 87' lang='lat' dir='ltr'>episcopus,</span> 
     </span>
     <span class='ocr_line' id='line_1_31' title="bbox 123 1326 1778 1370; baseline -0.002 -10"><span class='ocrx_word' id='word_1_257' title='bbox 123 1328 300 1360; x_wconf 86' lang='lat' dir='ltr'>secundum</span> <span class='ocrx_word' id='word_1_258' title='bbox 335 1328 521 1370; x_wconf 86' lang='lat' dir='ltr'>petitionem</span> <span class='ocrx_word' id='word_1_259' title='bbox 558 1327 684 1357; x_wconf 90' lang='lat' dir='ltr'>comitis</span> <span class='ocrx_word' id='word_1_260' title='bbox 718 1327 877 1368; x_wconf 80' lang='lat' dir='ltr'>susceptis</span> <span class='ocrx_word' id='word_1_261' title='bbox 912 1326 1024 1358; x_wconf 86' lang='lat' dir='ltr'>litteris</span> <span class='ocrx_word' id='word_1_262' title='bbox 1058 1337 1096 1358; x_wconf 83' lang='lat' dir='ltr'>ac</span> <span class='ocrx_word' id='word_1_263' title='bbox 1131 1327 1276 1368; x_wconf 78' lang='lat' dir='ltr'>diligenti</span> <span class='ocrx_word' id='word_1_264' title='bbox 1312 1328 1551 1358; x_wconf 79' lang='lat' dir='ltr'>examinatione</span> <span class='ocrx_word' id='word_1_265' title='bbox 1590 1327 1778 1368; x_wconf 85' lang='lat' dir='ltr'>perspectis,</span> 
     </span>
     <span class='ocr_line' id='line_1_32' title="bbox 123 1378 1779 1422; baseline -0.002 -11"><span class='ocrx_word' id='word_1_266' title='bbox 123 1386 238 1412; x_wconf 85' lang='lat' dir='ltr'>vocato</span> <span class='ocrx_word' id='word_1_267' title='bbox 261 1378 516 1422; x_wconf 83' lang='lat' dir='ltr'>praesentialiter</span> <span class='ocrx_word' id='word_1_268' title='bbox 539 1379 673 1417; x_wconf 83' lang='lat' dir='ltr'>notariO,</span> <span class='ocrx_word' id='word_1_269' title='bbox 697 1378 864 1420; x_wconf 85' lang='lat' dir='ltr'>epistolam</span> <span class='ocrx_word' id='word_1_270' title='bbox 890 1378 1033 1410; x_wconf 85' lang='lat' dir='ltr'>dictavit.</span> <span class='ocrx_word' id='word_1_271' title='bbox 1079 1379 1114 1410; x_wconf 91' lang='lat' dir='ltr'>In</span> <span class='ocrx_word' id='word_1_272' title='bbox 1140 1390 1204 1421; x_wconf 79' lang='lat' dir='ltr'>qua</span> <span class='ocrx_word' id='word_1_273' title='bbox 1226 1380 1365 1420; x_wconf 89' lang='lat' dir='ltr'>primum</span> <span class='ocrx_word' id='word_1_274' title='bbox 1392 1380 1625 1420; x_wconf 87' lang='lat' dir='ltr'>praescriptum</span> <span class='ocrx_word' id='word_1_275' title='bbox 1643 1379 1696 1409; x_wconf 84' lang='lat' dir='ltr'>W.</span> <span class='ocrx_word' id='word_1_276' title='bbox 1715 1379 1779 1420; x_wconf 90' lang='lat' dir='ltr'>epi-</span> 
     </span>
     <span class='ocr_line' id='line_1_33' title="bbox 123 1430 1780 1474; baseline -0.002 -11"><span class='ocrx_word' id='word_1_277' title='bbox 123 1443 256 1474; x_wconf 87' lang='lat' dir='ltr'>scopum</span> <span class='ocrx_word' id='word_1_278' title='bbox 281 1431 469 1469; x_wconf 83' lang='lat' dir='ltr'>hereticum,</span> <span class='ocrx_word' id='word_1_279' title='bbox 493 1431 715 1471; x_wconf 78' lang='lat' dir='ltr'>symoniacum</span> <span class='ocrx_word' id='word_1_280' title='bbox 740 1430 914 1471; x_wconf 79' lang='lat' dir='ltr'>redarguit,</span> <span class='ocrx_word' id='word_1_281' title='bbox 943 1442 1050 1471; x_wconf 82' lang='lat' dir='ltr'>regem</span> <span class='ocrx_word' id='word_1_282' title='bbox 1077 1431 1172 1461; x_wconf 84' lang='lat' dir='ltr'>etiam</span> <span class='ocrx_word' id='word_1_283' title='bbox 1198 1430 1373 1461; x_wconf 81' lang='lat' dir='ltr'>Henricuui</span> <span class='ocrx_word' id='word_1_284' title='bbox 1400 1430 1573 1461; x_wconf 83' lang='lat' dir='ltr'>hereticum</span> <span class='ocrx_word' id='word_1_285' title='bbox 1599 1435 1630 1460; x_wconf 91' lang='lat' dir='ltr'>et</span> <span class='ocrx_word' id='word_1_286' title='bbox 1652 1441 1780 1460; x_wconf 74' lang='lat' dir='ltr'>excom-</span> 
     </span>
     <span class='ocr_line' id='line_1_34' title="bbox 123 1481 1780 1524; baseline -0.002 -9"><span class='ocrx_word' id='word_1_287' title='bbox 123 1484 320 1515; x_wconf 85' lang='lat' dir='ltr'>municatum</span> <span class='ocrx_word' id='word_1_288' title='bbox 348 1482 484 1524; x_wconf 88' lang='lat' dir='ltr'>ideoque</span> <span class='ocrx_word' id='word_1_289' title='bbox 516 1493 573 1513; x_wconf 88' lang='lat' dir='ltr'>nec</span> <span class='ocrx_word' id='word_1_290' title='bbox 599 1493 707 1522; x_wconf 84' lang='lat' dir='ltr'>regem</span> <span class='ocrx_word' id='word_1_291' title='bbox 739 1481 911 1513; x_wconf 89' lang='lat' dir='ltr'>dicendum</span> <span class='ocrx_word' id='word_1_292' title='bbox 944 1481 1181 1524; x_wconf 84' lang='lat' dir='ltr'>comprobavit.</span> <span class='ocrx_word' id='word_1_293' title='bbox 1213 1483 1417 1524; x_wconf 73' lang='lat' dir='ltr'>episcopatus</span> <span class='ocrx_word' id='word_1_294' title='bbox 1448 1493 1504 1523; x_wconf 90' lang='lat' dir='ltr'>pro</span> <span class='ocrx_word' id='word_1_295' title='bbox 1536 1482 1689 1523; x_wconf 83' lang='lat' dir='ltr'>pecunia,</span> <span class='ocrx_word' id='word_1_296' title='bbox 1723 1492 1780 1523; x_wconf 86' lang='lat' dir='ltr'>pro</span> 
     </span>
     <span class='ocr_line' id='line_1_35' title="bbox 121 1533 1780 1577; baseline -0.002 -11"><span class='ocrx_word' id='word_1_297' title='bbox 121 1535 246 1577; x_wconf 85' lang='lat' dir='ltr'>gladio,</span> <span class='ocrx_word' id='word_1_298' title='bbox 277 1545 334 1577; x_wconf 89' lang='lat' dir='ltr'>pro</span> <span class='ocrx_word' id='word_1_299' title='bbox 365 1534 540 1567; x_wconf 77' lang='lat' dir='ltr'>adulterio,</span> <span class='ocrx_word' id='word_1_300' title='bbox 571 1545 629 1575; x_wconf 85' lang='lat' dir='ltr'>pro</span> <span class='ocrx_word' id='word_1_301' title='bbox 659 1534 852 1564; x_wconf 86' lang='lat' dir='ltr'>sodomitica</span> <span class='ocrx_word' id='word_1_302' title='bbox 883 1533 1093 1565; x_wconf 83' lang='lat' dir='ltr'>immundicia</span> <span class='ocrx_word' id='word_1_303' title='bbox 1123 1534 1313 1565; x_wconf 78' lang='lat' dir='ltr'>vendentem</span> <span class='ocrx_word' id='word_1_304' title='bbox 1347 1533 1531 1564; x_wconf 82' lang='lat' dir='ltr'>declaravit.</span> <span class='ocrx_word' id='word_1_305' title='bbox 1584 1535 1646 1564; x_wconf 67' lang='lat' dir='ltr'>Sed</span> <span class='ocrx_word' id='word_1_306' title='bbox 1680 1534 1780 1574; x_wconf 87' lang='lat' dir='ltr'>ipsius</span> 
     </span>
     <span class='ocr_line' id='line_1_36' title="bbox 122 1585 1780 1628; baseline -0.002 -10"><span class='ocrx_word' id='word_1_307' title='bbox 122 1588 185 1618; x_wconf 87' lang='lat' dir='ltr'>iam</span> <span class='ocrx_word' id='word_1_308' title='bbox 218 1586 373 1628; x_wconf 85' lang='lat' dir='ltr'>epistolae</span> <span class='ocrx_word' id='word_1_309' title='bbox 401 1591 509 1617; x_wconf 81' lang='lat' dir='ltr'>textus</span> <span class='ocrx_word' id='word_1_310' title='bbox 541 1591 738 1626; x_wconf 83' lang='lat' dir='ltr'>exponatur,</span> <span class='ocrx_word' id='word_1_311' title='bbox 776 1591 810 1616; x_wconf 86' lang='lat' dir='ltr'>ut</span> <span class='ocrx_word' id='word_1_312' title='bbox 845 1585 930 1616; x_wconf 86' lang='lat' dir='ltr'>illius</span> <span class='ocrx_word' id='word_1_313' title='bbox 964 1585 1158 1617; x_wconf 87' lang='lat' dir='ltr'>venerabilis</span> <span class='ocrx_word' id='word_1_314' title='bbox 1194 1586 1253 1616; x_wconf 84' lang='lat' dir='ltr'>viri</span> <span class='ocrx_word' id='word_1_315' title='bbox 1291 1586 1397 1616; x_wconf 86' lang='lat' dir='ltr'>fervor</span> <span class='ocrx_word' id='word_1_316' title='bbox 1431 1586 1463 1616; x_wconf 88' lang='lat' dir='ltr'>in</span> <span class='ocrx_word' id='word_1_317' title='bbox 1499 1591 1608 1616; x_wconf 81' lang='lat' dir='ltr'>tenore</span> <span class='ocrx_word' id='word_1_318' title='bbox 1639 1586 1780 1616; x_wconf 86' lang='lat' dir='ltr'>iustitiae</span> 
     </span>
     <span class='ocr_line' id='line_1_37' title="bbox 123 1644 335 1681; baseline -0.009 -11"><span class='ocrx_word' id='word_1_319' title='bbox 123 1644 335 1681; x_wconf 85' lang='lat' dir='ltr'>agnoscatur:</span> 
     </span>
    </p>

    <p class='ocr_par' dir='ltr' id='par_1_12' title="bbox 123 1688 1948 2559">
     <span class='ocr_line' id='line_1_38' title="bbox 229 1688 1779 1731; baseline -0.003 -9"><span class='ocrx_word' id='word_1_320' title='bbox 229 1689 358 1722; x_wconf 84' lang='lat' dir='ltr'>‘Comes</span> <span class='ocrx_word' id='word_1_321' title='bbox 381 1689 575 1719; x_wconf 84' lang='lat' dir='ltr'>Ludewicus</span> <span class='ocrx_word' id='word_1_322' title='bbox 599 1688 729 1719; x_wconf 87' lang='lat' dir='ltr'>domino</span> <span class='ocrx_word' id='word_1_323' title='bbox 754 1688 932 1720; x_wconf 54' lang='lat' dir='ltr'>XValtramo</span> <span class='ocrx_word' id='word_1_324' title='bbox 963 1689 1121 1731; x_wconf 87' lang='lat' dir='ltr'>quidquid</span> <span class='ocrx_word' id='word_1_325' title='bbox 1152 1688 1205 1720; x_wconf 83' lang='lat' dir='ltr'>tali</span> <span class='ocrx_word' id='word_1_326' title='bbox 1231 1689 1388 1720; x_wconf 82' lang='lat' dir='ltr'>vocabulo</span> <span class='ocrx_word' id='word_1_327' title='bbox 1419 1689 1553 1729; x_wconf 87' lang='lat' dir='ltr'>dignum</span> <span class='ocrx_word' id='word_1_328' title='bbox 1585 1695 1641 1720; x_wconf 81' lang='lat' dir='ltr'>cst.</span> <span class='ocrx_word' id='word_1_329' title='bbox 1688 1688 1779 1719; x_wconf 70' lang='lat' dir='ltr'>Sicut</span> 
     </span>
     <span class='ocr_line' id='line_1_39' title="bbox 123 1741 1934 1782; baseline -0.001 -9"><span class='ocrx_word' id='word_1_330' title='bbox 123 1743 226 1774; x_wconf 80' lang='lat' dir='ltr'>bonus</span> <span class='ocrx_word' id='word_1_331' title='bbox 250 1742 341 1773; x_wconf 76' lang='lat' dir='ltr'>homo</span> <span class='ocrx_word' id='word_1_332' title='bbox 366 1742 404 1771; x_wconf 79' lang='lat' dir='ltr'>de</span> <span class='ocrx_word' id='word_1_333' title='bbox 427 1741 508 1772; x_wconf 82' lang='lat' dir='ltr'>bono</span> <span class='ocrx_word' id='word_1_334' title='bbox 529 1741 682 1771; x_wconf 73' lang='lat' dir='ltr'>thesauro</span> <span class='ocrx_word' id='word_1_335' title='bbox 705 1741 814 1772; x_wconf 74' lang='lat' dir='ltr'>cordis</span> <span class='ocrx_word' id='word_1_336' title='bbox 838 1742 892 1772; x_wconf 76' lang='lat' dir='ltr'>sui</span> <span class='ocrx_word' id='word_1_337' title='bbox 912 1742 1042 1782; x_wconf 69' lang='lat' dir='ltr'>profert</span> <span class='ocrx_word' id='word_1_338' title='bbox 1065 1741 1192 1781; x_wconf 76' lang='lat' dir='ltr'>bonum,</span> <span class='ocrx_word' id='word_1_339' title='bbox 1223 1742 1270 1772; x_wconf 71' lang='lat' dir='ltr'>ita</span> <span class='ocrx_word' id='word_1_340' title='bbox 1298 1741 1406 1771; x_wconf 75' lang='lat' dir='ltr'>malus</span> <span class='ocrx_word' id='word_1_341' title='bbox 1430 1742 1521 1771; x_wconf 76' lang='lat' dir='ltr'>Immo</span> <span class='ocrx_word' id='word_1_342' title='bbox 1545 1741 1584 1770; x_wconf 72' lang='lat' dir='ltr'>de</span> <span class='ocrx_word' id='word_1_343' title='bbox 1607 1741 1692 1771; x_wconf 79' lang='lat' dir='ltr'>malo</span> <span class='ocrx_word' id='word_1_344' title='bbox 1717 1741 1779 1771; x_wconf 59' lang='lat' dir='ltr'>tlte»</span> <span class='ocrx_word' id='word_1_345' title='bbox 1799 1753 1934 1777; x_wconf 75' lang='lat' dir='ltr'>Luc.6,45.</span> 
     </span>
     <span class='ocr_line' id='line_1_40' title="bbox 123 1791 1779 1835; baseline -0.001 -11"><span class='ocrx_word' id='word_1_346' title='bbox 123 1805 223 1825; x_wconf 84' lang='lat' dir='ltr'>sauro</span> <span class='ocrx_word' id='word_1_347' title='bbox 243 1793 372 1835; x_wconf 76' lang='lat' dir='ltr'>profert</span> <span class='ocrx_word' id='word_1_348' title='bbox 394 1792 527 1823; x_wconf 77' lang='lat' dir='ltr'>malum.</span> <span class='ocrx_word' id='word_1_349' title='bbox 573 1791 668 1823; x_wconf 87' lang='lat' dir='ltr'>Unde</span> <span class='ocrx_word' id='word_1_350' title='bbox 693 1792 750 1824; x_wconf 90' lang='lat' dir='ltr'>tibi</span> <span class='ocrx_word' id='word_1_351' title='bbox 776 1798 865 1824; x_wconf 85' lang='lat' dir='ltr'>tanta</span> <span class='ocrx_word' id='word_1_352' title='bbox 888 1793 1087 1833; x_wconf 83' lang='lat' dir='ltr'>arrogantia,</span> <span class='ocrx_word' id='word_1_353' title='bbox 1117 1800 1151 1823; x_wconf 89' lang='lat' dir='ltr'>ut</span> <span class='ocrx_word' id='word_1_354' title='bbox 1180 1804 1229 1823; x_wconf 84' lang='lat' dir='ltr'>mc</span> <span class='ocrx_word' id='word_1_355' title='bbox 1261 1792 1299 1823; x_wconf 83' lang='lat' dir='ltr'>ad</span> <span class='ocrx_word' id='word_1_356' title='bbox 1328 1793 1581 1833; x_wconf 78' lang='lat' dir='ltr'>indignationem</span> <span class='ocrx_word' id='word_1_357' title='bbox 1614 1799 1676 1823; x_wconf 83' lang='lat' dir='ltr'>tani</span> <span class='ocrx_word' id='word_1_358' title='bbox 1700 1793 1779 1822; x_wconf 92' lang='lat' dir='ltr'>iniu-</span> 
     </span>
     <span class='ocr_line' id='line_1_41' title="bbox 125 1843 1779 1886; baseline -0.001 -10"><span class='ocrx_word' id='word_1_359' title='bbox 125 1845 216 1876; x_wconf 87' lang='lat' dir='ltr'>riosis</span> <span class='ocrx_word' id='word_1_360' title='bbox 239 1845 364 1875; x_wconf 89' lang='lat' dir='ltr'>iniuriis</span> <span class='ocrx_word' id='word_1_361' title='bbox 386 1843 605 1886; x_wconf 74' lang='lat' dir='ltr'>provocares?</span> <span class='ocrx_word' id='word_1_362' title='bbox 650 1843 779 1874; x_wconf 84' lang='lat' dir='ltr'>Etenim</span> <span class='ocrx_word' id='word_1_363' title='bbox 812 1843 960 1875; x_wconf 88' lang='lat' dir='ltr'>dominos</span> <span class='ocrx_word' id='word_1_364' title='bbox 989 1851 1020 1876; x_wconf 88' lang='lat' dir='ltr'>et</span> <span class='ocrx_word' id='word_1_365' title='bbox 1049 1850 1156 1886; x_wconf 88' lang='lat' dir='ltr'>patres</span> <span class='ocrx_word' id='word_1_366' title='bbox 1188 1855 1291 1883; x_wconf 83' lang='lat' dir='ltr'>meos,</span> <span class='ocrx_word' id='word_1_367' title='bbox 1325 1845 1377 1886; x_wconf 85' lang='lat' dir='ltr'>qui</span> <span class='ocrx_word' id='word_1_368' title='bbox 1411 1855 1460 1874; x_wconf 81' lang='lat' dir='ltr'>nie</span> <span class='ocrx_word' id='word_1_369' title='bbox 1490 1845 1520 1874; x_wconf 90' lang='lat' dir='ltr'>in</span> <span class='ocrx_word' id='word_1_370' title='bbox 1555 1845 1606 1874; x_wconf 83' lang='lat' dir='ltr'>via</span> <span class='ocrx_word' id='word_1_371' title='bbox 1639 1845 1779 1874; x_wconf 78' lang='lat' dir='ltr'>iustitiae</span> 
     </span>
     <span class='ocr_line' id='line_1_42' title="bbox 124 1895 1779 1937; baseline -0.002 -9"><span class='ocrx_word' id='word_1_372' title='bbox 124 1896 315 1935; x_wconf 84' lang='lat' dir='ltr'>confortant,</span> <span class='ocrx_word' id='word_1_373' title='bbox 339 1897 425 1927; x_wconf 89' lang='lat' dir='ltr'>viros</span> <span class='ocrx_word' id='word_1_374' title='bbox 448 1896 660 1936; x_wconf 75' lang='lat' dir='ltr'>sanguinum,</span> <span class='ocrx_word' id='word_1_375' title='bbox 692 1895 812 1926; x_wconf 87' lang='lat' dir='ltr'>similes</span> <span class='ocrx_word' id='word_1_376' title='bbox 837 1895 990 1927; x_wconf 83' lang='lat' dir='ltr'>sathanae</span> <span class='ocrx_word' id='word_1_377' title='bbox 1015 1895 1144 1937; x_wconf 83' lang='lat' dir='ltr'>oblique</span> <span class='ocrx_word' id='word_1_378' title='bbox 1168 1895 1328 1937; x_wconf 69' lang='lat' dir='ltr'>appellas,</span> <span class='ocrx_word' id='word_1_379' title='bbox 1353 1902 1384 1927; x_wconf 84' lang='lat' dir='ltr'>et</span> <span class='ocrx_word' id='word_1_380' title='bbox 1407 1897 1528 1926; x_wconf 84' lang='lat' dir='ltr'>monita</span> <span class='ocrx_word' id='word_1_381' title='bbox 1552 1895 1673 1935; x_wconf 86' lang='lat' dir='ltr'>salutis,</span> <span class='ocrx_word' id='word_1_382' title='bbox 1698 1906 1779 1936; x_wconf 82' lang='lat' dir='ltr'>quac</span> 
     </span>
     <span class='ocr_line' id='line_1_43' title="bbox 123 1946 1781 1990; baseline -0.001 -11"><span class='ocrx_word' id='word_1_383' title='bbox 123 1954 311 1990; x_wconf 85' lang='lat' dir='ltr'>suggerunt,</span> <span class='ocrx_word' id='word_1_384' title='bbox 335 1949 418 1979; x_wconf 86' lang='lat' dir='ltr'>inter</span> <span class='ocrx_word' id='word_1_385' title='bbox 442 1947 644 1978; x_wconf 84' lang='lat' dir='ltr'>mulierculas</span> <span class='ocrx_word' id='word_1_386' title='bbox 669 1953 699 1978; x_wconf 86' lang='lat' dir='ltr'>ct</span> <span class='ocrx_word' id='word_1_387' title='bbox 722 1947 860 1989; x_wconf 77' lang='lat' dir='ltr'>simplex</span> <span class='ocrx_word' id='word_1_388' title='bbox 883 1947 999 1988; x_wconf 84' lang='lat' dir='ltr'>vulgus</span> <span class='ocrx_word' id='word_1_389' title='bbox 1023 1948 1208 1988; x_wconf 75' lang='lat' dir='ltr'>sompniare</span> <span class='ocrx_word' id='word_1_390' title='bbox 1231 1947 1321 1977; x_wconf 85' lang='lat' dir='ltr'>dicis.</span> <span class='ocrx_word' id='word_1_391' title='bbox 1361 1947 1523 1988; x_wconf 81' lang='lat' dir='ltr'>Numquid</span> <span class='ocrx_word' id='word_1_392' title='bbox 1542 1947 1632 1978; x_wconf 83' lang='lat' dir='ltr'>Deus</span> <span class='ocrx_word' id='word_1_393' title='bbox 1657 1946 1781 1987; x_wconf 82' lang='lat' dir='ltr'>indiget</span> 
     </span>
     <span class='ocr_line' id='line_1_44' title="bbox 125 1998 1777 2042; baseline -0.002 -11"><span class='ocrx_word' id='word_1_394' title='bbox 125 2006 178 2032; x_wconf 91' lang='lat' dir='ltr'>tuo</span> <span class='ocrx_word' id='word_1_395' title='bbox 202 2000 334 2036; x_wconf 87' lang='lat' dir='ltr'>iudicio,</span> <span class='ocrx_word' id='word_1_396' title='bbox 367 2005 400 2031; x_wconf 88' lang='lat' dir='ltr'>ut</span> <span class='ocrx_word' id='word_1_397' title='bbox 423 2011 480 2042; x_wconf 88' lang='lat' dir='ltr'>pro</span> <span class='ocrx_word' id='word_1_398' title='bbox 504 1999 558 2030; x_wconf 90' lang='lat' dir='ltr'>illo</span> <span class='ocrx_word' id='word_1_399' title='bbox 582 1999 723 2040; x_wconf 86' lang='lat' dir='ltr'>loquaris</span> <span class='ocrx_word' id='word_1_400' title='bbox 747 1999 862 2029; x_wconf 72' lang='lat' dir='ltr'>dolos?</span> <span class='ocrx_word' id='word_1_401' title='bbox 912 1999 1030 2030; x_wconf 86' lang='lat' dir='ltr'>Docuit</span> <span class='ocrx_word' id='word_1_402' title='bbox 1054 1999 1205 2040; x_wconf 87' lang='lat' dir='ltr'>iniquitas</span> <span class='ocrx_word' id='word_1_403' title='bbox 1231 2009 1265 2028; x_wconf 88' lang='lat' dir='ltr'>os</span> <span class='ocrx_word' id='word_1_404' title='bbox 1290 2006 1390 2039; x_wconf 84' lang='lat' dir='ltr'>tuum,</span> <span class='ocrx_word' id='word_1_405' title='bbox 1423 2004 1454 2029; x_wconf 88' lang='lat' dir='ltr'>ct</span> <span class='ocrx_word' id='word_1_406' title='bbox 1477 1999 1612 2029; x_wconf 87' lang='lat' dir='ltr'>imitaris</span> <span class='ocrx_word' id='word_1_407' title='bbox 1636 1998 1777 2039; x_wconf 79' lang='lat' dir='ltr'>linguam</span> 
     </span>
     <span class='ocr_line' id='line_1_45' title="bbox 126 2050 1942 2094; baseline -0.001 -11"><span class='ocrx_word' id='word_1_408' title='bbox 126 2051 434 2094; x_wconf 82' lang='lat' dir='ltr'>blasphemantium,</span> <span class='ocrx_word' id='word_1_409' title='bbox 466 2053 510 2082; x_wconf 86' lang='lat' dir='ltr'>ita</span> <span class='ocrx_word' id='word_1_410' title='bbox 534 2057 567 2082; x_wconf 90' lang='lat' dir='ltr'>ut</span> <span class='ocrx_word' id='word_1_411' title='bbox 591 2056 676 2081; x_wconf 88' lang='lat' dir='ltr'>recte</span> <span class='ocrx_word' id='word_1_412' title='bbox 703 2050 741 2081; x_wconf 89' lang='lat' dir='ltr'>de</span> <span class='ocrx_word' id='word_1_413' title='bbox 766 2056 796 2082; x_wconf 87' lang='lat' dir='ltr'>te</span> <span class='ocrx_word' id='word_1_414' title='bbox 820 2052 906 2082; x_wconf 79' lang='lat' dir='ltr'>(licat</span> <span class='ocrx_word' id='word_1_415' title='bbox 930 2050 1103 2092; x_wconf 82' lang='lat' dir='ltr'>propheta:</span> <span class='ocrx_word' id='word_1_416' title='bbox 1133 2050 1249 2081; x_wconf 66' lang='lat' dir='ltr'>Noluit</span> <span class='ocrx_word' id='word_1_417' title='bbox 1272 2050 1468 2092; x_wconf 73' lang='lat' dir='ltr'>intellsyere,</span> <span class='ocrx_word' id='word_1_418' title='bbox 1500 2056 1533 2080; x_wconf 76' lang='lat' dir='ltr'>vt</span> <span class='ocrx_word' id='word_1_419' title='bbox 1556 2051 1632 2081; x_wconf 77' lang='lat' dir='ltr'>bene</span> <span class='ocrx_word' id='word_1_420' title='bbox 1658 2055 1778 2091; x_wconf 58' lang='lat' dir='ltr'>asseret,</span> <span class='ocrx_word' id='word_1_421' title='bbox 1798 2061 1909 2085; x_wconf 73' lang='lat' dir='ltr'>1&#39;s.35‚4.</span> <span class='ocrx_word' id='word_1_422' title='bbox 1922 2061 1942 2082; x_wconf 83' lang='lat'>5.</span> 
     </span>
     <span class='ocr_line' id='line_1_46' title="bbox 126 2103 1775 2147; baseline -0.002 -12"><span class='ocrx_word' id='word_1_423' title='bbox 126 2105 328 2147; x_wconf 77' lang='lat' dir='ltr'>iniquitatem</span> <span class='ocrx_word' id='word_1_424' title='bbox 361 2104 534 2134; x_wconf 75' lang='lat' dir='ltr'>meditatus</span> <span class='ocrx_word' id='word_1_425' title='bbox 565 2107 609 2133; x_wconf 80' lang='lat' dir='ltr'>est</span> <span class='ocrx_word' id='word_1_426' title='bbox 641 2103 673 2133; x_wconf 80' lang='lat' dir='ltr'>in</span> <span class='ocrx_word' id='word_1_427' title='bbox 699 2103 798 2134; x_wconf 71' lang='lat' dir='ltr'>cubili</span> <span class='ocrx_word' id='word_1_428' title='bbox 819 2114 887 2133; x_wconf 78' lang='lat' dir='ltr'>suo.</span> <span class='ocrx_word' id='word_1_429' title='bbox 934 2103 1091 2141; x_wconf 77' lang='lat' dir='ltr'>Quamvis</span> <span class='ocrx_word' id='word_1_430' title='bbox 1122 2113 1214 2143; x_wconf 83' lang='lat' dir='ltr'>ergo,</span> <span class='ocrx_word' id='word_1_431' title='bbox 1247 2107 1400 2144; x_wconf 88' lang='lat' dir='ltr'>quantum</span> <span class='ocrx_word' id='word_1_432' title='bbox 1433 2113 1621 2143; x_wconf 81' lang='lat' dir='ltr'>perversus,</span> <span class='ocrx_word' id='word_1_433' title='bbox 1653 2107 1775 2132; x_wconf 85' lang='lat' dir='ltr'>tantum</span> 
     </span>
     <span class='ocr_line' id='line_1_47' title="bbox 125 2153 1908 2198; baseline -0.002 -11"><span class='ocrx_word' id='word_1_434' title='bbox 125 2167 280 2198; x_wconf 86' lang='lat' dir='ltr'>perversa</span> <span class='ocrx_word' id='word_1_435' title='bbox 301 2155 427 2185; x_wconf 87' lang='lat' dir='ltr'>loeutus</span> <span class='ocrx_word' id='word_1_436' title='bbox 451 2155 505 2192; x_wconf 85' lang='lat' dir='ltr'>sis,</span> <span class='ocrx_word' id='word_1_437' title='bbox 529 2165 585 2185; x_wconf 87' lang='lat' dir='ltr'>nos</span> <span class='ocrx_word' id='word_1_438' title='bbox 611 2160 717 2185; x_wconf 83' lang='lat' dir='ltr'>tamen</span> <span class='ocrx_word' id='word_1_439' title='bbox 743 2155 787 2184; x_wconf 88' lang='lat' dir='ltr'>ori</span> <span class='ocrx_word' id='word_1_440' title='bbox 812 2160 922 2185; x_wconf 88' lang='lat' dir='ltr'>nostro</span> <span class='ocrx_word' id='word_1_441' title='bbox 946 2153 1124 2185; x_wconf 85' lang='lat' dir='ltr'>custodiam</span> <span class='ocrx_word' id='word_1_442' title='bbox 1150 2165 1271 2195; x_wconf 85' lang='lat' dir='ltr'>ponere</span> <span class='ocrx_word' id='word_1_443' title='bbox 1294 2153 1496 2184; x_wconf 87' lang='lat' dir='ltr'>decrevimus</span> <span class='ocrx_word' id='word_1_444' title='bbox 1519 2158 1550 2184; x_wconf 90' lang='lat' dir='ltr'>et</span> <span class='ocrx_word' id='word_1_445' title='bbox 1573 2153 1675 2191; x_wconf 82' lang='lat' dir='ltr'>silere⁷</span> <span class='ocrx_word' id='word_1_446' title='bbox 1705 2164 1776 2183; x_wconf 88' lang='lat' dir='ltr'>cum</span> <span class='ocrx_word' id='word_1_447' title='bbox 1798 2165 1908 2188; x_wconf 49' lang='lat' dir='ltr'>P*·38‚2-</span> 
     </span>
     <span class='ocr_line' id='line_1_48' title="bbox 125 2199 1942 2252; baseline -0.001 -14"><span class='ocrx_word' id='word_1_448' title='bbox 125 2207 326 2238; x_wconf 73' lang='lat' dir='ltr'>‘consisteret</span> <span class='ocrx_word' id='word_1_449' title='bbox 348 2211 498 2248; x_wconf 86' lang='lat' dir='ltr'>peccator</span> <span class='ocrx_word' id='word_1_450' title='bbox 521 2205 690 2236; x_wconf 87' lang='lat' dir='ltr'>adversum</span> <span class='ocrx_word' id='word_1_451' title='bbox 717 2216 790 2246; x_wconf 79' lang='lat' dir='ltr'>n0s3</span> <span class='ocrx_word' id='word_1_452' title='bbox 822 2206 878 2237; x_wconf 88' lang='lat' dir='ltr'>sed</span> <span class='ocrx_word' id='word_1_453' title='bbox 904 2207 1025 2237; x_wconf 81' lang='lat' dir='ltr'>excitat</span> <span class='ocrx_word' id='word_1_454' title='bbox 1049 2216 1105 2236; x_wconf 86' lang='lat' dir='ltr'>nos</span> <span class='ocrx_word' id='word_1_455' title='bbox 1137 2216 1242 2236; x_wconf 89' lang='lat' dir='ltr'>sermo</span> <span class='ocrx_word' id='word_1_456' title='bbox 1272 2205 1414 2245; x_wconf 87' lang='lat' dir='ltr'>divinus,</span> <span class='ocrx_word' id='word_1_457' title='bbox 1447 2205 1573 2236; x_wconf 89' lang='lat' dir='ltr'>dicens:</span> <span class='ocrx_word' id='word_1_458' title='bbox 1605 2205 1777 2246; x_wconf 76' lang='lat' dir='ltr'>Responde</span> <span class='ocrx_word' id='word_1_459' title='bbox 1798 2199 1942 2252; x_wconf 36' lang='lat' dir='ltr'>lssf&#39;si&#39;w&#39;f&#39;·</span> 
     </span>
     <span class='ocr_line' id='line_1_49' title="bbox 125 2256 1948 2299; baseline -0.002 -9"><span class='ocrx_word' id='word_1_460' title='bbox 125 2260 220 2290; x_wconf 80' lang='lat' dir='ltr'>stulto</span> <span class='ocrx_word' id='word_1_461' title='bbox 250 2259 427 2290; x_wconf 77' lang='lat' dir='ltr'>secundam</span> <span class='ocrx_word' id='word_1_462' title='bbox 458 2258 629 2289; x_wconf 73' lang='lat' dir='ltr'>stultitiam</span> <span class='ocrx_word' id='word_1_463' title='bbox 660 2269 770 2297; x_wconf 79' lang='lat' dir='ltr'>snam,</span> <span class='ocrx_word' id='word_1_464' title='bbox 802 2269 841 2288; x_wconf 81' lang='lat' dir='ltr'>ne</span> <span class='ocrx_word' id='word_1_465' title='bbox 871 2258 933 2290; x_wconf 76' lang='lat' dir='ltr'>sibi</span> <span class='ocrx_word' id='word_1_466' title='bbox 963 2259 1098 2299; x_wconf 79' lang='lat' dir='ltr'>sapiens</span> <span class='ocrx_word' id='word_1_467' title='bbox 1129 2258 1290 2289; x_wconf 75' lang='lat' dir='ltr'>videatur.</span> <span class='ocrx_word' id='word_1_468' title='bbox 1335 2256 1501 2298; x_wconf 85' lang='lat' dir='ltr'>Numquid</span> <span class='ocrx_word' id='word_1_469' title='bbox 1533 2257 1616 2287; x_wconf 87' lang='lat' dir='ltr'>enim</span> <span class='ocrx_word' id='word_1_470' title='bbox 1647 2257 1778 2287; x_wconf 87' lang='lat' dir='ltr'>fatuitas</span> <span class='ocrx_word' id='word_1_471' title='bbox 1798 2267 1948 2292; x_wconf 52' lang='lat' dir='ltr'>‹raon-xeo.</span> 
     </span>
     <span class='ocr_line' id='line_1_50' title="bbox 125 2307 1777 2352; baseline -0.002 -10"><span class='ocrx_word' id='word_1_472' title='bbox 125 2311 309 2352; x_wconf 78' lang='lat' dir='ltr'>personabit</span> <span class='ocrx_word' id='word_1_473' title='bbox 333 2315 364 2341; x_wconf 89' lang='lat' dir='ltr'>et</span> <span class='ocrx_word' id='word_1_474' title='bbox 388 2310 546 2351; x_wconf 83' lang='lat' dir='ltr'>sapientia</span> <span class='ocrx_word' id='word_1_475' title='bbox 570 2308 795 2340; x_wconf 78' lang='lat' dir='ltr'>obmutescet?</span> <span class='ocrx_word' id='word_1_476' title='bbox 838 2308 1003 2351; x_wconf 84' lang='lat' dir='ltr'>Numquid</span> <span class='ocrx_word' id='word_1_477' title='bbox 1027 2308 1178 2351; x_wconf 87' lang='lat' dir='ltr'>loquetur</span> <span class='ocrx_word' id='word_1_478' title='bbox 1207 2308 1408 2340; x_wconf 84' lang='lat' dir='ltr'>mendacium</span> <span class='ocrx_word' id='word_1_479' title='bbox 1439 2315 1469 2340; x_wconf 85' lang='lat' dir='ltr'>et</span> <span class='ocrx_word' id='word_1_480' title='bbox 1498 2309 1617 2340; x_wconf 90' lang='lat' dir='ltr'>veritas</span> <span class='ocrx_word' id='word_1_481' title='bbox 1647 2307 1777 2340; x_wconf 78' lang='lat' dir='ltr'>silebit?</span> 
     </span>
     <span class='ocr_line' id='line_1_51' title="bbox 124 2360 1924 2404; baseline -0.002 -11"><span class='ocrx_word' id='word_1_482' title='bbox 124 2361 291 2404; x_wconf 88' lang='lat' dir='ltr'>Numquid</span> <span class='ocrx_word' id='word_1_483' title='bbox 313 2362 462 2393; x_wconf 76' lang='lat' dir='ltr'>tenebrae</span> <span class='ocrx_word' id='word_1_484' title='bbox 487 2362 631 2402; x_wconf 79' lang='lat' dir='ltr'>operient</span> <span class='ocrx_word' id='word_1_485' title='bbox 655 2366 792 2399; x_wconf 78' lang='lat' dir='ltr'>terram,</span> <span class='ocrx_word' id='word_1_486' title='bbox 822 2366 853 2392; x_wconf 90' lang='lat' dir='ltr'>et</span> <span class='ocrx_word' id='word_1_487' title='bbox 878 2361 1041 2392; x_wconf 79' lang='lat' dir='ltr'>Dominus</span> <span class='ocrx_word' id='word_1_488' title='bbox 1072 2372 1134 2392; x_wconf 89' lang='lat' dir='ltr'>non</span> <span class='ocrx_word' id='word_1_489' title='bbox 1161 2360 1304 2392; x_wconf 72' lang='lat' dir='ltr'>orietur?</span> <span class='ocrx_word' id='word_1_490' title='bbox 1349 2360 1452 2391; x_wconf 89' lang='lat' dir='ltr'>Immo</span> <span class='ocrx_word' id='word_1_491' title='bbox 1484 2360 1543 2391; x_wconf 65' lang='lat' dir='ltr'>lum</span> <span class='ocrx_word' id='word_1_492' title='bbox 1572 2361 1609 2391; x_wconf 81' lang='lat' dir='ltr'>in</span> <span class='ocrx_word' id='word_1_493' title='bbox 1640 2360 1777 2391; x_wconf 71' lang='lat' dir='ltr'>tenebris</span> <span class='ocrx_word' id='word_1_494' title='bbox 1798 2371 1924 2395; x_wconf 66' lang='lat' dir='ltr'>1÷ai.60,2.</span> 
     </span>
     <span class='ocr_line' id='line_1_52' title="bbox 124 2412 1903 2454; baseline -0.001 -9"><span class='ocrx_word' id='word_1_495' title='bbox 124 2414 218 2454; x_wconf 82' lang='lat' dir='ltr'>lucet,</span> <span class='ocrx_word' id='word_1_496' title='bbox 241 2419 269 2444; x_wconf 83' lang='lat' dir='ltr'>et</span> <span class='ocrx_word' id='word_1_497' title='bbox 290 2414 439 2445; x_wconf 78' lang='lat' dir='ltr'>tenebrae</span> <span class='ocrx_word' id='word_1_498' title='bbox 462 2424 532 2444; x_wconf 83' lang='lat' dir='ltr'>eam</span> <span class='ocrx_word' id='word_1_499' title='bbox 556 2424 622 2444; x_wconf 86' lang='lat' dir='ltr'>non</span> <span class='ocrx_word' id='word_1_500' title='bbox 648 2413 964 2453; x_wconf 72' lang='lat' dir='ltr'>conprehenderunt.</span> <span class='ocrx_word' id='word_1_501' title='bbox 1003 2413 1073 2451; x_wconf 79' lang='lat' dir='ltr'>Qua</span> <span class='ocrx_word' id='word_1_502' title='bbox 1092 2412 1350 2444; x_wconf 81' lang='lat' dir='ltr'>consideratione</span> <span class='ocrx_word' id='word_1_503' title='bbox 1366 2412 1530 2443; x_wconf 69' lang='lat' dir='ltr'>concaluit</span> <span class='ocrx_word' id='word_1_504' title='bbox 1551 2424 1605 2443; x_wconf 78' lang='lat' dir='ltr'>cor</span> <span class='ocrx_word' id='word_1_505' title='bbox 1621 2417 1775 2450; x_wconf 73' lang='lat' dir='ltr'>nostrum,</span> <span class='ocrx_word' id='word_1_506' title='bbox 1799 2423 1903 2447; x_wconf 63' lang='lat'>1011.1‚5.</span> 
     </span>
     <span class='ocr_line' id='line_1_53' title="bbox 125 2463 1907 2506; baseline -0.001 -10"><span class='ocrx_word' id='word_1_507' title='bbox 125 2470 153 2495; x_wconf 70' lang='lat' dir='ltr'>et</span> <span class='ocrx_word' id='word_1_508' title='bbox 176 2466 211 2496; x_wconf 81' lang='lat' dir='ltr'>in</span> <span class='ocrx_word' id='word_1_509' title='bbox 234 2465 443 2496; x_wconf 76' lang='lat' dir='ltr'>meditatione</span> <span class='ocrx_word' id='word_1_510' title='bbox 466 2469 574 2495; x_wconf 85' lang='lat' dir='ltr'>nostra</span> <span class='ocrx_word' id='word_1_511' title='bbox 598 2465 723 2495; x_wconf 74' lang='lat' dir='ltr'>eoearsit</span> <span class='ocrx_word' id='word_1_512' title='bbox 747 2465 846 2506; x_wconf 70' lang='lat' dir='ltr'>tynis.</span> <span class='ocrx_word' id='word_1_513' title='bbox 891 2464 1069 2506; x_wconf 88' lang='lat' dir='ltr'>Loquimur</span> <span class='ocrx_word' id='word_1_514' title='bbox 1099 2465 1197 2505; x_wconf 85' lang='lat' dir='ltr'>igitur</span> <span class='ocrx_word' id='word_1_515' title='bbox 1220 2469 1251 2495; x_wconf 87' lang='lat' dir='ltr'>et</span> <span class='ocrx_word' id='word_1_516' title='bbox 1274 2463 1464 2503; x_wconf 88' lang='lat' dir='ltr'>clamamus,</span> <span class='ocrx_word' id='word_1_517' title='bbox 1496 2463 1674 2506; x_wconf 81' lang='lat' dir='ltr'>vulpesque</span> <span class='ocrx_word' id='word_1_518' title='bbox 1707 2475 1775 2505; x_wconf 79' lang='lat' dir='ltr'>par-</span> <span class='ocrx_word' id='word_1_519' title='bbox 1798 2476 1907 2497; x_wconf 34' lang='lat' dir='ltr'>masfa.</span> 
     </span>
     <span class='ocr_line' id='line_1_54' title="bbox 125 2515 1946 2559; baseline -0.001 -11"><span class='ocrx_word' id='word_1_520' title='bbox 125 2515 225 2558; x_wconf 87' lang='lat' dir='ltr'>vulas,</span> <span class='ocrx_word' id='word_1_521' title='bbox 248 2527 331 2559; x_wconf 84' lang='lat' dir='ltr'>quae</span> <span class='ocrx_word' id='word_1_522' title='bbox 356 2517 467 2547; x_wconf 87' lang='lat' dir='ltr'>vineas</span> <span class='ocrx_word' id='word_1_523' title='bbox 492 2516 621 2547; x_wconf 90' lang='lat' dir='ltr'>Domini</span> <span class='ocrx_word' id='word_1_524' title='bbox 646 2515 870 2556; x_wconf 86' lang='lat' dir='ltr'>demoliuntur,</span> <span class='ocrx_word' id='word_1_525' title='bbox 896 2521 1050 2558; x_wconf 82' lang='lat' dir='ltr'>quantuni</span> <span class='ocrx_word' id='word_1_526' title='bbox 1075 2527 1257 2557; x_wconf 88' lang='lat' dir='ltr'>possumus,</span> <span class='ocrx_word' id='word_1_527' title='bbox 1283 2526 1440 2555; x_wconf 80' lang='lat' dir='ltr'>arcemus,</span> <span class='ocrx_word' id='word_1_528' title='bbox 1468 2517 1618 2546; x_wconf 88' lang='lat' dir='ltr'>timentes</span> <span class='ocrx_word' id='word_1_529' title='bbox 1642 2515 1775 2557; x_wconf 83' lang='lat' dir='ltr'>prophe·</span> <span class='ocrx_word' id='word_1_530' title='bbox 1797 2528 1946 2551; x_wconf 47' lang='lat' dir='ltr'>eminens.</span> 
     </span>
    </p>
   </div>
   <div class='ocr_carea' id='block_1_11' title="bbox 127 2630 1774 2754">
    <p class='ocr_par' dir='ltr' id='par_1_13' title="bbox 127 2630 1774 2754">
     <span class='ocr_line' id='line_1_55' title="bbox 238 2630 1774 2662; baseline 0 -8"><span class='ocrx_word' id='word_1_531' title='bbox 238 2632 265 2657; x_wconf 71' lang='lat' dir='ltr'>a)</span> <span class='ocrx_word' id='word_1_532' title='bbox 286 2631 323 2655; x_wconf 80' lang='lat' dir='ltr'>ica</span> <span class='ocrx_word' id='word_1_533' title='bbox 344 2631 395 2655; x_wconf 79' lang='lat' dir='ltr'>levi</span> <span class='ocrx_word' id='word_1_534' title='bbox 414 2631 517 2656; x_wconf 78' lang='lat' dir='ltr'>medela</span> <span class='ocrx_word' id='word_1_535' title='bbox 537 2634 635 2655; x_wconf 63' lang='lat' dir='ltr'>tea-cum</span> <span class='ocrx_word' id='word_1_536' title='bbox 656 2631 772 2658; x_wconf 75' lang='lat' dir='ltr'>restitui;</span> <span class='ocrx_word' id='word_1_537' title='bbox 797 2630 834 2655; x_wconf 77' lang='lat' dir='ltr'>sic</span> <span class='ocrx_word' id='word_1_538' title='bbox 854 2630 921 2655; x_wconf 69' lang='lat' dir='ltr'>enim</span> <span class='ocrx_word' id='word_1_539' title='bbox 943 2630 1090 2662; x_wconf 65' lang='lat' dir='ltr'>legebatur:</span> <span class='ocrx_word' id='word_1_540' title='bbox 1109 2633 1197 2655; x_wconf 76' lang='lat' dir='ltr'>vestro</span> <span class='ocrx_word' id='word_1_541' title='bbox 1219 2630 1317 2654; x_wconf 85' lang='lat' dir='ltr'>iudicio</span> <span class='ocrx_word' id='word_1_542' title='bbox 1339 2631 1382 2654; x_wconf 76' lang='lat' dir='ltr'>ubi</span> <span class='ocrx_word' id='word_1_543' title='bbox 1403 2631 1452 2661; x_wconf 74' lang='lat' dir='ltr'>ius,</span> <span class='ocrx_word' id='word_1_544' title='bbox 1479 2631 1519 2654; x_wconf 86' lang='lat' dir='ltr'>vel</span> <span class='ocrx_word' id='word_1_545' title='bbox 1540 2632 1619 2655; x_wconf 83' lang='lat' dir='ltr'>etiam</span> <span class='ocrx_word' id='word_1_546' title='bbox 1640 2632 1666 2655; x_wconf 89' lang='lat' dir='ltr'>in</span> <span class='ocrx_word' id='word_1_547' title='bbox 1688 2634 1774 2654; x_wconf 60' lang='lat' dir='ltr'>vestro</span> 
     </span>
     <span class='ocr_line' id='line_1_56' title="bbox 127 2673 1774 2708; baseline -0.001 -8"><span class='ocrx_word' id='word_1_548' title='bbox 127 2676 226 2701; x_wconf 84' lang='lat' dir='ltr'>iudicio</span> <span class='ocrx_word' id='word_1_549' title='bbox 247 2685 425 2705; x_wconf 80' lang='lat' dir='ltr'>conseramus,</span> <span class='ocrx_word' id='word_1_550' title='bbox 448 2678 581 2702; x_wconf 82' lang='lat' dir='ltr'>domicilio</span> <span class='ocrx_word' id='word_1_551' title='bbox 601 2680 703 2701; x_wconf 86' lang='lat' dir='ltr'>tantum</span> <span class='ocrx_word' id='word_1_552' title='bbox 726 2685 778 2701; x_wconf 86' lang='lat' dir='ltr'>non</span> <span class='ocrx_word' id='word_1_553' title='bbox 801 2686 848 2701; x_wconf 85' lang='lat' dir='ltr'>suo</span> <span class='ocrx_word' id='word_1_554' title='bbox 871 2678 990 2701; x_wconf 76' lang='lat' dir='ltr'>usurario</span> <span class='ocrx_word' id='word_1_555' title='bbox 1012 2680 1057 2701; x_wconf 57' lang='lat' dir='ltr'>etc.</span> <span class='ocrx_word' id='word_1_556' title='bbox 1087 2676 1208 2701; x_wconf 73' lang='lat' dir='ltr'>PERTZ.</span> <span class='ocrx_word' id='word_1_557' title='bbox 1283 2677 1311 2701; x_wconf 67' lang='lat' dir='ltr'>b»</span> <span class='ocrx_word' id='word_1_558' title='bbox 1334 2677 1436 2708; x_wconf 81' lang='lat' dir='ltr'>dapnas</span> <span class='ocrx_word' id='word_1_559' title='bbox 1457 2685 1478 2701; x_wconf 84' lang='lat' dir='ltr'>c.</span> <span class='ocrx_word' id='word_1_560' title='bbox 1500 2680 1578 2701; x_wconf 75' lang='lat' dir='ltr'>const.</span> <span class='ocrx_word' id='word_1_561' title='bbox 1649 2685 1672 2703; x_wconf 57' lang='lat' dir='ltr'>ci</span> <span class='ocrx_word' id='word_1_562' title='bbox 1696 2673 1738 2707; x_wconf 43' lang='grc' dir='ltr'>ᾗ</span> <span class='ocrx_word' id='word_1_563' title='bbox 1753 2684 1774 2699; x_wconf 85' lang='lat' dir='ltr'>c.</span> 
     </span>
     <span class='ocr_line' id='line_1_57' title="bbox 129 2722 754 2754; baseline 0.002 -8"><span class='ocrx_word' id='word_1_564' title='bbox 129 2722 156 2754; x_wconf 84' lang='lat' dir='ltr'>d)</span> <span class='ocrx_word' id='word_1_565' title='bbox 178 2723 282 2754; x_wconf 84' lang='lat' dir='ltr'>ligwam</span> <span class='ocrx_word' id='word_1_566' title='bbox 304 2733 324 2747; x_wconf 83' lang='lat' dir='ltr'>c.</span> <span class='ocrx_word' id='word_1_567' title='bbox 345 2727 424 2747; x_wconf 77' lang='lat' dir='ltr'>const.</span> <span class='ocrx_word' id='word_1_568' title='bbox 501 2723 527 2753; x_wconf 79' lang='lat' dir='ltr'>e)</span> <span class='ocrx_word' id='word_1_569' title='bbox 549 2723 711 2747; x_wconf 65' lang='lat' dir='ltr'>obstruvtum</span> <span class='ocrx_word' id='word_1_570' title='bbox 734 2732 754 2747; x_wconf 82' lang='lat' dir='ltr'>c.</span> 
     </span>
    </p>
   </div>
   <div class='ocr_carea' id='block_1_12' title="bbox 237 2819 1772 2855">
    <p class='ocr_par' dir='ltr' id='par_1_14' title="bbox 237 2819 1772 2855">
     <span class='ocr_line' id='line_1_58' title="bbox 237 2819 1772 2855; baseline -0.001 -9"><span class='ocrx_word' id='word_1_571' title='bbox 237 2820 264 2855; x_wconf 95' lang='lat'>1)</span> <span class='ocrx_word' id='word_1_572' title='bbox 287 2821 430 2854; x_wconf 79' lang='lat' dir='ltr'>Ecbertus,</span> <span class='ocrx_word' id='word_1_573' title='bbox 448 2820 579 2847; x_wconf 76' lang='lat' dir='ltr'>Heinrz&#39;ci</span> <span class='ocrx_word' id='word_1_574' title='bbox 589 2821 663 2855; x_wconf 74' lang='lat' dir='ltr'>reqis</span> <span class='ocrx_word' id='word_1_575' title='bbox 672 2821 820 2855; x_wconf 71' lang='lat' dir='ltr'>patruelis,</span> <span class='ocrx_word' id='word_1_576' title='bbox 843 2821 869 2849; x_wconf 81' lang='lat' dir='ltr'>V.</span> <span class='ocrx_word' id='word_1_577' title='bbox 885 2821 958 2846; x_wconf 75' lang='lat' dir='ltr'>Non.</span> <span class='ocrx_word' id='word_1_578' title='bbox 972 2821 1026 2847; x_wconf 68' lang='grc' dir='ltr'>Ιιιῖ.</span> <span class='ocrx_word' id='word_1_579' title='bbox 1041 2830 1068 2847; x_wconf 86' lang='grc' dir='ltr'>α.</span> <span class='ocrx_word' id='word_1_580' title='bbox 1085 2821 1174 2848; x_wconf 80' lang='grc'><strong>1090.</strong></span> <span class='ocrx_word' id='word_1_581' title='bbox 1190 2820 1353 2853; x_wconf 58' lang='lat' dir='ltr'>intent&#39;ectus·</span> <span class='ocrx_word' id='word_1_582' title='bbox 1365 2824 1412 2853; x_wconf 64' lang='lat' dir='ltr'>est,</span> <span class='ocrx_word' id='word_1_583' title='bbox 1431 2822 1467 2853; x_wconf 74' lang='lat' dir='ltr'>cf.</span> <span class='ocrx_word' id='word_1_584' title='bbox 1481 2829 1566 2854; x_wconf 71' lang='lat' dir='ltr'>supra</span> <span class='ocrx_word' id='word_1_585' title='bbox 1577 2829 1606 2853; x_wconf 69' lang='lat' dir='ltr'>J).</span> <span class='ocrx_word' id='word_1_586' title='bbox 1621 2819 1689 2851; x_wconf 67' lang='lat'>⁶263,</span> <span class='ocrx_word' id='word_1_587' title='bbox 1705 2828 1729 2844; x_wconf 78' lang='grc' dir='ltr'>ιι.</span> <span class='ocrx_word' id='word_1_588' title='bbox 1746 2819 1772 2844; x_wconf 65' lang='grc' dir='ltr'>ι).</span> 
     </span>
    </p>
   </div>
  </div>
 </body>
</html>
