2132 3067
42 717 70 736 10

39 974 66 994 15

35 1498 62 1518 25

33 2013 60 2034 35

33 2581 60 2600 ⁴5

650 150 838 178 LIBELLUS
862 152 913 177 DE
937 149 1180 178 SYMONIACIS.
1677 147 1739 178 559

90 239 254 280 impositio
277 249 375 281 quam
399 241 505 270 oratio
529 250 629 280 super
653 240 819 270 hominem.
864 239 935 270 Non
960 240 1059 280 igitur
1082 240 1251 270 reiteretur
1274 239 1376 269 oratio
1400 249 1496 280 super
1519 238 1679 270 hominem
1708 240 1739 269 in

90 289 150 321 illis
167 290 385 330 sacramentis,
410 301 492 331 quae
509 290 655 321 reiterari
679 301 742 321 non
766 291 850 322 licet.
895 291 1029 322 Dictum
1054 296 1102 321 est
1118 297 1235 330 autem,
1260 290 1345 332 quod
1364 291 1522 332 quaedam
1540 295 1739 321 sacramenta

90 342 233 373 reiterari
256 340 341 373 licet,
372 341 529 382 quaedam
554 347 658 372 autem
685 353 747 372 non
772 342 857 383 licet,
887 348 917 373 et
950 343 1008 373 hoc
1040 343 1170 384 quidem
1202 342 1447 373 auctoritatibus
1479 342 1649 384 probatum
1681 351 1738 373 est.

89 393 220 424 Dictum
249 398 299 423 est
327 394 456 434 etiama,
494 394 579 434 quod
611 393 672 424 abb
702 393 851 424 hereticis
881 394 1048 424 venientes
1079 405 1142 425 non
1171 394 1233 424 nisi
1265 404 1322 435 per
1353 404 1467 424 manus
1498 394 1737 435 impositionem

86 444 206 485 suscipi
229 444 378 475 debeant.
423 444 465 475 Et
487 444 567 475 illud
591 444 721 486 quidem
747 444 867 475 dictum
893 451 950 482 est,
981 445 1066 486 quod
1092 446 1199 476 omnia
1223 450 1421 475 sacramenta
1451 451 1542 476 extra
1565 445 1736 476 aeclesiam

86 495 220 527 formam
245 495 375 537 quidem
400 495 550 534 habeant,
580 497 731 526 virtutem
756 502 862 527 autem
894 502 980 527 nona
1004 496 1153 527 habeant.
1200 496 1283 526 Illud
1314 502 1443 527 autemc
1468 496 1619 536 diximus,
1651 496 1735 539 quod

86 552 176 579 extra
198 546 371 578 aeclesiam
395 558 488 578 nemo
511 546 661 578 salvetur.
709 546 861 578 Diximus
885 553 916 578 et
940 548 978 578 de
1003 548 1208 589 symoniacis,
1233 547 1361 589 quando
1387 554 1626 589 consecrantur,
1651 548 1736 590 quod

87 598 189 630 omnis
214 597 397 630 benedictio
421 600 453 630 in
477 597 734 629 maledictionem
760 599 806 629 eis
830 600 1037 629 convertitur.
1083 600 1133 630 De
1157 599 1299 640 parvulis
1323 606 1429 629 autem
1454 599 1678 638 hereticorum,
1711 601 1736 630 si

87 650 157 692 quis
180 650 368 691 interroget,
393 661 490 692 quare
508 655 652 692 pereant,
676 661 747 680 curn
765 650 920 691 baptizati
940 652 1014 690 sint,
1038 650 1233 691 respondeo:
1258 651 1332 691 quia
1357 652 1388 680 in
1411 650 1550 682 aeclesia
1575 663 1637 682 non
1654 657 1736 682 sunt.

87 701 181 740 Quod
210 702 237 732 si
266 701 368 732 dicat:
404 701 501 741 ‘Quid
529 700 572 731 illi
597 708 822 743 peccaverunt,
854 708 887 732 ut
917 702 948 732 in
978 701 1117 733 aeclesia
1145 712 1208 731 non
1238 702 1332 732 sint?
1368 701 1440 732 dico
1470 709 1501 733 et
1530 714 1604 743 ego:
1639 702 1734 741 ‘Quid

84 763 284 794 paganorum
308 759 339 784 et
362 753 536 784 Iudeorum
562 752 686 794 parvuli
707 759 934 794 peccaverunt,
959 759 993 784 ut
1009 753 1166 794 baptizari
1183 764 1247 784 non
1264 753 1494 784 me1·erentur?'
1532 754 1605 795 Ipse
1629 760 1736 784 tamen

85 804 244 836 Dominus
267 806 325 836 ait:
356 805 427 846 Eyo
450 806 516 836 scio
539 816 618 846 quos
641 805 800 847 elegerim.
847 805 1211 836 Excommunicatorum
1243 810 1350 835 autem
1384 805 1450 843 filii,
1487 806 1513 835 si
1544 806 1574 835 in
1599 806 1735 836 aeclesia

87 856 299 897 baptizantur,
322 856 422 887 nichil
446 857 490 887 eis
514 862 609 887 nocet
631 862 800 898 parentum
826 857 1132 895 excommunicatiog
1157 855 1240 887 filius
1264 858 1348 887 enim
1374 868 1437 887 non
1455 857 1597 898 portabit
1620 858 1735 899 iniqui-

85 911 181 938 tatem
215 909 326 949 patris.
372 908 547 950 Postquam
577 914 684 939 tamen
714 907 755 938 ad
788 914 925 939 aetatem
961 909 1104 946 veniunt,
1134 914 1167 938 ut
1199 908 1261 938 iam
1292 919 1347 938 sua
1379 914 1512 950 peccata
1541 919 1735 949 cognoscere

84 958 219 999 valeant,
243 959 376 990 ulterius
398 970 417 990 a
434 960 576 1002 peccatis
599 960 759 990 immunes
781 960 941 991 iudicarid
964 965 1137 1001 nequeunt.
1184 959 1307 998 Quodsi
1334 965 1426 989 extra
1449 959 1615 990 aeclesiam
1635 960 1736 1001 bapti-

84 1015 205 1050 zantur,
223 1030 262 1034 ——
278 1016 353 1042 sunt
375 1012 480 1042 enim²
504 1018 596 1043 extra
619 1011 787 1043 aeclesiam
813 1022 925 1042 omnes
950 1011 1223 1042 excommunicati
1241 1030 1277 1033 —
1295 1011 1356 1041 nisi
1380 1011 1468 1052 prius
1493 1021 1588 1052 quam
1614 1011 1654 1041 du
1676 1011 1734 1042 hac

83 1062 150 1093 vita
177 1063 316 1093 exeant?
346 1074 403 1105 per
431 1064 601 1105 episcopos
629 1063 808 1094 aeclesiaee
838 1062 1118 1103 reconcilianturg‚
1156 1062 1188 1092 in
1218 1073 1334 1103 magno
1364 1061 1507 1104 periculo
1538 1062 1635 1093 michi
1667 1074 1735 1094 esse

84 1113 243 1146 videntur.

190 1175 239 1206 13.
284 1174 364 1206 His¹¹
387 1180 494 1207 autem
519 1177 565 1206 sic
594 1175 767 1218 expeditis,
797 1175 836 1206 de
866 1175 927 1206 illis
959 1186 1045 1206 nunc
1075 1175 1183 1206 dicere
1214 1174 1379 1213 debemus,
1411 1174 1464 1216 qui
1494 1175 1641 1216 quamvis
1671 1186 1734 1205 non

83 1227 279 1268 symoniace,
301 1238 321 1257 a
343 1228 539 1269 symoniacis
564 1234 670 1258 tamen
695 1227 835 1258 ordinati
859 1232 943 1261 sunt,
990 1227 1040 1258 De
1064 1227 1260 1268 symoniacis
1284 1237 1424 1267 namque
1449 1226 1651 1256 manifestum
1677 1234 1734 1265 est,

83 1277 169 1320 quod
192 1277 377 1309 nullomodo
402 1279 433 1309 in
458 1279 524 1310 suis
547 1279 714 1310 ordinibus
737 1278 911 1320 aliquando
935 1279 1057 1320 suscipi
1081 1278 1238 1309 debeant:
1265 1278 1343 1309 Non
1367 1282 1411 1308 est
1434 1279 1519 1309 enim
1543 1280 1588 1309 eis
1615 1278 1732 1319 nequei

79 1341 164 1370 pars
188 1341 290 1372 neque
313 1342 384 1361 sors
409 1332 443 1362 ίη
466 1343 611 1362 sermone
635 1332 708 1363 Dei.
756 1330 930 1372 Apostolus
954 1337 1003 1362 est
1026 1331 1080 1372 qui
1104 1329 1255 1371 loquitur.
1301 1329 1366 1360 Sed
1392 1329 1487 1360 dicis:
1516 1330 1634 1368 ‘Quare
1659 1340 1734 1370 ergo

82 1381 137 1412 alii
167 1381 300 1413 heretici
328 1383 361 1413 in
391 1383 457 1413 suis
486 1382 653 1414 ordinibus
684 1383 935 1424 suscipiunturk‚
971 1382 1149 1423 symoniaci
1180 1392 1242 1412 non
1274 1380 1520 1422 suscipiuntur?
1569 1380 1734 1422 Numquid

81 1434 258 1474 symoniaci
275 1440 348 1465 sunt
362 1435 491 1476 peiores
508 1446 604 1476 quam
621 1435 762 1473 Arriani,
783 1445 878 1476 quam
896 1434 1100 1471 Novatiani¹‚
1117 1444 1213 1475 quam
1231 1432 1412 1471 Donatiste,
1430 1443 1524 1474 quam
1543 1432 1733 1471 Nestoriani,

81 1489 112 1516 et
133 1484 321 1516 Eutieiani?
366 1486 416 1516 Ex
444 1486 493 1517 his
516 1486 602 1517 enim
632 1487 692 1517 inm
717 1486 884 1517 ordinibus
914 1487 980 1516 suis
1007 1484 1177 1516 omnibusn
1208 1491 1239 1515 et
1269 1485 1440 1526 episcopos
1464 1490 1495 1515 et
1525 1484 1734 1526 presbyteros

81 1541 248 1578 susceptos
271 1536 419 1578 legimus,
442 1549 501 1569 nec
524 1539 655 1580 propria
679 1538 836 1578 dignitate
854 1538 1007 1580 privatos.
1052 1537 1135 1568 Dico
1160 1547 1251 1578 ergo:
1275 1536 1389 1567 Utrum
1409 1537 1586 1577 symoniaci
1605 1536 1733 1577 peiores

81 1587 154 1628 sint,
176 1589 318 1619 nesci01:
350 1600 449 1620 unum
474 1596 581 1622 tamen
606 1591 682 1631 scio,
715 1590 791 1632 quia
814 1601 966 1631 inagnum
993 1588 1096 1619 scelus
1125 1593 1172 1619 est
1195 1587 1334 1619 vendere
1364 1588 1415 1619 vel
1445 1599 1551 1619 emere
1576 1588 1731 1629 Spiritum

81 1644 258 1671 sanctumn.
313 1639 349 1672 Si
379 1642 463 1672 enim
494 1653 646 1683 magnum
683 1647 851 1683 peccatum
889 1642 949 1672 fuit
976 1640 1115 1672 vendere
1150 1639 1200 1671 vel
1236 1651 1340 1671 emere
1371 1639 1547 1679 Christum,
1579 1651 1733 1681 magnum

81 1691 212 1733 utique⁰
234 1697 403 1733 peecatum
428 1698 475 1724 est
498 1693 638 1724 vendere
661 1694 712 1724 vel
736 1704 840 1724 emere
859 1692 1015 1734 Spiritum
1041 1698 1204 1722 sanetum:
1229 1691 1358 1733 equales
1383 1693 1466 1722 enim
1491 1697 1565 1722 sunt
1588 1697 1619 1722 et
1639 1692 1734 1722 Pater

81 1747 113 1773 et
134 1741 235 1773 Filius
258 1748 290 1774 et
313 1743 454 1785 Spiritus
477 1751 618 1779 sanctus.
664 1745 762 1776 Iudas
792 1751 840 1775 est
871 1745 925 1786 qui
957 1743 1080 1782 vendit,
1109 1743 1230 1774 Iudeus
1259 1750 1307 1775 est
1337 1744 1390 1785 qui
1421 1744 1508 1774 emit.
1554 1743 1732 1785 Utrumque

80 1799 197 1833 autem,
223 1800 255 1826 et
275 1795 467 1827 vendentem
491 1803 522 1828 et
545 1803 704 1829 ementem
729 1798 768 1828 de
791 1795 912 1837 templo
932 1795 1091 1827 Dominus
1115 1796 1216 1827 eiecit.
1262 1795 1305 1825 Et
1328 1795 1428 1826 multa
1452 1795 1581 1836 quidem
1607 1795 1733 1836 dispen-

80 1847 216 1877 satoriev
238 1847 272 1877 in
295 1847 433 1878 aeclesia
456 1848 536 1879 fiunt
559 1860 618 1890 pro
643 1849 798 1890 temporis
821 1848 1011 1879 necessitate
1034 1852 1066 1879 et
1086 1848 1208 1888 negotii
1233 1846 1396 1888 qualitate,
1426 1857 1507 1888 quae
1531 1847 1642 1888 utique
1668 1857 1730 1877 non

82 1896 203 1937 fierent,
226 1898 252 1929 si
269 1898 435 1930 districto‘l
457 1901 700 1942 canonicoque?
724 1899 838 1930 iuditio
857 1899 979 1930 fierent.
1026 1898 1107 1930 Cum
1132 1898 1171 1929 de
1197 1898 1356 1929 frumento
1382 1904 1412 1929 et
1428 1899 1551 1928 zizania
1568 1898 1729 1928 Dominus

81 1947 272 1991 loqueretur,
296 1951 355 1981 ait:
380 1950 486 1982 Sinite
509 1957 649 1993 utraque
665 1964 805 1983 crescere
829 1963 930 1993 nsque
954 1952 998 1982 ad
1014 1962 1154 1982 messem.
1199 1950 1319 1990 Magna
1343 1956 1449 1981 tamen
1472 1950 1729 1980 consideratione

80 1999 138 2032 hec
160 2001 232 2033 talis
256 2001 455 2044 dispensatio
480 2003 547 2034 fieri
571 2004 676 2035 debet.
722 2003 764 2035 Et
787 2003 841 2034 alii
867 2003 996 2045 quidem
1020 2002 1153 2034 heretici
1183 2003 1214 2032 in
1238 2002 1453 2043 suscipiendis
1477 2000 1644 2032 ordinibus
1668 2012 1730 2031 non

79 2053 239 2094 errabant,
263 2054 318 2085 sed
342 2053 404 2085 alia
428 2065 526 2086 causa
548 2061 614 2086 erat
637 2062 734 2097 atque
758 2054 915 2095 doctrina,
946 2066 1027 2097 quae
1052 2065 1163 2086 eorum
1188 2053 1283 2084 fidem
1308 2052 1516 2094 impediebat.
1563 2052 1728 2093 Syrnonia-

80 2115 188 2135 corum
211 2116 287 2136 vero
315 2105 436 2137 heresis
464 2112 495 2138 et
526 2112 693 2148 peccatum
724 2107 795 2148 ipsa
823 2118 933 2138 eorum
966 2106 1125 2137 ordinatio
1151 2111 1207 2136 est.
1254 2105 1287 2136 Si
1321 2116 1398 2145 ergo
1431 2115 1507 2135 suae
1537 2103 1729 2134 ordinationi

80 2155 334 2198 reconcilientur,
363 2169 445 2199 quae
468 2159 588 2200 utique,
619 2165 653 2190 ut
677 2160 824 2201 superius
848 2158 1061 2197 ostendimus,
1092 2157 1189 2188 nichil
1212 2156 1319 2188 aliudS
1346 2167 1440 2197 quam
1467 2155 1649 2186 maledictio
1673 2162 1730 2193 est,

80 2207 131 2238 cui
152 2208 215 2239 nisi
238 2219 315 2240 suae
338 2209 442 2241 heresi
466 2221 588 2253 suoque
606 2218 741 2253 peccato
765 2216 796 2241 et
819 2211 858 2249 ei,
883 2221 978 2252 quam
996 2216 1198 2251 acceperant,
1223 2207 1439 2239 maledictioni
1463 2206 1731 2238 reconciliantur?

79 2258 151 2290 Non
189 2265 344 2302 quaerant
380 2261 480 2303 igitur
517 2262 821 2301 reconciliationem,
858 2273 898 2293 ne
937 2262 1017 2292 forte
1054 2262 1219 2292 incurrant
1256 2258 1525 2290 maledictionem.
1585 2259 1730 2298 Querant

80 2311 217 2352 gratiam
241 2311 380 2353 Spiritus
403 2314 516 2354 sancti,
547 2325 610 2345 non
635 2314 675 2345 ad
699 2313 918 2356 episcopalem
945 2314 1147 2354 dignitatem,
1180 2312 1234 2343 sed
1259 2311 1299 2341 ad
1324 2310 1492 2341 delendam
1517 2311 1729 2352 iniquitatem.

80 2361 194 2394 Merito
218 2374 296 2405 ergo
319 2365 497 2406 symoniaci
522 2366 554 2396 in
578 2366 644 2396 suis
662 2365 829 2397 ordinibus
847 2376 909 2396 non
933 2365 1164 2406 suscipiuntur,
1189 2364 1340 2405 quoniam
1365 2363 1418 2392 ine
1442 2363 1521 2403 ipsis
1539 2362 1727 2393 ordinibust

80 2420 305 2455 peccaverunt.
357 2417 485 2447 Arriani
506 2428 580 2449 vero
604 2428 668 2448 non
692 2418 724 2448 in
750 2416 925 2459 episcopali
950 2417 1117 2458 dignitate,
1142 2414 1197 2446 sed
1222 2416 1253 2445 in
1276 2414 1340 2445 fide
1365 2413 1533 2444 Trinitatis
1557 2414 1728 2445 errabantu

190 2530 218 2557 a)
238 2538 287 2554 om.
302 2531 327 2554 2.
385 2531 412 2562 b)
435 2531 475 2556 his
497 2532 571 2562 add„
591 2531 637 2556 sed
657 2531 729 2555 linea
748 2532 880 2556 subducta
901 2531 948 2556 del.
967 2532 989 2556 1.
1048 2532 1071 2559 e)
1095 2531 1175 2554 etiam
1191 2530 1215 2554 2.
1274 2529 1300 2560 d)
1321 2529 1452 2553 vindicari
1475 2529 1507 2552 l'?
1564 2530 1588 2558 e)
1609 2529 1680 2553 deest
1704 2530 1726 2553 l.

79 2573 102 2603 f)
122 2570 218 2600 exeant
239 2577 262 2601 1.
328 2576 356 2608 g)
378 2578 584 2602 reconcilientur
608 2580 629 2602 1.
688 2578 714 2607 h)
737 2578 767 2608 is,
789 2578 891 2602 litterae
913 2577 1010 2601 initiali
1030 2577 1081 2607 (H)
1102 2576 1182 2600 minio
1203 2575 1361 2600 inserendae
1381 2574 1466 2607 spatio
1488 2583 1572 2599 vacuo
1592 2574 1681 2598 relicto
1703 2576 1725 2598 1.

79 2620 101 2652 ἰ)
121 2628 206 2653 neque
226 2629 283 2647 sors
303 2630 388 2656 neque
410 2632 471 2655 pars
492 2624 517 2648 2.
575 2624 603 2655 k)
626 2627 652 2648 et
671 2624 734 2648 add.
752 2625 776 2648 l.
834 2624 854 2648 l»
876 2624 1007 2647 novitiani
1021 2623 1046 2646 2.
1104 2624 1139 2649 m]
1161 2623 1187 2646 in
1209 2623 1263 2646 suis
1283 2622 1420 2646 ordinibus
1437 2625 1496 2652 post
1517 2621 1685 2653 presbyteros
1701 2622 1725 2644 ’2.

81 2666 111 2695 Β)
130 2666 201 2692 deest
221 2668 247 2692 2.
323 2670 351 2700 o)
373 2674 412 2694 est
432 2674 469 2695 ut.
490 2678 565 2702 pecc.
587 2671 612 2694 2.
688 2670 719 2702 p)
740 2670 905 2702 dispensarie
927 2670 951 2693 2.
1029 2670 1055 2701 q)
1078 2669 1208 2693 districtio
1231 2669 1256 2693 1.
1332 2668 1355 2697 r]
1377 2668 1508 2692 canonico
1528 2667 1680 2698 iudicioque
1701 2667 1725 2690 2.

80 2712 103 2743 s)
126 2716 166 2738 est
185 2722 209 2746 q.
230 2715 292 2740 mal.
312 2715 355 2739 cui
376 2716 400 2740 2.
476 2719 498 2741 t>
519 2724 648 2747 superscr.
670 2716 694 2740 2.
770 2717 800 2745 u)
821 2718 976 2740 erraverunt
997 2716 1020 2739 2.

188 2814 217 2850 1)
239 2815 409 2842 Humberlus
431 2816 481 2843 Ῐιοο
504 2816 603 2843 annuit
626 2817 644 2843 l.
662 2817 686 2850 I,
709 2826 732 2843 c.
752 2817 779 2850 7,
803 2816 905 2842 Libe-lli
926 2816 950 2848 I,
971 2824 1002 2850 p.
1023 2815 1091 2842 111.

1756 814 1802 833 1012v
1816 815 1848 835 13.
1860 815 1892 834 18,

1756 866 1795 884 Ez.
1809 867 1841 889 15,
1854 866 1888 885 20.

1756 1287 1805 1306 Act,
1816 1289 1835 1306 5.
1847 1288 1879 1306 21.

1750 1958 1902 1983 Matih.13‚8=*.
