2132 3067
232 137 310 163 XIV.
341 138 393 164 DE
417 137 733 166 REORDINATIONE
756 141 932 168 viTANDA
957 143 1004 168 ET
1028 143 1077 169 DE
1102 143 1249 170 SALUTE
1273 144 1537 172 PARVULORUM
1562 147 1643 175 ETC.
1703 146 1755 175 1:31

221 225 353 257 Vestrae
378 227 581 268 paternitatis
606 227 796 260 excellentia
821 231 1004 270 nuperrime
1028 242 1084 272 per
1107 231 1298 272 legationen]
1317 244 1406 264 meae
1424 236 1577 275 parvitati
1595 237 1760 275 iniungere
1782 250 1812 273 (1)

115 277 246 318 dignata
268 283 325 316 est,
350 284 384 308 ut
408 278 500 308 vobis
525 279 666 310 breviter
688 279 796 321 aliqua
820 281 962 311 scribere
986 282 1182 322 festinarem,
1207 295 1287 325 quae
1312 284 1404 315 vobis
1422 286 1451 315 in
1469 288 1635 327 proxiuie¹
1654 276 1759 318 futuro

113 329 221 359 domni
252 328 419 370 apostolici
451 329 588 360 concilio
619 332 802 362 necessaria
833 338 989 373 putarem.
1045 334 1149 372 Quam
1182 335 1311 376 quidem
1346 336 1575 368 iniunctionem
1611 340 1759 380 quamvis

114 381 198 410 vires
223 391 309 410 meas
333 380 490 412 excedere
514 392 578 412 non
601 381 757 420 dubitem,
781 384 902 414 satiusa
927 390 1032 414 tamen
1061 396 1130 415 esse
1147 385 1276 415 iudicob
1302 398 1351 417 me
1374 389 1404 418 in
1428 389 1604 430 periculum
1624 392 1758 424 mittere,

81 443 92 461 5
113 442 208 474 quam
233 438 357 462 vestrae
381 432 538 472 petitioni,
563 433 660 463 immo
685 434 894 474 preceptioni,
919 447 982 465 non
1007 435 1146 467 obedire.

219 483 268 513 De
299 482 348 513 his
382 493 474 523 ergo,
506 484 561 525 qui
592 483 746 516 hactenus
777 485 863 526 apud
894 488 1190 518 excommunicatos
1214 488 1348 519 ordinati
1377 496 1458 525 sunt,
1490 492 1520 521 in
1553 491 1603 522 illa
1635 493 1757 533 synodo
1779 500 1810 522 (2)

114 533 332 565 ventilandum
357 545 427 565 esse
452 546 514 566 non
538 535 663 576 dubito,
687 535 822 578 qualiter
847 537 877 566 in
901 537 1092 568 aecclesiam
1117 540 1293 580 recipiendi
1319 546 1401 573 sunt,
1456 542 1548 573 Unde
1572 554 1630 583 ego
1656 552 1759 575 vester

113 585 210 618 cliens
233 586 430 617 auctenticas
454 587 636 618 sanctiones
667 587 706 618 de
740 588 798 619 hac
827 599 924 619 causa
954 589 1107 629 singulari
1137 589 1303 630 diligentia
1326 593 1513 632 perquirens
1538 596 1614 625 satis
1639 596 1757 626 habun-

113 637 226 669 danter
247 648 480 679 usquequaque
509 639 627 677 inveni,
659 639 746 680 quod
776 639 882 670 nullus
907 650 1015 671 eorum
1042 641 1133 672 iuxta
1156 642 1295 681 rigorem
1321 644 1507 674 canonicum
1541 646 1570 675 iu
1602 646 1757 677 aecclesia

67 698 92 717 ιο
112 688 251 720 officium
276 689 396 720 ordinis
421 689 647 721 administrare
672 690 798 730 debeat,
823 703 917 733 quem
944 692 974 721 in
999 693 1330 724 excommunicatione
1354 701 1533 735 acceperat.

218 739 281 772 Sed
306 741 382 782 quia
406 741 501 772 modo
525 752 651 773 summa
674 743 852 773 necessitas
875 743 962 774 illum
989 745 1126 784 rigorem
1153 744 1391 785 quodammodo
1408 746 1540 777 emolliri
1559 749 1653 788 cogit,
1678 748 1755 780 illud

112 803 282 834 sumopere
306 792 542 834 prevideamus,
567 797 601 824 ut
617 794 719 835 ipsam
737 794 971 825 emollicionem
990 806 1191 837 nequaquam
1210 802 1319 826 contra
1337 807 1485 838 canones,
1509 799 1562 829 sed
1581 800 1755 830 secundum

112 854 251 875 canones
281 850 514 886 temperemus,
543 844 707 886 videlicet,
739 852 773 877 ut
803 847 829 876 si
861 857 954 887 quem
987 857 1096 877 eorum
1129 847 1167 876 de
1199 849 1532 879 excommunicatione
1568 862 1755 882 conversum

112 894 328 926 ecclesiastica
350 897 526 927 necessitas
550 907 623 927 cum
648 897 756 927 officio
780 898 878 938 recipi
902 898 1000 938 cogit,
1030 908 1234 939 nequaquam
1263 897 1349 928 illum
1380 905 1490 930 contra
1515 912 1651 931 canones
1676 914 1757 933 reor-

65 955 91 974 15
111 947 269 986 dinemus,
294 947 348 978 sed
373 948 478 989 potius
501 948 679 979 secundum
704 959 843 979 canones
860 950 945 979 ‘cum
964 949 1074 979 ordine
1092 949 1294 990 recipiamus.
1335 950 1387 980 Sic
1405 952 1487 981 enim
1506 954 1754 984 sacratissimum
1779 966 1842 985 1'.17‘.

112 998 280 1030 concilium
305 998 462 1030 Nicenum
474 1004 496 1040 ²,
527 1011 546 1030 a
575 1000 695 1031 sanctis
719 1001 865 1042 patribus
889 1000 1056 1043 euangelio
1086 1006 1318 1042 comparatum,
1348 1002 1482 1033 clericos
1505 1003 1755 1035 Novatianorum

111 1061 182 1081 cum
207 1049 321 1081 ordine
336 1051 469 1092 suscipi,
492 1062 556 1082 non
573 1052 688 1083 iterum
706 1051 858 1093 ordinari,
882 1052 1037 1090 decrevit,
1061 1052 1145 1094 quod
1170 1063 1241 1094 cap.
1258 1053 1352 1084 VIII¹¹
1376 1054 1420 1085 ita
1443 1056 1604 1096 precepit:
1628 1057 1677 1087 Dc
1697 1058 1756 1096 his,

111 1103 188 1144 quic
212 1103 333 1144 seipsos
355 1104 587 1144 coynominant
610 1103 764 1143 cathiros,
787 1105 822 1134 icl
845 1109 890 1134 est
913 1105 1063 1144 mundos,
1087 1105 1116 1134 si
1137 1104 1318 1145 aliquando
1342 1107 1476 1136 veniunt
1501 1107 1544 1137 ad
1567 1108 1754 1138 aecclesiam

110 1153 312 1194 chatolicam,
330 1154 458 1196 placuit
482 1159 592 1185 sancto
616 1161 644 1186 et
666 1167 786 1197 ‘magno
810 1156 959 1196 concilio,
984 1161 1017 1187 ut
1041 1157 1279 1196 impositionem
1296 1168 1413 1187 manus
1437 1159 1629 1199 accipientes
1650 1161 1697 1190 sic
1721 1161 1753 1190 in

63 1212 90 1231 2⁰
109 1205 192 1237 clero
211 1211 441 1247 permaneant.
479 1205 521 1237 Et
544 1211 618 1247 post
640 1217 744 1248 pauca
761 1207 792 1237 in
809 1207 922 1238 eodem
939 1206 1092 1248 capitulo:
1119 1207 1184 1243 Qui
1200 1219 1306 1238 eorum
1325 1209 1541 1239 inveniuntur
1556 1211 1591 1240 in
1609 1210 1703 1250 clero,
1721 1213 1754 1241 in

110 1257 216 1289 eodem
230 1257 342 1288 habitu
354 1262 568 1298 perseverent.
599 1257 641 1288 Et
654 1260 787 1289 iterum:
804 1259 990 1290 Providebit
1004 1260 1186 1300 episcopus,
1200 1264 1234 1290 ut
1247 1261 1282 1289 in
1296 1259 1379 1290 clero
1388 1271 1529 1301 prorsus
1542 1273 1606 1291 csse
1620 1262 1753 1292 videan-

109 1315 172 1340 tur.
211 1308 254 1340 Hi
277 1314 384 1340 autem
408 1309 521 1340 chatiri
546 1309 614 1340 sive
630 1309 804 1341 Novatiani
829 1316 1002 1341 sectatores
1027 1310 1156 1342 fuerunt
1178 1310 1346 1341 cuiusdam
1370 1311 1591 1343 heresiarchae
1607 1312 1755 1351 Novati³,

110 1360 164 1403 qui
193 1371 266 1391 cum
295 1360 388 1392 beato
413 1360 563 1392 Cornelio
595 1372 681 1403 papa
712 1373 770 1404 per
800 1363 1039 1393 contentionem
1072 1361 1237 1393 ordinatus
1268 1362 1395 1404 legitur,
1424 1364 1507 1394 sicut
1536 1369 1567 1394 ct
1592 1363 1756 1395 Wibertus

110 1412 314 1443 heresiarcha
337 1422 408 1443 cum
433 1413 610 1444 venerabili
634 1412 793 1456 Gregorio
823 1425 917 1456 papa.
963 1413 1005 1444 Hi
1030 1415 1125 1444 etiam
1150 1425 1213 1444 non
1243 1413 1344 1445 solum
1369 1415 1615 1453 aecclesiastico,
1647 1415 1702 1446 sed
1726 1424 1756 1446 et

62 1473 88 1492 25
109 1464 238 1505 proprio
262 1474 371 1494 eorum
395 1463 515 1495 iudicio
539 1464 768 1506 condempnati
799 1465 840 1497 ab
870 1465 1026 1496 aecclesia
1058 1465 1273 1496 discesserunt
1302 1472 1333 1497 et
1363 1467 1394 1496 in
1426 1471 1614 1508 perpetuam
1646 1478 1754 1498 eorum

109 1515 329 1546 confusionem
353 1516 476 1557 proprii
499 1516 638 1547 nominis
662 1516 799 1548 heresim
824 1517 1053 1556 condiderunt,
1084 1528 1164 1558 quos
1194 1523 1299 1548 tamen
1331 1527 1500 1548 conversos
1524 1518 1624 1548 sancti
1649 1522 1755 1559 patres

109 1578 180 1598 curn
205 1566 318 1598 ordine
342 1574 562 1608 susceperunt,
586 1579 649 1599 non
673 1568 784 1611 utique
808 1569 922 1599 iterum
948 1569 1188 1599 ordinaverunt.
1227 1568 1285 1600 Est
1307 1579 1385 1610 ergo
1403 1569 1479 1599 satis
1497 1569 1698 1608 rationabile,
1722 1576 1756 1600 ut

108 1624 139 1650 et
169 1630 226 1650 nos
256 1618 347 1650 illum
377 1619 508 1650 modum
540 1621 572 1650 in
603 1621 786 1662 receptione
811 1620 1075 1652 wibertistarum
1107 1627 1283 1656 teneamus,
1315 1631 1409 1661 quem
1442 1626 1568 1652 sanctos
1594 1627 1698 1662 patres
1723 1623 1753 1652 iu

108 1682 217 1702 eorum
240 1669 398 1701 similibus
422 1671 565 1702 tenuisse
589 1678 620 1702 et
642 1672 817 1703 tenendum
843 1672 1071 1713 prescripsisse
1095 1671 1240 1712 legimus.

61 1730 88 1749 3⁰
215 1723 268 1753 Sic
293 1723 388 1753 etiam
413 1727 444 1752 et
468 1722 667 1754 Affricanum
692 1723 875 1764 concilium,
905 1724 955 1754 cui
985 1723 1103 1764 legatio
1128 1723 1212 1754 sedis
1236 1723 1432 1764 apostolicae
1456 1729 1487 1754 et
1510 1724 1622 1754 beatus
1645 1724 1753 1764 Augu·
1775 1733 1806 1756 (³)

108 1774 209 1805 stinus
233 1773 388 1814 interfuit,
418 1773 549 1805 clericos
573 1775 819 1806 Donatistarum
844 1785 915 1806 cum
941 1775 1051 1806 ordine
1075 1774 1287 1816 recipiendos,
1319 1786 1380 1804 nou
1413 1775 1525 1805 iterum
1558 1775 1753 1806 ordinandos

108 1825 289 1867 prescribit,
314 1825 401 1868 quod
426 1825 457 1855 in
474 1825 622 1857 XXXV⁰
646 1827 809 1868 capitulo4
833 1828 877 1857 ita
901 1827 1058 1858 decernit:
1082 1826 1223 1864 Placuit,
1247 1831 1281 1856 vt
1304 1838 1343 1856 eoe
1368 1828 1451 1867 ipsis
1476 1827 1662 1857 Donatistis
1686 1829 1753 1868 qui-

107 1889 239 1919 cumque
262 1878 374 1908 clerici
396 1882 537 1909 correcto
561 1879 699 1910 consilio
723 1879 767 1909 acl
792 1879 985 1909 catholicam
1014 1879 1171 1909 unitatem
1203 1878 1347 1909 transire
1378 1877 1547 1915 voluerint,
1576 1879 1752 1909 secundum

108 1930 366 1970 uniuscuiusque
389 1930 534 1970 episcopi
557 1930 711 1961 catholici
735 1929 927 1961 voluntatem
953 1935 1048 1971 atque
1073 1929 1256 1968 consilium,
1281 1930 1337 1970 qui
1362 1930 1395 1959 in
1420 1930 1523 1958 eodem
1548 1930 1614 1959 loco
1637 1930 1750 1970 ymber-

60 1987 86 2006 35
107 1985 165 2011 nat
188 1980 387 2022 aecclesiam,
411 1983 442 2012 si
464 1983 521 2013 hoc
537 1984 620 2024 paci
643 1982 820 2013 catholicae
840 1982 995 2022 prodesse
1020 1983 1121 2012 visum
1141 1981 1261 2020 fuerit,
1294 1981 1327 2010 in
1357 1980 1426 2010 suis
1451 1980 1626 2010 honoribus
1650 1983 1750 2011 susci-

104 2033 252 2074 piantur,
281 2033 366 2063 sicut
389 2034 563 2074 prioribus
593 2034 735 2064 eiusdem
767 2033 943 2064 divisionis
973 2033 1172 2073 temporibus
1193 2033 1324 2072 factum
1356 2042 1420 2061 csse
1448 2031 1657 2071 manifestum
1686 2037 1749 2070 est;

107 2083 191 2125 quod
206 2083 384 2115 multarum
402 2089 430 2116 et
445 2097 527 2127 pene
545 2086 688 2116 omnium
705 2084 956 2126 Affricavnrum
981 2084 1213 2114 aecclesiarum
1230 2083 1376 2122 exempla
1398 2087 1566 2113 testantur.
1612 2082 1749 2114 Sanctus

108 2135 329 2176 Augustinus⁵
357 2136 396 2167 de
427 2136 547 2168 eisdem
572 2136 753 2168 Donatistis
778 2135 921 2167 scribens
946 2135 985 2166 ad
1010 2135 1237 2165 Bonefacium:
1270 2134 1353 2173 Sint,
1385 2134 1499 2175 inquit,
1531 2135 1564 2164 in
1593 2135 1747 2165 aecclesia

106 2186 226 2227 clerici,
248 2188 314 2218 sint
336 2189 484 2229 episcopi
506 2188 639 2227 utiliter,
664 2189 721 2229 qut
745 2192 859 2218 contra
885 2187 971 2217 illam
987 2187 1131 2227 fuerunt
1154 2185 1321 2216 hostiliter.
1367 2186 1485 2216 Beatus
1509 2196 1636 2227 quoque
1656 2186 1745 2216 Inno-

58 2243 86 2263 ⁴0
106 2238 253 2269 cencius⁶
283 2250 377 2281 papa,
416 2239 563 2281 quamvis
595 2239 828 2270 ordinationem
861 2239 1073 2269 hereticorum
1111 2237 1371 2278 dampnationem
1409 2237 1514 2278 potius
1546 2248 1641 2278 quam
1676 2248 1747 2268 con-

105 2290 316 2321 secrationem
341 2301 411 2322 esse
434 2290 634 2330 iudicaverit,
658 2291 846 2322 sententiam
873 2296 979 2321 tamen
1002 2289 1114 2320 Niceni
1139 2288 1266 2319 concilii
1290 2288 1329 2319 de
1353 2289 1534 2330 receptione
1556 2288 1746 2319 Novatianou

106 2351 175 2371 rum
205 2342 237 2372 in
269 2341 406 2373 decretis
435 2343 500 2373 suis
530 2342 756 2374 venerabiliter
785 2343 941 2383 suscepit,
964 2352 1027 2371 non
1051 2340 1263 2371 reordinavit:
1293 2351 1386 2381 quem
1411 2345 1515 2370 tamen
1540 2340 1608 2380 ipsc
1632 2340 1671 2370 ab
1696 2351 1747 2370 ex-

105 2393 348 2424 communicatis
380 2401 411 2425 et
442 2395 473 2425 in
505 2395 839 2425 excommunicatione
870 2393 1051 2424 ordinatum
1084 2391 1268 2429 declaravit,
1303 2392 1394 2421 cuius
1427 2391 1657 2421 ordinationem
1690 2403 1747 2422 nee

104 2445 376 2476 consecrationem
401 2445 568 2477 dicendam
593 2457 662 2477 esse
686 2446 834 2484 asseruit,
864 2445 907 2475 ita
937 2449 1131 2486 protestatus
1159 2449 1244 2473 cst⁷z
1278 2442 1381 2478 Quam
1409 2454 1482 2481 rem,
1506 2442 1632 2484 'inquit‚
1658 2443 1745 2473 nullo
1768 2452 1841 2472 ‘nia

55 2551 83 2570 ⁴⁵
213 2554 240 2580 a)
261 2558 292 2574 ex
313 2551 377 2575 satis
397 2559 462 2575 corr.
484 2559 535 2575 rec.
557 2559 627 2575 man.
650 2552 674 2575 9.
751 2551 776 2578 b)
798 2551 896 2574 iudicio
919 2552 943 2573 ἱ).
1021 2551 1045 2576 c)
1068 2556 1117 2579 qus*
1140 2548 1163 2572 9.

211 2642 238 2675 l)
261 2641 331 2670 Scz'l.
347 2642 465 2668 concilio
482 2643 645 2668 Placentino
669 2652 696 2668 (ι.
719 2642 806 2674 1095,
830 2641 858 2666 in
882 2650 934 2673 quo
958 2649 980 2668 c.
1003 2639 1091 2665 1—4.
1108 2639 1142 2664 de
1166 2639 1302 2664 ordinatis
1326 2647 1343 2664 α
1366 2639 1525 2664 simoniacis
1545 2642 1649 2664 statuta
1671 2641 1741 2663 sunt.

104 2690 202 2717 Mansi
222 2695 240 2719 t.
259 2693 327 2725 XX,
352 2693 404 2720 col.
423 2693 493 2719 805.
562 2694 591 2727 2)
617 2694 644 2720 C.
664 2694 692 2723 S,
716 2702 785 2719 vers.
811 2692 908 2723 Dion„
934 2701 957 2720 υ,
982 2699 1067 2725 snpra
1089 2699 1119 2724 p.
1138 2690 1187 2715 56.
1205 2690 1255 2715 91.
1277 2690 1343 2716 118,
1411 2690 1439 2721 3)
1470 2689 1499 2715 V.
1516 2698 1602 2722 supra
1623 2698 1653 2722 p.
1675 2690 1741 2714 101⁷».

104 2742 133 2776 4)
156 2743 229 2770 lbid.
249 2753 281 2778 p.
300 2744 348 2775 56,
452 2746 480 2779 5)
502 2745 577 2772 Ibid.
598 2753 629 2778 p.
648 2744 696 2773 91,
797 2744 825 2778 6)
849 2743 922 2768 Ibid.
1023 2741 1051 2773 7)
1075 2742 1160 2767 Imism
1184 2743 1268 2775 Greq.
1287 2741 1310 2773 l,
1334 2741 1381 2767 lib.
1400 2741 1450 2772 IV,
1476 2749 1517 2774 ep.
1535 2742 1583 2769 20,
1609 2750 1632 2766 υ.
1656 2750 1739 2772 supro

98 2802 130 2827 p.
154 2793 200 2822 86.
227 2794 275 2821 90.
