<?xml version="1.0" encoding="UTF-8"?>
<!DOCTYPE html PUBLIC "-//W3C//DTD XHTML 1.0 Transitional//EN"
    "http://www.w3.org/TR/xhtml1/DTD/xhtml1-transitional.dtd">
<html xmlns="http://www.w3.org/1999/xhtml" xml:lang="en" lang="en">
 <head>
  <title>
</title>
<meta http-equiv="Content-Type" content="text/html;charset=utf-8" />
  <meta name='ocr-system' content='tesseract 3.04.00' />
  <meta name='ocr-capabilities' content='ocr_page ocr_carea ocr_par ocr_line ocrx_word'/>
</head>
<body>
  <div class='ocr_page' id='page_1' title='image "./monumenta02geseuoft_0258.png"; bbox 0 0 2132 3067; ppageno 0'>
   <div class='ocr_carea' id='block_1_1' title="bbox 225 1237 303 1312">
    <p class='ocr_par' dir='ltr' id='par_1_1' title="bbox 225 1237 303 1312">
     <span class='ocr_line' id='line_1_1' title="bbox 225 1237 303 1263; baseline 0 -5"><span class='ocrx_word' id='word_1_1' title='bbox 225 1237 259 1263; x_wconf 62' lang='grc' dir='ltr'>ἰν.</span> <span class='ocrx_word' id='word_1_2' title='bbox 269 1240 303 1258; x_wconf 65' lang='lat' dir='ltr'>fil,</span> 
     </span>
     <span class='ocr_line' id='line_1_2' title="bbox 225 1287 302 1312; baseline 0.013 -7"><span class='ocrx_word' id='word_1_3' title='bbox 225 1287 302 1312; x_wconf 59' lang='lat' dir='ltr'>(xxv)</span> 
     </span>
    </p>
   </div>
   <div class='ocr_carea' id='block_1_2' title="bbox 327 154 1545 187">
    <p class='ocr_par' dir='ltr' id='par_1_2' title="bbox 327 154 1545 187">
     <span class='ocr_line' id='line_1_3' title="bbox 327 154 1545 187; baseline 0 -5"><span class='ocrx_word' id='word_1_4' title='bbox 327 156 389 187; x_wconf 75' lang='lat'>244</span> <span class='ocrx_word' id='word_1_5' title='bbox 754 156 805 182; x_wconf 70' lang='lat' dir='ltr'>Dr:</span> <span class='ocrx_word' id='word_1_6' title='bbox 827 155 997 182; x_wconf 71' lang='lat' dir='ltr'>UNITATE</span> <span class='ocrx_word' id='word_1_7' title='bbox 1021 154 1229 182; x_wconf 84' lang='lat' dir='ltr'>ECCLESIAE</span> <span class='ocrx_word' id='word_1_8' title='bbox 1251 155 1545 182; x_wconf 70' lang='lat' dir='ltr'>CONSERVANDA.</span> 
     </span>
    </p>
   </div>
   <div class='ocr_carea' id='block_1_3' title="bbox 323 243 2021 2093">
    <p class='ocr_par' dir='ltr' id='par_1_3' title="bbox 323 243 2021 2093">
     <span class='ocr_line' id='line_1_4' title="bbox 326 243 1971 286; baseline -0.002 -7"><span class='ocrx_word' id='word_1_9' title='bbox 326 247 502 279; x_wconf 77' lang='lat' dir='ltr'>catholicae</span> <span class='ocrx_word' id='word_1_10' title='bbox 527 245 681 276; x_wconf 84' lang='lat' dir='ltr'>ecelesiae</span> <span class='ocrx_word' id='word_1_11' title='bbox 706 245 830 285; x_wconf 86' lang='lat' dir='ltr'>privata</span> <span class='ocrx_word' id='word_1_12' title='bbox 854 243 915 274; x_wconf 84' lang='lat' dir='ltr'>sibi</span> <span class='ocrx_word' id='word_1_13' title='bbox 939 243 1163 274; x_wconf 87' lang='lat' dir='ltr'>conventicula</span> <span class='ocrx_word' id='word_1_14' title='bbox 1187 245 1431 283; x_wconf 87' lang='lat' dir='ltr'>constituerunt,</span> <span class='ocrx_word' id='word_1_15' title='bbox 1462 243 1603 286; x_wconf 82' lang='lat' dir='ltr'>qualium</span> <span class='ocrx_word' id='word_1_16' title='bbox 1633 248 1717 275; x_wconf 89' lang='lat' dir='ltr'>certe</span> <span class='ocrx_word' id='word_1_17' title='bbox 1745 244 1971 276; x_wconf 87' lang='lat' dir='ltr'>conventicula</span> 
     </span>
     <span class='ocr_line' id='line_1_5' title="bbox 326 295 1969 337; baseline -0.002 -8"><span class='ocrx_word' id='word_1_18' title='bbox 326 300 394 329; x_wconf 82' lang='lat' dir='ltr'>sive</span> <span class='ocrx_word' id='word_1_19' title='bbox 419 297 634 328; x_wconf 75' lang='lat' dir='ltr'>ordinationes</span> <span class='ocrx_word' id='word_1_20' title='bbox 657 295 821 326; x_wconf 86' lang='lat' dir='ltr'>damnavit</span> <span class='ocrx_word' id='word_1_21' title='bbox 845 306 972 336; x_wconf 81' lang='lat' dir='ltr'><strong>semper</strong></span> <span class='ocrx_word' id='word_1_22' title='bbox 994 300 1090 337; x_wconf 87' lang='lat' dir='ltr'>atque</span> <span class='ocrx_word' id='word_1_23' title='bbox 1114 295 1281 326; x_wconf 84' lang='lat' dir='ltr'>damnabit</span> <span class='ocrx_word' id='word_1_24' title='bbox 1303 296 1407 326; x_wconf 89' lang='lat' dir='ltr'>omnis</span> <span class='ocrx_word' id='word_1_25' title='bbox 1430 295 1567 326; x_wconf 84' lang='lat' dir='ltr'>ecclesia</span> <span class='ocrx_word' id='word_1_26' title='bbox 1589 301 1785 334; x_wconf 84' lang='lat' dir='ltr'>sanctorum,</span> <span class='ocrx_word' id='word_1_27' title='bbox 1815 307 1854 327; x_wconf 89' lang='lat' dir='ltr'>ne</span> <span class='ocrx_word' id='word_1_28' title='bbox 1878 306 1969 337; x_wconf 88' lang='lat' dir='ltr'>prae-</span> 
     </span>
     <span class='ocr_line' id='line_1_6' title="bbox 326 345 1970 388; baseline -0.001 -9"><span class='ocrx_word' id='word_1_29' title='bbox 326 349 430 380; x_wconf 77' lang='lat' dir='ltr'>valeat</span> <span class='ocrx_word' id='word_1_30' title='bbox 453 348 607 379; x_wconf 82' lang='lat' dir='ltr'>adversus</span> <span class='ocrx_word' id='word_1_31' title='bbox 631 358 699 377; x_wconf 81' lang='lat' dir='ltr'>earn</span> <span class='ocrx_word' id='word_1_32' title='bbox 725 357 799 388; x_wconf 83' lang='lat' dir='ltr'>pars</span> <span class='ocrx_word' id='word_1_33' title='bbox 822 346 1018 388; x_wconf 87' lang='lat' dir='ltr'>iniquorum.</span> <span class='ocrx_word' id='word_1_34' title='bbox 1071 345 1165 378; x_wconf 85' lang='lat' dir='ltr'>Unde</span> <span class='ocrx_word' id='word_1_35' title='bbox 1188 347 1283 377; x_wconf 80' lang='lat' dir='ltr'>etiarn</span> <span class='ocrx_word' id='word_1_36' title='bbox 1310 346 1497 378; x_wconf 86' lang='lat' dir='ltr'>Gelasius1:</span> <span class='ocrx_word' id='word_1_37' title='bbox 1529 346 1622 382; x_wconf 78' lang='lat' dir='ltr'>Quod</span> <span class='ocrx_word' id='word_1_38' title='bbox 1652 347 1896 385; x_wconf 75' lang='lat' dir='ltr'><em>incessabiliter,</em></span> <span class='ocrx_word' id='word_1_39' title='bbox 1925 347 1970 378; x_wconf 90' lang='lat' dir='ltr'>in-</span> 
     </span>
     <span class='ocr_line' id='line_1_7' title="bbox 327 398 1971 442; baseline 0 -12"><span class='ocrx_word' id='word_1_40' title='bbox 327 401 404 442; x_wconf 86' lang='lat' dir='ltr'>quit,</span> <span class='ocrx_word' id='word_1_41' title='bbox 434 400 641 440; x_wconf 78' lang='lat' dir='ltr'>repetendum</span> <span class='ocrx_word' id='word_1_42' title='bbox 671 403 727 438; x_wconf 84' lang='lat' dir='ltr'>est,</span> <span class='ocrx_word' id='word_1_43' title='bbox 757 399 841 429; x_wconf 65' lang='lat' dir='ltr'>siz-ut</span> <span class='ocrx_word' id='word_1_44' title='bbox 863 398 997 437; x_wconf 83' lang='lat' dir='ltr'>firmum</span> <span class='ocrx_word' id='word_1_45' title='bbox 1029 409 1095 428; x_wconf 83' lang='lat' dir='ltr'>esse</span> <span class='ocrx_word' id='word_1_46' title='bbox 1123 398 1236 428; x_wconf 79' lang='lat' dir='ltr'>nullus</span> <span class='ocrx_word' id='word_1_47' title='bbox 1264 398 1399 439; x_wconf 66' lang='lat' dir='ltr'>ambigit</span> <span class='ocrx_word' id='word_1_48' title='bbox 1422 398 1632 438; x_wconf 78' lang='lat' dir='ltr'>christianus,</span> <span class='ocrx_word' id='word_1_49' title='bbox 1661 409 1768 430; x_wconf 82' lang='lat' dir='ltr'>omnes</span> <span class='ocrx_word' id='word_1_50' title='bbox 1790 399 1971 440; x_wconf 75' lang='lat' dir='ltr'>complices,</span> 
     </span>
     <span class='ocr_line' id='line_1_8' title="bbox 326 449 2004 491; baseline 0.001 -10"><span class='ocrx_word' id='word_1_51' title='bbox 326 456 506 488; x_wconf 71' lang='lat' dir='ltr'>sectatores,</span> <span class='ocrx_word' id='word_1_52' title='bbox 537 451 826 481; x_wconf 71' lang='lat' dir='ltr'><em>communicatores</em></span> <span class='ocrx_word' id='word_1_53' title='bbox 855 449 1035 480; x_wconf 80' lang='lat' dir='ltr'>damnatae</span> <span class='ocrx_word' id='word_1_54' title='bbox 1065 449 1158 480; x_wconf 82' lang='lat' dir='ltr'>semel</span> <span class='ocrx_word' id='word_1_55' title='bbox 1182 450 1366 491; x_wconf 75' lang='lat' dir='ltr'>pravitatis</span> <span class='ocrx_word' id='word_1_56' title='bbox 1388 451 1469 490; x_wconf 78' lang='lat' dir='ltr'>pari</span> <span class='ocrx_word' id='word_1_57' title='bbox 1491 454 1573 480; x_wconf 87' lang='lat' dir='ltr'>sorte</span> <span class='ocrx_word' id='word_1_58' title='bbox 1597 451 1732 489; x_wconf 80' lang='lat' dir='ltr'>censeri,</span> <span class='ocrx_word' id='word_1_59' title='bbox 1761 451 1809 480; x_wconf 80' lang='lat' dir='ltr'>ita</span> <span class='ocrx_word' id='word_1_60' title='bbox 1839 461 1971 482; x_wconf 82' lang='lat' dir='ltr'>consors</span> <span class='ocrx_word' id='word_1_61' title='bbox 1991 462 2004 482; x_wconf 88' lang='lat'><strong>5</strong></span> 
     </span>
     <span class='ocr_line' id='line_1_9' title="bbox 326 500 1970 543; baseline -0.001 -10"><span class='ocrx_word' id='word_1_62' title='bbox 326 505 385 534; x_wconf 75' lang='lat' dir='ltr'>erit</span> <span class='ocrx_word' id='word_1_63' title='bbox 409 508 435 533; x_wconf 83' lang='lat' dir='ltr'>et</span> <span class='ocrx_word' id='word_1_64' title='bbox 455 513 580 543; x_wconf 78' lang='lat' dir='ltr'>poenae</span> <span class='ocrx_word' id='word_1_65' title='bbox 605 502 753 542; x_wconf 78' lang='lat' dir='ltr'>quisquis</span> <span class='ocrx_word' id='word_1_66' title='bbox 777 501 1066 531; x_wconf 73' lang='lat' dir='ltr'><em>communicaverit</em></span> <span class='ocrx_word' id='word_1_67' title='bbox 1089 500 1191 531; x_wconf 75' lang='lat' dir='ltr'>alicui</span> <span class='ocrx_word' id='word_1_68' title='bbox 1207 500 1501 531; x_wconf 77' lang='lat' dir='ltr'>ecclesiasticarum</span> <span class='ocrx_word' id='word_1_69' title='bbox 1517 501 1709 543; x_wconf 77' lang='lat' dir='ltr'>reyularum</span> <span class='ocrx_word' id='word_1_70' title='bbox 1725 502 1970 543; x_wconf 74' lang='lat' dir='ltr'>transqressori.</span> 
     </span>
     <span class='ocr_line' id='line_1_10' title="bbox 326 550 1972 594; baseline -0.001 -10"><span class='ocrx_word' id='word_1_71' title='bbox 326 553 436 585; x_wconf 77' lang='lat' dir='ltr'>Nullus</span> <span class='ocrx_word' id='word_1_72' title='bbox 461 554 544 584; x_wconf 87' lang='lat' dir='ltr'>enim</span> <span class='ocrx_word' id='word_1_73' title='bbox 570 552 702 593; x_wconf 84' lang='lat' dir='ltr'>primas,</span> <span class='ocrx_word' id='word_1_74' title='bbox 727 550 831 582; x_wconf 84' lang='lat' dir='ltr'>nullus</span> <span class='ocrx_word' id='word_1_75' title='bbox 856 552 940 582; x_wconf 84' lang='lat' dir='ltr'>enim</span> <span class='ocrx_word' id='word_1_76' title='bbox 965 550 1232 593; x_wconf 69' lang='lat' dir='ltr'>metropolitanus</span> <span class='ocrx_word' id='word_1_77' title='bbox 1249 551 1419 594; x_wconf 88' lang='lat' dir='ltr'>nullusque</span> <span class='ocrx_word' id='word_1_78' title='bbox 1435 551 1629 594; x_wconf 86' lang='lat' dir='ltr'>reliquorum</span> <span class='ocrx_word' id='word_1_79' title='bbox 1647 552 1872 594; x_wconf 83' lang='lat' dir='ltr'>episcoporum</span> <span class='ocrx_word' id='word_1_80' title='bbox 1897 551 1972 583; x_wconf 86' lang='lat' dir='ltr'>alte-</span> 
     </span>
     <span class='ocr_line' id='line_1_11' title="bbox 327 602 1971 646; baseline -0.001 -10"><span class='ocrx_word' id='word_1_81' title='bbox 327 607 391 636; x_wconf 89' lang='lat' dir='ltr'>rius</span> <span class='ocrx_word' id='word_1_82' title='bbox 420 604 563 645; x_wconf 78' lang='lat' dir='ltr'>episcopi</span> <span class='ocrx_word' id='word_1_83' title='bbox 593 603 688 634; x_wconf 85' lang='lat' dir='ltr'>adeat</span> <span class='ocrx_word' id='word_1_84' title='bbox 715 602 912 644; x_wconf 86' lang='lat' dir='ltr'>parochiam,</span> <span class='ocrx_word' id='word_1_85' title='bbox 943 607 979 633; x_wconf 87' lang='lat' dir='ltr'>ut</span> <span class='ocrx_word' id='word_1_86' title='bbox 1007 602 1051 633; x_wconf 90' lang='lat' dir='ltr'>ibi</span> <span class='ocrx_word' id='word_1_87' title='bbox 1081 602 1231 644; x_wconf 81' lang='lat' dir='ltr'>disponat</span> <span class='ocrx_word' id='word_1_88' title='bbox 1254 603 1304 634; x_wconf 81' lang='lat' dir='ltr'>vel</span> <span class='ocrx_word' id='word_1_89' title='bbox 1333 603 1460 635; x_wconf 84' lang='lat' dir='ltr'>ordinet</span> <span class='ocrx_word' id='word_1_90' title='bbox 1481 609 1536 635; x_wconf 87' lang='lat' dir='ltr'>aut</span> <span class='ocrx_word' id='word_1_91' title='bbox 1560 604 1680 634; x_wconf 88' lang='lat' dir='ltr'>iudicet</span> <span class='ocrx_word' id='word_1_92' title='bbox 1703 604 1892 646; x_wconf 80' lang='lat' dir='ltr'>quicquam3</span> <span class='ocrx_word' id='word_1_93' title='bbox 1923 604 1971 634; x_wconf 87' lang='lat' dir='ltr'>sin</span> 
     </span>
     <span class='ocr_line' id='line_1_12' title="bbox 326 654 1973 697; baseline -0.001 -10"><span class='ocrx_word' id='word_1_94' title='bbox 326 656 417 688; x_wconf 84' lang='lat' dir='ltr'>aliter</span> <span class='ocrx_word' id='word_1_95' title='bbox 441 655 703 697; x_wconf 75' lang='lat' dir='ltr'>praesumpserit,</span> <span class='ocrx_word' id='word_1_96' title='bbox 727 654 943 693; x_wconf 78' lang='lat' dir='ltr'>damnabitur,</span> <span class='ocrx_word' id='word_1_97' title='bbox 967 655 1052 685; x_wconf 86' lang='lat' dir='ltr'>sicut</span> <span class='ocrx_word' id='word_1_98' title='bbox 1069 654 1222 686; x_wconf 78' lang='lat' dir='ltr'>Callistus</span> <span class='ocrx_word' id='word_1_99' title='bbox 1246 665 1331 697; x_wconf 88' lang='lat' dir='ltr'>papa</span> <span class='ocrx_word' id='word_1_100' title='bbox 1354 655 1484 686; x_wconf 80' lang='lat' dir='ltr'>scribit²</span> <span class='ocrx_word' id='word_1_101' title='bbox 1508 662 1539 686; x_wconf 90' lang='lat' dir='ltr'>et</span> <span class='ocrx_word' id='word_1_102' title='bbox 1563 656 1666 686; x_wconf 83' lang='lat' dir='ltr'>omnis</span> <span class='ocrx_word' id='word_1_103' title='bbox 1689 655 1825 686; x_wconf 87' lang='lat' dir='ltr'>ecclesia</span> <span class='ocrx_word' id='word_1_104' title='bbox 1848 660 1973 686; x_wconf 87' lang='lat' dir='ltr'>sancto-</span> 
     </span>
     <span class='ocr_line' id='line_1_13' title="bbox 326 705 2021 749; baseline -0.001 -10"><span class='ocrx_word' id='word_1_105' title='bbox 326 720 394 739; x_wconf 87' lang='lat' dir='ltr'>rum</span> <span class='ocrx_word' id='word_1_106' title='bbox 419 707 586 738; x_wconf 75' lang='lat' dir='ltr'>consentit.</span> <span class='ocrx_word' id='word_1_107' title='bbox 631 706 725 745; x_wconf 74' lang='lat' dir='ltr'>Quod</span> <span class='ocrx_word' id='word_1_108' title='bbox 756 712 786 737; x_wconf 92' lang='lat' dir='ltr'>et</span> <span class='ocrx_word' id='word_1_109' title='bbox 815 706 934 737; x_wconf 82' lang='lat' dir='ltr'>factum</span> <span class='ocrx_word' id='word_1_110' title='bbox 960 711 1008 737; x_wconf 88' lang='lat' dir='ltr'>est</span> <span class='ocrx_word' id='word_1_111' title='bbox 1031 705 1070 737; x_wconf 90' lang='lat' dir='ltr'>de</span> <span class='ocrx_word' id='word_1_112' title='bbox 1094 706 1252 746; x_wconf 88' lang='lat' dir='ltr'>Hartvigo</span> <span class='ocrx_word' id='word_1_113' title='bbox 1277 706 1575 747; x_wconf 80' lang='lat' dir='ltr'>Magadaburgensi</span> <span class='ocrx_word' id='word_1_114' title='bbox 1600 707 1764 749; x_wconf 86' lang='lat' dir='ltr'>episcopo,</span> <span class='ocrx_word' id='word_1_115' title='bbox 1789 707 1866 749; x_wconf 87' lang='lat' dir='ltr'>quia</span> <span class='ocrx_word' id='word_1_116' title='bbox 1890 706 1971 748; x_wconf 88' lang='lat' dir='ltr'>Sigi-</span> <span class='ocrx_word' id='word_1_117' title='bbox 1994 718 2021 738; x_wconf 83' lang='grc' dir='ltr'>ιο</span> 
     </span>
     <span class='ocr_line' id='line_1_14' title="bbox 328 757 1972 801; baseline -0.001 -11"><span class='ocrx_word' id='word_1_118' title='bbox 328 761 429 790; x_wconf 81' lang='lat' dir='ltr'>winus</span> <span class='ocrx_word' id='word_1_119' title='bbox 451 758 655 789; x_wconf 62' lang='lat' dir='ltr'>(folomensis</span> <span class='ocrx_word' id='word_1_120' title='bbox 679 759 851 799; x_wconf 82' lang='lat' dir='ltr'>episcopus</span> <span class='ocrx_word' id='word_1_121' title='bbox 875 757 1042 788; x_wconf 85' lang='lat' dir='ltr'>damnavit</span> <span class='ocrx_word' id='word_1_122' title='bbox 1058 769 1142 797; x_wconf 85' lang='lat' dir='ltr'>eum,</span> <span class='ocrx_word' id='word_1_123' title='bbox 1167 759 1386 789; x_wconf 82' lang='lat' dir='ltr'>consentiente</span> <span class='ocrx_word' id='word_1_124' title='bbox 1410 759 1440 788; x_wconf 90' lang='lat' dir='ltr'>in</span> <span class='ocrx_word' id='word_1_125' title='bbox 1465 757 1497 788; x_wconf 90' lang='lat' dir='ltr'>id</span> <span class='ocrx_word' id='word_1_126' title='bbox 1522 760 1625 800; x_wconf 87' lang='lat' dir='ltr'>ipsum</span> <span class='ocrx_word' id='word_1_127' title='bbox 1651 758 1972 801; x_wconf 86' lang='lat' dir='ltr'>comprovincialium</span> 
     </span>
     <span class='ocr_line' id='line_1_15' title="bbox 325 809 1973 852; baseline -0.001 -11"><span class='ocrx_word' id='word_1_128' title='bbox 325 811 548 852; x_wconf 87' lang='lat' dir='ltr'>episcoporum</span> <span class='ocrx_word' id='word_1_129' title='bbox 574 809 702 850; x_wconf 87' lang='lat' dir='ltr'>iudicio,</span> <span class='ocrx_word' id='word_1_130' title='bbox 728 815 898 852; x_wconf 84' lang='lat' dir='ltr'>postquam</span> <span class='ocrx_word' id='word_1_131' title='bbox 923 809 1008 840; x_wconf 90' lang='lat' dir='ltr'>nullo</span> <span class='ocrx_word' id='word_1_132' title='bbox 1033 809 1128 840; x_wconf 89' lang='lat' dir='ltr'>modo</span> <span class='ocrx_word' id='word_1_133' title='bbox 1153 810 1257 851; x_wconf 89' lang='lat' dir='ltr'>potuit</span> <span class='ocrx_word' id='word_1_134' title='bbox 1279 809 1410 848; x_wconf 79' lang='lat' dir='ltr'>adduci,</span> <span class='ocrx_word' id='word_1_135' title='bbox 1434 814 1467 840; x_wconf 88' lang='lat' dir='ltr'>ut</span> <span class='ocrx_word' id='word_1_136' title='bbox 1491 810 1678 841; x_wconf 80' lang='lat' dir='ltr'>satisfacere</span> <span class='ocrx_word' id='word_1_137' title='bbox 1701 809 1797 842; x_wconf 87' lang='lat' dir='ltr'>vellet</span> <span class='ocrx_word' id='word_1_138' title='bbox 1819 810 1973 841; x_wconf 86' lang='lat' dir='ltr'>ecclesiae</span> 
     </span>
     <span class='ocr_line' id='line_1_16' title="bbox 326 860 1972 904; baseline 0 -12"><span class='ocrx_word' id='word_1_139' title='bbox 326 873 382 904; x_wconf 91' lang='lat' dir='ltr'>pro</span> <span class='ocrx_word' id='word_1_140' title='bbox 414 863 534 892; x_wconf 87' lang='lat' dir='ltr'>iniusta</span> <span class='ocrx_word' id='word_1_141' title='bbox 564 861 763 892; x_wconf 85' lang='lat' dir='ltr'>ordinatione</span> <span class='ocrx_word' id='word_1_142' title='bbox 794 861 961 892; x_wconf 88' lang='lat' dir='ltr'>cuiusdam</span> <span class='ocrx_word' id='word_1_143' title='bbox 994 860 1190 902; x_wconf 85' lang='lat' dir='ltr'>Reginhardi</span> <span class='ocrx_word' id='word_1_144' title='bbox 1222 862 1253 891; x_wconf 94' lang='lat' dir='ltr'>in</span> <span class='ocrx_word' id='word_1_145' title='bbox 1285 862 1475 903; x_wconf 84' lang='lat' dir='ltr'>episcopatu</span> <span class='ocrx_word' id='word_1_146' title='bbox 1499 861 1690 893; x_wconf 47' lang='lat' dir='ltr'>Mindensi&amp;</span> <span class='ocrx_word' id='word_1_147' title='bbox 1735 860 1972 893; x_wconf 84' lang='lat' dir='ltr'>Praetendebat</span> 
     </span>
     <span class='ocr_line' id='line_1_17' title="bbox 324 912 1969 955; baseline 0 -11"><span class='ocrx_word' id='word_1_148' title='bbox 324 920 429 945; x_wconf 84' lang='lat' dir='ltr'>autem</span> <span class='ocrx_word' id='word_1_149' title='bbox 455 913 505 945; x_wconf 88' lang='lat' dir='ltr'>ille</span> <span class='ocrx_word' id='word_1_150' title='bbox 531 913 709 954; x_wconf 82' lang='lat' dir='ltr'>llartvigus</span> <span class='ocrx_word' id='word_1_151' title='bbox 733 918 923 955; x_wconf 83' lang='lat' dir='ltr'>potestatem</span> <span class='ocrx_word' id='word_1_152' title='bbox 949 913 997 944; x_wconf 87' lang='lat' dir='ltr'>sui</span> <span class='ocrx_word' id='word_1_153' title='bbox 1023 912 1170 954; x_wconf 80' lang='lat' dir='ltr'>Gregorii</span> <span class='ocrx_word' id='word_1_154' title='bbox 1196 923 1310 954; x_wconf 88' lang='lat' dir='ltr'>papae,</span> <span class='ocrx_word' id='word_1_155' title='bbox 1341 923 1402 954; x_wconf 84' lang='lat' dir='ltr'>qua</span> <span class='ocrx_word' id='word_1_156' title='bbox 1434 912 1528 943; x_wconf 79' lang='lat' dir='ltr'>talen]</span> <span class='ocrx_word' id='word_1_157' title='bbox 1560 913 1621 943; x_wconf 87' lang='lat' dir='ltr'>sibi</span> <span class='ocrx_word' id='word_1_158' title='bbox 1651 920 1762 955; x_wconf 86' lang='lat' dir='ltr'>posset</span> <span class='ocrx_word' id='word_1_159' title='bbox 1791 913 1969 945; x_wconf 81' lang='lat' dir='ltr'>concedere</span> 
     </span>
     <span class='ocr_line' id='line_1_18' title="bbox 324 964 2020 1006; baseline -0.001 -9"><span class='ocrx_word' id='word_1_160' title='bbox 324 966 557 997; x_wconf 84' lang='lat' dir='ltr'>ordinationem</span> <span class='ocrx_word' id='word_1_161' title='bbox 582 965 673 996; x_wconf 81' lang='lat' dir='ltr'>iuxta</span> <span class='ocrx_word' id='word_1_162' title='bbox 695 965 916 995; x_wconf 83' lang='lat' dir='ltr'>auctoritatem</span> <span class='ocrx_word' id='word_1_163' title='bbox 946 964 1031 995; x_wconf 89' lang='lat' dir='ltr'>sedis</span> <span class='ocrx_word' id='word_1_164' title='bbox 1059 964 1266 1006; x_wconf 86' lang='lat' dir='ltr'>apostolicae,</span> <span class='ocrx_word' id='word_1_165' title='bbox 1297 964 1434 1006; x_wconf 89' lang='lat' dir='ltr'>ideoque</span> <span class='ocrx_word' id='word_1_166' title='bbox 1464 965 1524 995; x_wconf 91' lang='lat' dir='ltr'>sibi</span> <span class='ocrx_word' id='word_1_167' title='bbox 1556 976 1651 996; x_wconf 87' lang='lat' dir='ltr'>curae</span> <span class='ocrx_word' id='word_1_168' title='bbox 1681 976 1744 996; x_wconf 90' lang='lat' dir='ltr'>non</span> <span class='ocrx_word' id='word_1_169' title='bbox 1774 976 1844 997; x_wconf 87' lang='lat' dir='ltr'>esse</span> <span class='ocrx_word' id='word_1_170' title='bbox 1874 975 1972 1006; x_wconf 85' lang='lat' dir='ltr'>super</span> <span class='ocrx_word' id='word_1_171' title='bbox 1990 977 2020 996; x_wconf 68' lang='grc' dir='ltr'>ιε</span> 
     </span>
     <span class='ocr_line' id='line_1_19' title="bbox 323 1015 1972 1060; baseline -0.001 -11"><span class='ocrx_word' id='word_1_172' title='bbox 323 1018 504 1060; x_wconf 82' lang='lat' dir='ltr'>aliquorum</span> <span class='ocrx_word' id='word_1_173' title='bbox 528 1016 578 1047; x_wconf 91' lang='lat' dir='ltr'>vel</span> <span class='ocrx_word' id='word_1_174' title='bbox 603 1017 770 1047; x_wconf 86' lang='lat' dir='ltr'>vocatione</span> <span class='ocrx_word' id='word_1_175' title='bbox 794 1015 844 1046; x_wconf 85' lang='lat' dir='ltr'>vel</span> <span class='ocrx_word' id='word_1_176' title='bbox 867 1015 1082 1047; x_wconf 81' lang='lat' dir='ltr'>damnatione.</span> <span class='ocrx_word' id='word_1_177' title='bbox 1136 1015 1221 1047; x_wconf 87' lang='lat' dir='ltr'>Ecce</span> <span class='ocrx_word' id='word_1_178' title='bbox 1251 1016 1387 1058; x_wconf 86' lang='lat' dir='ltr'>apponit</span> <span class='ocrx_word' id='word_1_179' title='bbox 1417 1022 1585 1058; x_wconf 89' lang='lat' dir='ltr'>peccatum</span> <span class='ocrx_word' id='word_1_180' title='bbox 1617 1028 1714 1058; x_wconf 88' lang='lat' dir='ltr'>super</span> <span class='ocrx_word' id='word_1_181' title='bbox 1741 1021 1910 1058; x_wconf 82' lang='lat' dir='ltr'>peccatum</span> <span class='ocrx_word' id='word_1_182' title='bbox 1940 1021 1972 1047; x_wconf 85' lang='lat' dir='ltr'>et</span> 
     </span>
     <span class='ocr_line' id='line_1_20' title="bbox 325 1067 1972 1109; baseline -0.002 -8"><span class='ocrx_word' id='word_1_183' title='bbox 325 1071 426 1101; x_wconf 89' lang='lat' dir='ltr'>iustae</span> <span class='ocrx_word' id='word_1_184' title='bbox 458 1068 656 1099; x_wconf 84' lang='lat' dir='ltr'>damnationi</span> <span class='ocrx_word' id='word_1_185' title='bbox 687 1067 778 1098; x_wconf 84' lang='lat' dir='ltr'>addit</span> <span class='ocrx_word' id='word_1_186' title='bbox 808 1069 927 1109; x_wconf 87' lang='lat' dir='ltr'>pariter</span> <span class='ocrx_word' id='word_1_187' title='bbox 957 1067 1195 1099; x_wconf 73' lang='lat' dir='ltr'>ecclesiasticae</span> <span class='ocrx_word' id='word_1_188' title='bbox 1225 1069 1404 1099; x_wconf 81' lang='lat' dir='ltr'>vocationis</span> <span class='ocrx_word' id='word_1_189' title='bbox 1435 1073 1467 1099; x_wconf 90' lang='lat' dir='ltr'>et</span> <span class='ocrx_word' id='word_1_190' title='bbox 1497 1067 1654 1109; x_wconf 87' lang='lat' dir='ltr'>regularis</span> <span class='ocrx_word' id='word_1_191' title='bbox 1685 1067 1875 1109; x_wconf 88' lang='lat' dir='ltr'>disciplinae</span> <span class='ocrx_word' id='word_1_192' title='bbox 1899 1078 1972 1098; x_wconf 90' lang='lat' dir='ltr'>con-</span> 
     </span>
     <span class='ocr_line' id='line_1_21' title="bbox 324 1119 1971 1163; baseline -0.002 -10"><span class='ocrx_word' id='word_1_193' title='bbox 324 1126 492 1163; x_wconf 86' lang='lat' dir='ltr'>temptum.</span> <span class='ocrx_word' id='word_1_194' title='bbox 544 1119 649 1160; x_wconf 86' lang='lat' dir='ltr'>Igitur</span> <span class='ocrx_word' id='word_1_195' title='bbox 673 1124 801 1160; x_wconf 86' lang='lat' dir='ltr'>praeter</span> <span class='ocrx_word' id='word_1_196' title='bbox 823 1119 909 1150; x_wconf 89' lang='lat' dir='ltr'>illam</span> <span class='ocrx_word' id='word_1_197' title='bbox 940 1120 1179 1150; x_wconf 83' lang='lat' dir='ltr'>damnationem</span> <span class='ocrx_word' id='word_1_198' title='bbox 1203 1119 1374 1150; x_wconf 86' lang='lat' dir='ltr'>damnatus</span> <span class='ocrx_word' id='word_1_199' title='bbox 1398 1126 1445 1150; x_wconf 87' lang='lat' dir='ltr'>est</span> <span class='ocrx_word' id='word_1_200' title='bbox 1468 1120 1563 1150; x_wconf 87' lang='lat' dir='ltr'>etiam</span> <span class='ocrx_word' id='word_1_201' title='bbox 1589 1120 1672 1150; x_wconf 84' lang='lat' dir='ltr'>idern</span> <span class='ocrx_word' id='word_1_202' title='bbox 1698 1119 1877 1160; x_wconf 87' lang='lat' dir='ltr'>Hartvigus</span> <span class='ocrx_word' id='word_1_203' title='bbox 1899 1129 1971 1150; x_wconf 88' lang='lat' dir='ltr'>cum</span> 
     </span>
     <span class='ocr_line' id='line_1_22' title="bbox 325 1169 1973 1213; baseline -0.002 -8"><span class='ocrx_word' id='word_1_204' title='bbox 325 1174 458 1205; x_wconf 85' lang='lat' dir='ltr'>caeteris</span> <span class='ocrx_word' id='word_1_205' title='bbox 476 1171 705 1213; x_wconf 80' lang='lat' dir='ltr'>suprascriptis</span> <span class='ocrx_word' id='word_1_206' title='bbox 722 1171 884 1212; x_wconf 80' lang='lat' dir='ltr'>episcopis</span> <span class='ocrx_word' id='word_1_207' title='bbox 902 1172 933 1202; x_wconf 89' lang='lat' dir='ltr'>in</span> <span class='ocrx_word' id='word_1_208' title='bbox 951 1171 1208 1213; x_wconf 86' lang='lat' dir='ltr'>Moguntiacensi</span> <span class='ocrx_word' id='word_1_209' title='bbox 1235 1170 1370 1212; x_wconf 78' lang='lat' dir='ltr'>synodo,</span> <span class='ocrx_word' id='word_1_210' title='bbox 1395 1170 1524 1201; x_wconf 85' lang='lat' dir='ltr'>iubente</span> <span class='ocrx_word' id='word_1_211' title='bbox 1542 1171 1572 1201; x_wconf 93' lang='lat' dir='ltr'>id</span> <span class='ocrx_word' id='word_1_212' title='bbox 1594 1171 1662 1202; x_wconf 89' lang='lat' dir='ltr'>fieri</span> <span class='ocrx_word' id='word_1_213' title='bbox 1686 1170 1863 1213; x_wconf 87' lang='lat' dir='ltr'>apostolica</span> <span class='ocrx_word' id='word_1_214' title='bbox 1887 1169 1973 1210; x_wconf 89' lang='lat' dir='ltr'>sede,</span> 
     </span>
     <span class='ocr_line' id='line_1_23' title="bbox 325 1222 2019 1264; baseline -0.001 -9"><span class='ocrx_word' id='word_1_215' title='bbox 325 1227 408 1256; x_wconf 78' lang='lat' dir='ltr'>&#39;euin</span> <span class='ocrx_word' id='word_1_216' title='bbox 434 1223 553 1255; x_wconf 89' lang='lat' dir='ltr'>nollent</span> <span class='ocrx_word' id='word_1_217' title='bbox 577 1223 692 1254; x_wconf 88' lang='lat' dir='ltr'>reverti</span> <span class='ocrx_word' id='word_1_218' title='bbox 717 1222 757 1253; x_wconf 87' lang='lat' dir='ltr'>ad</span> <span class='ocrx_word' id='word_1_219' title='bbox 782 1233 893 1264; x_wconf 85' lang='lat' dir='ltr'>pacem</span> <span class='ocrx_word' id='word_1_220' title='bbox 918 1227 949 1254; x_wconf 88' lang='lat' dir='ltr'>et</span> <span class='ocrx_word' id='word_1_221' title='bbox 973 1222 1178 1253; x_wconf 85' lang='lat' dir='ltr'>concordiam</span> <span class='ocrx_word' id='word_1_222' title='bbox 1203 1222 1379 1254; x_wconf 86' lang='lat' dir='ltr'>catholicae</span> <span class='ocrx_word' id='word_1_223' title='bbox 1404 1222 1569 1253; x_wconf 85' lang='lat' dir='ltr'>ecclesiae.</span> <span class='ocrx_word' id='word_1_224' title='bbox 1991 1233 2019 1253; x_wconf 61' lang='grc' dir='ltr'>πο</span> 
     </span>
     <span class='ocr_line' id='line_1_24' title="bbox 429 1273 1973 1316; baseline -0.002 -9"><span class='ocrx_word' id='word_1_225' title='bbox 429 1276 479 1307; x_wconf 78' lang='lat'>25.</span> <span class='ocrx_word' id='word_1_226' title='bbox 525 1274 589 1306; x_wconf 84' lang='lat' dir='ltr'>Sed</span> <span class='ocrx_word' id='word_1_227' title='bbox 613 1285 654 1305; x_wconf 83' lang='lat' dir='ltr'>ex</span> <span class='ocrx_word' id='word_1_228' title='bbox 678 1273 726 1305; x_wconf 81' lang='lat' dir='ltr'>liis</span> <span class='ocrx_word' id='word_1_229' title='bbox 749 1273 899 1305; x_wconf 88' lang='lat' dir='ltr'>omnibus</span> <span class='ocrx_word' id='word_1_230' title='bbox 928 1275 1098 1316; x_wconf 85' lang='lat' dir='ltr'>episcopis,</span> <span class='ocrx_word' id='word_1_231' title='bbox 1130 1274 1185 1316; x_wconf 86' lang='lat' dir='ltr'>qui</span> <span class='ocrx_word' id='word_1_232' title='bbox 1217 1273 1267 1305; x_wconf 89' lang='lat' dir='ltr'>vel</span> <span class='ocrx_word' id='word_1_233' title='bbox 1297 1274 1440 1305; x_wconf 86' lang='lat' dir='ltr'>damnati</span> <span class='ocrx_word' id='word_1_234' title='bbox 1472 1273 1600 1305; x_wconf 85' lang='lat' dir='ltr'>fuerant</span> <span class='ocrx_word' id='word_1_235' title='bbox 1630 1273 1680 1305; x_wconf 87' lang='lat' dir='ltr'>vel</span> <span class='ocrx_word' id='word_1_236' title='bbox 1711 1273 1859 1315; x_wconf 79' lang='lat' dir='ltr'>depositi,</span> <span class='ocrx_word' id='word_1_237' title='bbox 1890 1283 1973 1304; x_wconf 83' lang='lat' dir='ltr'>unus</span> 
     </span>
     <span class='ocr_line' id='line_1_25' title="bbox 324 1324 1972 1368; baseline -0.003 -8"><span class='ocrx_word' id='word_1_238' title='bbox 324 1333 459 1366; x_wconf 87' lang='lat' dir='ltr'>tantum,</span> <span class='ocrx_word' id='word_1_239' title='bbox 490 1326 615 1357; x_wconf 88' lang='lat' dir='ltr'>scilicet</span> <span class='ocrx_word' id='word_1_240' title='bbox 639 1326 750 1356; x_wconf 90' lang='lat' dir='ltr'>Benno</span> <span class='ocrx_word' id='word_1_241' title='bbox 774 1325 958 1356; x_wconf 86' lang='lat' dir='ltr'>Misinensis</span> <span class='ocrx_word' id='word_1_242' title='bbox 989 1326 1173 1368; x_wconf 83' lang='lat' dir='ltr'>episeopus,</span> <span class='ocrx_word' id='word_1_243' title='bbox 1204 1326 1293 1357; x_wconf 83' lang='lat' dir='ltr'>venit</span> <span class='ocrx_word' id='word_1_244' title='bbox 1321 1325 1360 1356; x_wconf 90' lang='lat' dir='ltr'>ad</span> <span class='ocrx_word' id='word_1_245' title='bbox 1392 1325 1503 1356; x_wconf 85' lang='lat' dir='ltr'>sedem</span> <span class='ocrx_word' id='word_1_246' title='bbox 1534 1324 1745 1367; x_wconf 89' lang='lat' dir='ltr'>apostolicam</span> <span class='ocrx_word' id='word_1_247' title='bbox 1778 1336 1835 1367; x_wconf 89' lang='lat' dir='ltr'>pro</span> <span class='ocrx_word' id='word_1_248' title='bbox 1866 1335 1972 1356; x_wconf 87' lang='lat' dir='ltr'>errore</span> 
     </span>
     <span class='ocr_line' id='line_1_26' title="bbox 324 1375 1972 1422; baseline -0.002 -11"><span class='ocrx_word' id='word_1_249' title='bbox 324 1391 381 1411; x_wconf 78' lang='lat' dir='ltr'>suo</span> <span class='ocrx_word' id='word_1_250' title='bbox 406 1380 565 1422; x_wconf 86' lang='lat' dir='ltr'>petiturus</span> <span class='ocrx_word' id='word_1_251' title='bbox 588 1378 727 1418; x_wconf 87' lang='lat' dir='ltr'>veniam,</span> <span class='ocrx_word' id='word_1_252' title='bbox 752 1388 848 1419; x_wconf 88' lang='lat' dir='ltr'>quam</span> <span class='ocrx_word' id='word_1_253' title='bbox 872 1382 902 1408; x_wconf 88' lang='lat' dir='ltr'>et</span> <span class='ocrx_word' id='word_1_254' title='bbox 927 1378 1106 1418; x_wconf 86' lang='lat' dir='ltr'>promeruit</span> <span class='ocrx_word' id='word_1_255' title='bbox 1121 1378 1277 1418; x_wconf 86' lang='lat' dir='ltr'>accipere,</span> <span class='ocrx_word' id='word_1_256' title='bbox 1300 1378 1392 1408; x_wconf 83' lang='lat' dir='ltr'>iuxta</span> <span class='ocrx_word' id='word_1_257' title='bbox 1408 1377 1493 1419; x_wconf 85' lang='lat' dir='ltr'>quod</span> <span class='ocrx_word' id='word_1_258' title='bbox 1511 1378 1581 1419; x_wconf 91' lang='lat' dir='ltr'>ipsa</span> <span class='ocrx_word' id='word_1_259' title='bbox 1597 1382 1699 1408; x_wconf 85' lang='lat' dir='ltr'>mater</span> <span class='ocrx_word' id='word_1_260' title='bbox 1715 1377 1855 1408; x_wconf 88' lang='lat' dir='ltr'>omnium</span> <span class='ocrx_word' id='word_1_261' title='bbox 1874 1375 1972 1408; x_wconf 89' lang='lat' dir='ltr'>eccle-</span> 
     </span>
     <span class='ocr_line' id='line_1_27' title="bbox 323 1428 1972 1471; baseline -0.002 -8"><span class='ocrx_word' id='word_1_262' title='bbox 323 1433 440 1463; x_wconf 86' lang='lat' dir='ltr'>siarum</span> <span class='ocrx_word' id='word_1_263' title='bbox 466 1431 613 1462; x_wconf 79' lang='lat' dir='ltr'>Romana</span> <span class='ocrx_word' id='word_1_264' title='bbox 637 1429 775 1460; x_wconf 85' lang='lat' dir='ltr'>ccclesia</span> <span class='ocrx_word' id='word_1_265' title='bbox 798 1428 897 1460; x_wconf 85' lang='lat' dir='ltr'>soleat</span> <span class='ocrx_word' id='word_1_266' title='bbox 922 1440 992 1460; x_wconf 83' lang='lat' dir='ltr'>sese</span> <span class='ocrx_word' id='word_1_267' title='bbox 1015 1428 1252 1471; x_wconf 81' lang='lat' dir='ltr'>appellantibus</span> <span class='ocrx_word' id='word_1_268' title='bbox 1284 1429 1439 1471; x_wconf 88' lang='lat' dir='ltr'>quicquid</span> <span class='ocrx_word' id='word_1_269' title='bbox 1469 1429 1598 1470; x_wconf 88' lang='lat' dir='ltr'>pietatis</span> <span class='ocrx_word' id='word_1_270' title='bbox 1628 1435 1676 1460; x_wconf 87' lang='lat' dir='ltr'>est</span> <span class='ocrx_word' id='word_1_271' title='bbox 1699 1439 1825 1470; x_wconf 88' lang='lat' dir='ltr'>semper</span> <span class='ocrx_word' id='word_1_272' title='bbox 1848 1428 1972 1468; x_wconf 85' lang='lat' dir='ltr'>offerre,</span> 
     </span>
     <span class='ocr_line' id='line_1_28' title="bbox 323 1481 2019 1526; baseline -0.001 -13"><span class='ocrx_word' id='word_1_273' title='bbox 323 1485 414 1526; x_wconf 78' lang='lat' dir='ltr'>quia:</span> <span class='ocrx_word' id='word_1_274' title='bbox 445 1483 538 1514; x_wconf 76' lang='lat' dir='ltr'>Sicut</span> <span class='ocrx_word' id='word_1_275' title='bbox 570 1483 604 1513; x_wconf 78' lang='lat' dir='ltr'>in</span> <span class='ocrx_word' id='word_1_276' title='bbox 635 1482 841 1513; x_wconf 72' lang='lat' dir='ltr'>contumacia</span> <span class='ocrx_word' id='word_1_277' title='bbox 870 1481 1119 1522; x_wconf 71' lang='lat' dir='ltr'>persistentibus</span> <span class='ocrx_word' id='word_1_278' title='bbox 1150 1482 1299 1512; x_wconf 77' lang='lat' dir='ltr'>convenit</span> <span class='ocrx_word' id='word_1_279' title='bbox 1330 1492 1386 1511; x_wconf 75' lang='lat' dir='ltr'>uos</span> <span class='ocrx_word' id='word_1_280' title='bbox 1409 1492 1476 1512; x_wconf 80' lang='lat' dir='ltr'>esse</span> <span class='ocrx_word' id='word_1_281' title='bbox 1498 1492 1633 1520; x_wconf 75' lang='lat' dir='ltr'>severos,</span> <span class='ocrx_word' id='word_1_282' title='bbox 1664 1481 1864 1512; x_wconf 85' lang='lat' dir='ltr'>aitsanctus</span> <span class='ocrx_word' id='word_1_283' title='bbox 1887 1490 1973 1522; x_wconf 78' lang='lat' dir='ltr'>papa</span> <span class='ocrx_word' id='word_1_284' title='bbox 1992 1493 2019 1512; x_wconf 76' lang='lat'>2⁵</span> 
     </span>
     <span class='ocr_line' id='line_1_29' title="bbox 324 1531 1971 1576; baseline -0.001 -13"><span class='ocrx_word' id='word_1_285' title='bbox 324 1536 532 1576; x_wconf 40' lang='lat' dir='ltr'>Gregorius&amp;</span> <span class='ocrx_word' id='word_1_286' title='bbox 562 1535 609 1565; x_wconf 78' lang='lat' dir='ltr'>sie</span> <span class='ocrx_word' id='word_1_287' title='bbox 631 1535 748 1565; x_wconf 68' lang='lat' dir='ltr'>iterum</span> <span class='ocrx_word' id='word_1_288' title='bbox 772 1532 955 1563; x_wconf 70' lang='lat' dir='ltr'>humiliatis</span> <span class='ocrx_word' id='word_1_289' title='bbox 979 1537 1006 1563; x_wconf 81' lang='lat' dir='ltr'>et</span> <span class='ocrx_word' id='word_1_290' title='bbox 1034 1533 1273 1573; x_wconf 77' lang='lat' dir='ltr'>poenitentibus</span> <span class='ocrx_word' id='word_1_291' title='bbox 1305 1543 1425 1573; x_wconf 70' lang='lat' dir='ltr'>vzeyare</span> <span class='ocrx_word' id='word_1_292' title='bbox 1454 1532 1556 1563; x_wconf 81' lang='lat' dir='ltr'>locum</span> <span class='ocrx_word' id='word_1_293' title='bbox 1587 1533 1701 1563; x_wconf 79' lang='lat' dir='ltr'>veniae</span> <span class='ocrx_word' id='word_1_294' title='bbox 1724 1543 1788 1563; x_wconf 79' lang='lat' dir='ltr'>uon</span> <span class='ocrx_word' id='word_1_295' title='bbox 1813 1531 1971 1563; x_wconf 79' lang='lat' dir='ltr'>debemus.</span> 
     </span>
     <span class='ocr_line' id='line_1_30' title="bbox 324 1583 1971 1629; baseline -0.003 -11"><span class='ocrx_word' id='word_1_296' title='bbox 324 1588 409 1629; x_wconf 75' lang='lat' dir='ltr'>Ergo</span> <span class='ocrx_word' id='word_1_297' title='bbox 434 1585 584 1618; x_wconf 73' lang='lat' dir='ltr'>Clemens</span> <span class='ocrx_word' id='word_1_298' title='bbox 610 1596 695 1626; x_wconf 87' lang='lat' dir='ltr'>papa</span> <span class='ocrx_word' id='word_1_299' title='bbox 719 1584 935 1626; x_wconf 85' lang='lat' dir='ltr'>poenitentem</span> <span class='ocrx_word' id='word_1_300' title='bbox 960 1584 1099 1624; x_wconf 84' lang='lat' dir='ltr'>benigne</span> <span class='ocrx_word' id='word_1_301' title='bbox 1122 1584 1265 1625; x_wconf 87' lang='lat' dir='ltr'>suscepit</span> <span class='ocrx_word' id='word_1_302' title='bbox 1288 1589 1319 1614; x_wconf 88' lang='lat' dir='ltr'>et</span> <span class='ocrx_word' id='word_1_303' title='bbox 1342 1583 1523 1614; x_wconf 87' lang='lat' dir='ltr'>confessum</span> <span class='ocrx_word' id='word_1_304' title='bbox 1549 1594 1607 1625; x_wconf 88' lang='lat' dir='ltr'>pro</span> <span class='ocrx_word' id='word_1_305' title='bbox 1631 1594 1740 1614; x_wconf 85' lang='lat' dir='ltr'>errore</span> <span class='ocrx_word' id='word_1_306' title='bbox 1763 1593 1821 1614; x_wconf 88' lang='lat' dir='ltr'>suo</span> <span class='ocrx_word' id='word_1_307' title='bbox 1845 1583 1971 1613; x_wconf 89' lang='lat' dir='ltr'>honori-</span> 
     </span>
     <span class='ocr_line' id='line_1_31' title="bbox 324 1634 1971 1678; baseline -0.003 -8"><span class='ocrx_word' id='word_1_308' title='bbox 324 1640 381 1670; x_wconf 84' lang='lat' dir='ltr'>tiee</span> <span class='ocrx_word' id='word_1_309' title='bbox 412 1638 564 1670; x_wconf 81' lang='lat' dir='ltr'>tractavit</span> <span class='ocrx_word' id='word_1_310' title='bbox 595 1637 832 1678; x_wconf 85' lang='lat' dir='ltr'>abeuntemque</span> <span class='ocrx_word' id='word_1_311' title='bbox 863 1646 934 1666; x_wconf 87' lang='lat' dir='ltr'>cum</span> <span class='ocrx_word' id='word_1_312' title='bbox 966 1635 1065 1666; x_wconf 87' lang='lat' dir='ltr'>literis</span> <span class='ocrx_word' id='word_1_313' title='bbox 1096 1635 1293 1678; x_wconf 82' lang='lat' dir='ltr'>apostolicae</span> <span class='ocrx_word' id='word_1_314' title='bbox 1325 1634 1410 1665; x_wconf 88' lang='lat' dir='ltr'>sedis</span> <span class='ocrx_word' id='word_1_315' title='bbox 1440 1634 1480 1665; x_wconf 91' lang='lat' dir='ltr'>ad</span> <span class='ocrx_word' id='word_1_316' title='bbox 1514 1634 1712 1666; x_wconf 88' lang='lat' dir='ltr'>Henrichum</span> <span class='ocrx_word' id='word_1_317' title='bbox 1743 1635 1971 1676; x_wconf 84' lang='lat' dir='ltr'>imperatorem</span> 
     </span>
     <span class='ocr_line' id='line_1_32' title="bbox 325 1686 1970 1732; baseline -0.003 -11"><span class='ocrx_word' id='word_1_318' title='bbox 325 1691 419 1730; x_wconf 84' lang='lat' dir='ltr'>misit,</span> <span class='ocrx_word' id='word_1_319' title='bbox 451 1701 544 1732; x_wconf 88' lang='lat' dir='ltr'>quem</span> <span class='ocrx_word' id='word_1_320' title='bbox 574 1693 605 1720; x_wconf 88' lang='lat' dir='ltr'>et</span> <span class='ocrx_word' id='word_1_321' title='bbox 633 1689 702 1730; x_wconf 87' lang='lat' dir='ltr'>ipse</span> <span class='ocrx_word' id='word_1_322' title='bbox 733 1687 869 1718; x_wconf 89' lang='lat' dir='ltr'>libenter</span> <span class='ocrx_word' id='word_1_323' title='bbox 899 1687 1064 1729; x_wconf 85' lang='lat' dir='ltr'>accipiens</span> <span class='ocrx_word' id='word_1_324' title='bbox 1095 1692 1274 1718; x_wconf 85' lang='lat' dir='ltr'>correctum</span> <span class='ocrx_word' id='word_1_325' title='bbox 1308 1686 1429 1717; x_wconf 89' lang='lat' dir='ltr'>dimisit</span> <span class='ocrx_word' id='word_1_326' title='bbox 1456 1686 1556 1718; x_wconf 89' lang='lat' dir='ltr'>libere</span> <span class='ocrx_word' id='word_1_327' title='bbox 1580 1686 1670 1718; x_wconf 86' lang='lat' dir='ltr'>abire</span> <span class='ocrx_word' id='word_1_328' title='bbox 1693 1687 1724 1717; x_wconf 92' lang='lat' dir='ltr'>in</span> <span class='ocrx_word' id='word_1_329' title='bbox 1748 1687 1970 1728; x_wconf 88' lang='lat' dir='ltr'>episcopatum</span> 
     </span>
     <span class='ocr_line' id='line_1_33' title="bbox 323 1737 2019 1780; baseline -0.002 -8"><span class='ocrx_word' id='word_1_330' title='bbox 323 1753 425 1773; x_wconf 90' lang='lat' dir='ltr'>suum.</span> <span class='ocrx_word' id='word_1_331' title='bbox 479 1741 542 1772; x_wconf 72' lang='lat' dir='ltr'>Sed</span> <span class='ocrx_word' id='word_1_332' title='bbox 568 1739 620 1771; x_wconf 88' lang='lat' dir='ltr'>illa</span> <span class='ocrx_word' id='word_1_333' title='bbox 644 1739 822 1771; x_wconf 81' lang='lat' dir='ltr'>satisfactio</span> <span class='ocrx_word' id='word_1_334' title='bbox 847 1740 966 1770; x_wconf 88' lang='lat' dir='ltr'>utinam</span> <span class='ocrx_word' id='word_1_335' title='bbox 991 1739 1087 1770; x_wconf 88' lang='lat' dir='ltr'>fuerit</span> <span class='ocrx_word' id='word_1_336' title='bbox 1109 1750 1199 1780; x_wconf 80' lang='lat' dir='ltr'>pura,</span> <span class='ocrx_word' id='word_1_337' title='bbox 1232 1739 1356 1769; x_wconf 86' lang='lat' dir='ltr'>sincera</span> <span class='ocrx_word' id='word_1_338' title='bbox 1379 1744 1476 1780; x_wconf 86' lang='lat' dir='ltr'>atque</span> <span class='ocrx_word' id='word_1_339' title='bbox 1501 1737 1669 1777; x_wconf 81' lang='lat' dir='ltr'>catholica,</span> <span class='ocrx_word' id='word_1_340' title='bbox 1701 1738 1863 1780; x_wconf 86' lang='lat' dir='ltr'>quoniam,</span> <span class='ocrx_word' id='word_1_341' title='bbox 1887 1738 1973 1768; x_wconf 82' lang='lat' dir='ltr'>sicut</span> <span class='ocrx_word' id='word_1_342' title='bbox 1991 1750 2019 1769; x_wconf 80' lang='lat' dir='ltr'>so</span> 
     </span>
     <span class='ocr_line' id='line_1_34' title="bbox 324 1789 1969 1834; baseline -0.002 -10"><span class='ocrx_word' id='word_1_343' title='bbox 324 1793 435 1824; x_wconf 85' lang='lat' dir='ltr'>scribit</span> <span class='ocrx_word' id='word_1_344' title='bbox 458 1792 546 1823; x_wconf 81' lang='lat' dir='ltr'>Leo⁵</span> <span class='ocrx_word' id='word_1_345' title='bbox 571 1803 669 1834; x_wconf 82' lang='lat' dir='ltr'>papa:</span> <span class='ocrx_word' id='word_1_346' title='bbox 701 1792 957 1823; x_wconf 77' lang='lat' dir='ltr'>Saluberrimum</span> <span class='ocrx_word' id='word_1_347' title='bbox 983 1796 1027 1822; x_wconf 87' lang='lat' dir='ltr'>est</span> <span class='ocrx_word' id='word_1_348' title='bbox 1051 1795 1077 1821; x_wconf 83' lang='lat' dir='ltr'>et</span> <span class='ocrx_word' id='word_1_349' title='bbox 1100 1790 1264 1832; x_wconf 74' lang='lat' dir='ltr'>spiritalis</span> <span class='ocrx_word' id='word_1_350' title='bbox 1286 1790 1469 1821; x_wconf 73' lang='lat' dir='ltr'>medicinae</span> <span class='ocrx_word' id='word_1_351' title='bbox 1492 1791 1631 1821; x_wconf 76' lang='lat' dir='ltr'>utilitate</span> <span class='ocrx_word' id='word_1_352' title='bbox 1653 1789 1796 1831; x_wconf 76' lang='lat' dir='ltr'>plenum,</span> <span class='ocrx_word' id='word_1_353' title='bbox 1825 1795 1870 1830; x_wconf 82' lang='lat' dir='ltr'>ut,</span> <span class='ocrx_word' id='word_1_354' title='bbox 1899 1789 1969 1831; x_wconf 82' lang='lat' dir='ltr'>qui-</span> 
     </span>
     <span class='ocr_line' id='line_1_35' title="bbox 324 1841 1971 1886; baseline -0.002 -11"><span class='ocrx_word' id='word_1_355' title='bbox 324 1856 448 1886; x_wconf 75' lang='lat' dir='ltr'>cunque</span> <span class='ocrx_word' id='word_1_356' title='bbox 472 1856 504 1875; x_wconf 84' lang='lat' dir='ltr'>se</span> <span class='ocrx_word' id='word_1_357' title='bbox 527 1849 686 1875; x_wconf 78' lang='lat' dir='ltr'>correctos</span> <span class='ocrx_word' id='word_1_358' title='bbox 709 1844 817 1874; x_wconf 73' lang='lat' dir='ltr'>videri</span> <span class='ocrx_word' id='word_1_359' title='bbox 844 1843 964 1883; x_wconf 81' lang='lat' dir='ltr'>volunt,</span> <span class='ocrx_word' id='word_1_360' title='bbox 995 1854 1134 1873; x_wconf 78' lang='lat' dir='ltr'>errorem</span> <span class='ocrx_word' id='word_1_361' title='bbox 1163 1854 1255 1873; x_wconf 77' lang='lat' dir='ltr'>suum</span> <span class='ocrx_word' id='word_1_362' title='bbox 1280 1847 1307 1873; x_wconf 87' lang='lat' dir='ltr'>ct</span> <span class='ocrx_word' id='word_1_363' title='bbox 1332 1843 1421 1883; x_wconf 77' lang='lat' dir='ltr'>ipsos</span> <span class='ocrx_word' id='word_1_364' title='bbox 1445 1842 1568 1872; x_wconf 71' lang='lat' dir='ltr'>erroris</span> <span class='ocrx_word' id='word_1_365' title='bbox 1597 1846 1746 1872; x_wconf 72' lang='lat' dir='ltr'>auctores</span> <span class='ocrx_word' id='word_1_366' title='bbox 1769 1841 1927 1872; x_wconf 74' lang='lat' dir='ltr'>damnari</span> <span class='ocrx_word' id='word_1_367' title='bbox 1949 1852 1971 1871; x_wconf 89' lang='lat' dir='ltr'>a</span> 
     </span>
     <span class='ocr_line' id='line_1_36' title="bbox 324 1892 1970 1937; baseline -0.003 -10"><span class='ocrx_word' id='word_1_368' title='bbox 324 1910 354 1927; x_wconf 74' lang='lat' dir='ltr'>se</span> <span class='ocrx_word' id='word_1_369' title='bbox 369 1897 548 1937; x_wconf 73' lang='lat' dir='ltr'>fateantur</span> <span class='ocrx_word' id='word_1_370' title='bbox 571 1896 640 1926; x_wconf 74' lang='lat' dir='ltr'>sine</span> <span class='ocrx_word' id='word_1_371' title='bbox 665 1895 886 1936; x_wconf 70' lang='lat' dir='ltr'>amhz&#39;yuitate‚</span> <span class='ocrx_word' id='word_1_372' title='bbox 910 1898 944 1924; x_wconf 83' lang='lat' dir='ltr'>ut</span> <span class='ocrx_word' id='word_1_373' title='bbox 968 1893 1091 1924; x_wconf 77' lang='lat' dir='ltr'>nullum</span> <span class='ocrx_word' id='word_1_374' title='bbox 1116 1893 1267 1925; x_wconf 80' lang='lat' dir='ltr'>ecclesiae</span> <span class='ocrx_word' id='word_1_375' title='bbox 1288 1894 1460 1925; x_wconf 76' lang='lat' dir='ltr'>‘membrum</span> <span class='ocrx_word' id='word_1_376' title='bbox 1482 1894 1660 1934; x_wconf 75' lang='lat' dir='ltr'>peremptis</span> <span class='ocrx_word' id='word_1_377' title='bbox 1675 1892 1822 1924; x_wconf 79' lang='lat' dir='ltr'>sensibus</span> <span class='ocrx_word' id='word_1_378' title='bbox 1841 1903 1970 1934; x_wconf 84' lang='lat' dir='ltr'>pravae</span> 
     </span>
     <span class='ocr_line' id='line_1_37' title="bbox 326 1944 1970 1989; baseline -0.002 -11"><span class='ocrx_word' id='word_1_379' title='bbox 326 1949 514 1979; x_wconf 66' lang='lat' dir='ltr'>intentionis</span> <span class='ocrx_word' id='word_1_380' title='bbox 532 1948 635 1989; x_wconf 11' lang='lat' dir='ltr'>promsit</span> <span class='ocrx_word' id='word_1_381' title='bbox 660 1946 781 1977; x_wconf 67' lang='lat' dir='ltr'>violari</span> <span class='ocrx_word' id='word_1_382' title='bbox 803 1946 916 1976; x_wconf 74' lang='lat' dir='ltr'>talium</span> <span class='ocrx_word' id='word_1_383' title='bbox 941 1946 1100 1976; x_wconf 82' lang='lat' dir='ltr'>societate.</span> <span class='ocrx_word' id='word_1_384' title='bbox 1146 1945 1227 1976; x_wconf 79' lang='lat' dir='ltr'>Nam</span> <span class='ocrx_word' id='word_1_385' title='bbox 1252 1950 1374 1976; x_wconf 88' lang='lat' dir='ltr'>certum</span> <span class='ocrx_word' id='word_1_386' title='bbox 1399 1949 1445 1976; x_wconf 86' lang='lat' dir='ltr'>est</span> <span class='ocrx_word' id='word_1_387' title='bbox 1469 1944 1606 1975; x_wconf 79' lang='lat' dir='ltr'>eundem</span> <span class='ocrx_word' id='word_1_388' title='bbox 1631 1945 1820 1986; x_wconf 88' lang='lat' dir='ltr'>episcopum</span> <span class='ocrx_word' id='word_1_389' title='bbox 1845 1944 1970 1975; x_wconf 91' lang='lat' dir='ltr'>Benno-</span> 
     </span>
     <span class='ocr_line' id='line_1_38' title="bbox 325 1995 2017 2039; baseline -0.002 -9"><span class='ocrx_word' id='word_1_390' title='bbox 325 2011 395 2030; x_wconf 89' lang='lat' dir='ltr'>nem</span> <span class='ocrx_word' id='word_1_391' title='bbox 421 1999 498 2030; x_wconf 86' lang='lat' dir='ltr'>nihil</span> <span class='ocrx_word' id='word_1_392' title='bbox 522 1999 674 2039; x_wconf 83' lang='lat' dir='ltr'>deinceps</span> <span class='ocrx_word' id='word_1_393' title='bbox 699 1997 833 2028; x_wconf 88' lang='lat' dir='ltr'>viriliter</span> <span class='ocrx_word' id='word_1_394' title='bbox 856 1997 959 2038; x_wconf 79' lang='lat' dir='ltr'>egisse</span> <span class='ocrx_word' id='word_1_395' title='bbox 982 2008 1055 2028; x_wconf 86' lang='lat' dir='ltr'>eum</span> <span class='ocrx_word' id='word_1_396' title='bbox 1082 1996 1406 2038; x_wconf 82' lang='lat' dir='ltr'>comprovincialibus</span> <span class='ocrx_word' id='word_1_397' title='bbox 1423 1996 1709 2037; x_wconf 86' lang='lat' dir='ltr'>pseudoepiscopis</span> <span class='ocrx_word' id='word_1_398' title='bbox 1725 1995 1776 2027; x_wconf 88' lang='lat' dir='ltr'>ve]</span> <span class='ocrx_word' id='word_1_399' title='bbox 1794 2006 1867 2026; x_wconf 89' lang='lat' dir='ltr'>cum</span> <span class='ocrx_word' id='word_1_400' title='bbox 1884 1996 1971 2037; x_wconf 88' lang='lat' dir='ltr'>prin·</span> <span class='ocrx_word' id='word_1_401' title='bbox 1988 2006 2017 2026; x_wconf 70' lang='lat'>³⁶</span> 
     </span>
     <span class='ocr_line' id='line_1_39' title="bbox 325 2047 1971 2093; baseline -0.002 -12"><span class='ocrx_word' id='word_1_402' title='bbox 325 2051 451 2093; x_wconf 79' lang='lat' dir='ltr'>cipibus</span> <span class='ocrx_word' id='word_1_403' title='bbox 483 2050 645 2081; x_wconf 63' lang='lat' dir='ltr'>saxoniae</span> <span class='ocrx_word' id='word_1_404' title='bbox 679 2060 736 2091; x_wconf 88' lang='lat' dir='ltr'>pro</span> <span class='ocrx_word' id='word_1_405' title='bbox 772 2049 984 2079; x_wconf 83' lang='lat' dir='ltr'>conventione</span> <span class='ocrx_word' id='word_1_406' title='bbox 1021 2054 1052 2079; x_wconf 92' lang='lat' dir='ltr'>et</span> <span class='ocrx_word' id='word_1_407' title='bbox 1086 2048 1193 2079; x_wconf 85' lang='lat' dir='ltr'>studio</span> <span class='ocrx_word' id='word_1_408' title='bbox 1225 2049 1314 2090; x_wconf 85' lang='lat' dir='ltr'>pacis</span> <span class='ocrx_word' id='word_1_409' title='bbox 1345 2047 1596 2088; x_wconf 82' lang='lat' dir='ltr'>ecclesiasticae,</span> <span class='ocrx_word' id='word_1_410' title='bbox 1627 2047 1739 2089; x_wconf 83' lang='lat' dir='ltr'>quales</span> <span class='ocrx_word' id='word_1_411' title='bbox 1769 2047 1922 2078; x_wconf 84' lang='lat' dir='ltr'>dicuntur</span> <span class='ocrx_word' id='word_1_412' title='bbox 1951 2057 1971 2078; x_wconf 87' lang='lat' dir='ltr'>a</span> 
     </span>
    </p>
   </div>
   <div class='ocr_carea' id='block_1_4' title="bbox 292 2098 1970 2143">
    <p class='ocr_par' dir='ltr' id='par_1_4' title="bbox 292 2098 1970 2143">
     <span class='ocr_line' id='line_1_40' title="bbox 292 2098 1970 2143; baseline -0.001 -13"><span class='ocrx_word' id='word_1_413' title='bbox 292 2116 302 2130; x_wconf 74' lang='lat' dir='ltr'>›v</span> <span class='ocrx_word' id='word_1_414' title='bbox 328 2103 464 2132; x_wconf 77' lang='lat' dir='ltr'>Domino</span> <span class='ocrx_word' id='word_1_415' title='bbox 490 2113 546 2143; x_wconf 87' lang='lat' dir='ltr'>per</span> <span class='ocrx_word' id='word_1_416' title='bbox 571 2101 723 2132; x_wconf 85' lang='lat' dir='ltr'>llesaiam</span> <span class='ocrx_word' id='word_1_417' title='bbox 750 2100 937 2142; x_wconf 84' lang='lat' dir='ltr'>prophetam</span> <span class='ocrx_word' id='word_1_418' title='bbox 963 2100 1183 2141; x_wconf 71' lang='lat' dir='ltr'>speculatores</span> <span class='ocrx_word' id='word_1_419' title='bbox 1207 2101 1305 2139; x_wconf 80' lang='lat' dir='ltr'>caeci,</span> <span class='ocrx_word' id='word_1_420' title='bbox 1334 2111 1431 2130; x_wconf 78' lang='lat' dir='ltr'>canes</span> <span class='ocrx_word' id='word_1_421' title='bbox 1454 2101 1544 2139; x_wconf 78' lang='lat' dir='ltr'>muti,</span> <span class='ocrx_word' id='word_1_422' title='bbox 1571 2111 1637 2130; x_wconf 77' lang='lat' dir='ltr'>non</span> <span class='ocrx_word' id='word_1_423' title='bbox 1663 2099 1803 2130; x_wconf 83' lang='lat' dir='ltr'>valentes</span> <span class='ocrx_word' id='word_1_424' title='bbox 1825 2098 1970 2138; x_wconf 81' lang='lat' dir='ltr'>latrare;</span> 
     </span>
    </p>
   </div>
   <div class='ocr_carea' id='block_1_5' title="bbox 327 2150 2019 2347">
    <p class='ocr_par' dir='ltr' id='par_1_5' title="bbox 327 2150 2019 2347">
     <span class='ocr_line' id='line_1_41' title="bbox 327 2150 1971 2195; baseline -0.002 -12"><span class='ocrx_word' id='word_1_425' title='bbox 327 2154 487 2195; x_wconf 72' lang='lat' dir='ltr'>qnoniam,</span> <span class='ocrx_word' id='word_1_426' title='bbox 512 2154 595 2184; x_wconf 79' lang='lat' dir='ltr'>sicut</span> <span class='ocrx_word' id='word_1_427' title='bbox 617 2152 784 2183; x_wconf 60' lang='lat' dir='ltr'>(belasius⁶</span> <span class='ocrx_word' id='word_1_428' title='bbox 808 2163 894 2193; x_wconf 84' lang='lat' dir='ltr'>papa</span> <span class='ocrx_word' id='word_1_429' title='bbox 917 2152 1038 2191; x_wconf 76' lang='lat' dir='ltr'>scribit,</span> <span class='ocrx_word' id='word_1_430' title='bbox 1063 2151 1375 2193; x_wconf 81' lang='lat' dir='ltr'>praevaricatoribus</span> <span class='ocrx_word' id='word_1_431' title='bbox 1401 2152 1510 2193; x_wconf 87' lang='lat' dir='ltr'>utique</span> <span class='ocrx_word' id='word_1_432' title='bbox 1535 2151 1704 2191; x_wconf 87' lang='lat' dir='ltr'>consentit,</span> <span class='ocrx_word' id='word_1_433' title='bbox 1727 2150 1874 2193; x_wconf 84' lang='lat' dir='ltr'>quisquis</span> <span class='ocrx_word' id='word_1_434' title='bbox 1897 2160 1971 2191; x_wconf 83' lang='lat' dir='ltr'>sug-</span> 
     </span>
     <span class='ocr_line' id='line_1_42' title="bbox 327 2202 1971 2246; baseline -0.002 -11"><span class='ocrx_word' id='word_1_435' title='bbox 327 2206 470 2245; x_wconf 68' lang='lat' dir='ltr'>gestione</span> <span class='ocrx_word' id='word_1_436' title='bbox 495 2216 557 2246; x_wconf 82' lang='lat' dir='ltr'>qua</span> <span class='ocrx_word' id='word_1_437' title='bbox 582 2210 685 2245; x_wconf 77' lang='lat' dir='ltr'>potest</span> <span class='ocrx_word' id='word_1_438' title='bbox 709 2215 772 2235; x_wconf 84' lang='lat' dir='ltr'>non</span> <span class='ocrx_word' id='word_1_439' title='bbox 797 2204 924 2243; x_wconf 76' lang='lat' dir='ltr'>resistit,</span> <span class='ocrx_word' id='word_1_440' title='bbox 954 2208 982 2234; x_wconf 82' lang='lat' dir='ltr'>et</span> <span class='ocrx_word' id='word_1_441' title='bbox 1004 2205 1062 2244; x_wconf 80' lang='lat' dir='ltr'>qui</span> <span class='ocrx_word' id='word_1_442' title='bbox 1086 2204 1167 2235; x_wconf 75' lang='lat' dir='ltr'>alios</span> <span class='ocrx_word' id='word_1_443' title='bbox 1191 2203 1231 2234; x_wconf 84' lang='lat' dir='ltr'>ab</span> <span class='ocrx_word' id='word_1_444' title='bbox 1255 2215 1362 2234; x_wconf 77' lang='lat' dir='ltr'>errore</span> <span class='ocrx_word' id='word_1_445' title='bbox 1386 2214 1451 2234; x_wconf 77' lang='lat' dir='ltr'>uon</span> <span class='ocrx_word' id='word_1_446' title='bbox 1476 2207 1614 2242; x_wconf 80' lang='lat' dir='ltr'>reuocat,</span> <span class='ocrx_word' id='word_1_447' title='bbox 1638 2214 1670 2233; x_wconf 88' lang='lat' dir='ltr'>se</span> <span class='ocrx_word' id='word_1_448' title='bbox 1692 2204 1812 2244; x_wconf 78' lang='lat' dir='ltr'>ipsum,</span> <span class='ocrx_word' id='word_1_449' title='bbox 1835 2202 1971 2243; x_wconf 64' lang='lat' dir='ltr'>inquiv,</span> 
     </span>
     <span class='ocr_line' id='line_1_43' title="bbox 327 2253 2019 2296; baseline -0.001 -12"><span class='ocrx_word' id='word_1_450' title='bbox 327 2268 439 2286; x_wconf 65' lang='lat' dir='ltr'>errare</span> <span class='ocrx_word' id='word_1_451' title='bbox 463 2257 669 2286; x_wconf 73' lang='lat' dir='ltr'>demonstrat.</span> <span class='ocrx_word' id='word_1_452' title='bbox 708 2254 878 2285; x_wconf 81' lang='lat' dir='ltr'>Caeterum</span> <span class='ocrx_word' id='word_1_453' title='bbox 896 2255 1169 2296; x_wconf 82' lang='lat' dir='ltr'>praevaricatores</span> <span class='ocrx_word' id='word_1_454' title='bbox 1186 2254 1422 2286; x_wconf 83' lang='lat' dir='ltr'>ecclesiasticae</span> <span class='ocrx_word' id='word_1_455' title='bbox 1446 2254 1526 2295; x_wconf 81' lang='lat' dir='ltr'>legis</span> <span class='ocrx_word' id='word_1_456' title='bbox 1549 2253 1702 2295; x_wconf 87' lang='lat' dir='ltr'>episcopi,</span> <span class='ocrx_word' id='word_1_457' title='bbox 1727 2254 1782 2296; x_wconf 91' lang='lat' dir='ltr'>qui</span> <span class='ocrx_word' id='word_1_458' title='bbox 1806 2254 1837 2284; x_wconf 91' lang='lat' dir='ltr'>in</span> <span class='ocrx_word' id='word_1_459' title='bbox 1861 2262 1971 2294; x_wconf 79' lang='lat' dir='ltr'>supra·</span> <span class='ocrx_word' id='word_1_460' title='bbox 1989 2264 2019 2283; x_wconf 67' lang='grc' dir='ltr'>ιο</span> 
     </span>
     <span class='ocr_line' id='line_1_44' title="bbox 327 2304 1972 2347; baseline 0 -12"><span class='ocrx_word' id='word_1_461' title='bbox 327 2308 411 2337; x_wconf 70' lang='lat' dir='ltr'>&lt;licta</span> <span class='ocrx_word' id='word_1_462' title='bbox 436 2307 558 2347; x_wconf 66' lang='lat' dir='ltr'>synodo</span> <span class='ocrx_word' id='word_1_463' title='bbox 582 2313 656 2337; x_wconf 87' lang='lat' dir='ltr'>sunt</span> <span class='ocrx_word' id='word_1_464' title='bbox 679 2307 817 2347; x_wconf 80' lang='lat' dir='ltr'>depositi</span> <span class='ocrx_word' id='word_1_465' title='bbox 842 2311 873 2337; x_wconf 88' lang='lat' dir='ltr'>et</span> <span class='ocrx_word' id='word_1_466' title='bbox 896 2307 982 2337; x_wconf 87' lang='lat' dir='ltr'>omni</span> <span class='ocrx_word' id='word_1_467' title='bbox 1006 2305 1224 2337; x_wconf 84' lang='lat' dir='ltr'>ecclesiastica</span> <span class='ocrx_word' id='word_1_468' title='bbox 1247 2305 1403 2347; x_wconf 84' lang='lat' dir='ltr'>dignitate</span> <span class='ocrx_word' id='word_1_469' title='bbox 1426 2305 1554 2347; x_wconf 81' lang='lat' dir='ltr'>privati,</span> <span class='ocrx_word' id='word_1_470' title='bbox 1584 2305 1776 2336; x_wconf 86' lang='lat' dir='ltr'>sententiam</span> <span class='ocrx_word' id='word_1_471' title='bbox 1799 2304 1972 2346; x_wconf 86' lang='lat' dir='ltr'>depositio-</span> 
     </span>
    </p>
   </div>
   <div class='ocr_carea' id='block_1_6' title="bbox 329 2355 1971 2489">
    <p class='ocr_par' dir='ltr' id='par_1_6' title="bbox 329 2355 1971 2489">
     <span class='ocr_line' id='line_1_45' title="bbox 329 2355 1971 2399; baseline -0.001 -12"><span class='ocrx_word' id='word_1_472' title='bbox 329 2359 375 2387; x_wconf 81' lang='lat' dir='ltr'>nis</span> <span class='ocrx_word' id='word_1_473' title='bbox 399 2368 474 2387; x_wconf 80' lang='lat' dir='ltr'>snae</span> <span class='ocrx_word' id='word_1_474' title='bbox 498 2369 516 2387; x_wconf 83' lang='lat' dir='ltr'>a</span> <span class='ocrx_word' id='word_1_475' title='bbox 540 2358 616 2388; x_wconf 79' lang='lat' dir='ltr'>sede</span> <span class='ocrx_word' id='word_1_476' title='bbox 640 2357 815 2399; x_wconf 71' lang='lat' dir='ltr'>apostolica</span> <span class='ocrx_word' id='word_1_477' title='bbox 839 2356 996 2399; x_wconf 82' lang='lat' dir='ltr'>prolatam</span> <span class='ocrx_word' id='word_1_478' title='bbox 1015 2357 1263 2399; x_wconf 77' lang='lat' dir='ltr'>parvipendunt,</span> <span class='ocrx_word' id='word_1_479' title='bbox 1287 2363 1318 2389; x_wconf 87' lang='lat' dir='ltr'>et</span> <span class='ocrx_word' id='word_1_480' title='bbox 1334 2357 1503 2399; x_wconf 85' lang='lat' dir='ltr'>superbiae</span> <span class='ocrx_word' id='word_1_481' title='bbox 1520 2357 1635 2398; x_wconf 85' lang='lat' dir='ltr'>spiritu</span> <span class='ocrx_word' id='word_1_482' title='bbox 1652 2355 1764 2396; x_wconf 86' lang='lat' dir='ltr'>inflati,</span> <span class='ocrx_word' id='word_1_483' title='bbox 1786 2366 1850 2387; x_wconf 88' lang='lat' dir='ltr'>non</span> <span class='ocrx_word' id='word_1_484' title='bbox 1867 2355 1971 2386; x_wconf 85' lang='lat' dir='ltr'>solum</span> 
     </span>
     <span class='ocr_line' id='line_1_46' title="bbox 436 2452 1971 2489; baseline 0.001 -10"><span class='ocrx_word' id='word_1_485' title='bbox 436 2455 461 2479; x_wconf 57' lang='lat' dir='ltr'>li</span> <span class='ocrx_word' id='word_1_486' title='bbox 489 2454 576 2487; x_wconf 60' lang='lat' dir='ltr'>la&#39;pisr.</span> <span class='ocrx_word' id='word_1_487' title='bbox 602 2454 648 2481; x_wconf 67' lang='lat'>27.</span> <span class='ocrx_word' id='word_1_488' title='bbox 675 2455 712 2480; x_wconf 75' lang='lat' dir='ltr'>ud</span> <span class='ocrx_word' id='word_1_489' title='bbox 735 2455 818 2488; x_wconf 60' lang='lat' dir='ltr'>cpi-«c.</span> <span class='ocrx_word' id='word_1_490' title='bbox 845 2455 949 2481; x_wconf 62' lang='lat' dir='ltr'>‹Ji-ient.</span> <span class='ocrx_word' id='word_1_491' title='bbox 974 2460 987 2485; x_wconf 56' lang='grc' dir='ltr'>,ε</span> <span class='ocrx_word' id='word_1_492' title='bbox 1011 2456 1038 2488; x_wconf 81' lang='lat'>3,</span> <span class='ocrx_word' id='word_1_493' title='bbox 1059 2463 1090 2488; x_wconf 78' lang='lat' dir='ltr'>p.</span> <span class='ocrx_word' id='word_1_494' title='bbox 1109 2455 1178 2482; x_wconf 74' lang='lat'>424.</span> <span class='ocrx_word' id='word_1_495' title='bbox 1288 2453 1319 2489; x_wconf 76' lang='grc'>2)</span> <span class='ocrx_word' id='word_1_496' title='bbox 1343 2454 1434 2487; x_wconf 70' lang='lat' dir='ltr'>Epist.</span> <span class='ocrx_word' id='word_1_497' title='bbox 1458 2454 1498 2486; x_wconf 86' lang='lat' dir='ltr'>II,</span> <span class='ocrx_word' id='word_1_498' title='bbox 1522 2456 1536 2485; x_wconf 67' lang='grc' dir='ltr'>ξ</span> <span class='ocrx_word' id='word_1_499' title='bbox 1563 2454 1609 2487; x_wconf 87' lang='lat'>13,</span> <span class='ocrx_word' id='word_1_500' title='bbox 1638 2462 1725 2488; x_wconf 83' lang='lat' dir='ltr'>supra</span> <span class='ocrx_word' id='word_1_501' title='bbox 1748 2462 1780 2488; x_wconf 85' lang='lat' dir='ltr'>p.</span> <span class='ocrx_word' id='word_1_502' title='bbox 1804 2452 1875 2479; x_wconf 79' lang='grc'>241.</span> <span class='ocrx_word' id='word_1_503' title='bbox 1900 2452 1971 2480; x_wconf 77' lang='grc'>242.</span> 
     </span>
    </p>
   </div>
   <div class='ocr_carea' id='block_1_7' title="bbox 329 2503 1971 2540">
    <p class='ocr_par' dir='ltr' id='par_1_7' title="bbox 329 2503 1971 2540">
     <span class='ocr_line' id='line_1_47' title="bbox 329 2503 1971 2540; baseline 0.001 -11"><span class='ocrx_word' id='word_1_504' title='bbox 329 2508 357 2539; x_wconf 64' lang='grc'>3)</span> <span class='ocrx_word' id='word_1_505' title='bbox 382 2506 425 2538; x_wconf 51' lang='grc' dir='ltr'>(γ’.</span> <span class='ocrx_word' id='word_1_506' title='bbox 451 2515 473 2531; x_wconf 90' lang='lat' dir='ltr'>c.</span> <span class='ocrx_word' id='word_1_507' title='bbox 499 2505 546 2536; x_wconf 72' lang='lat'>24,</span> <span class='ocrx_word' id='word_1_508' title='bbox 569 2516 597 2538; x_wconf 73' lang='grc' dir='ltr'>[ι.</span> <span class='ocrx_word' id='word_1_509' title='bbox 617 2506 686 2531; x_wconf 74' lang='grc'>2-11.</span> <span class='ocrx_word' id='word_1_510' title='bbox 734 2506 797 2532; x_wconf 77' lang='lat' dir='ltr'>Cum</span> <span class='ocrx_word' id='word_1_511' title='bbox 825 2506 927 2532; x_wconf 60' lang='lat' dir='ltr'>Asinda</span> <span class='ocrx_word' id='word_1_512' title='bbox 948 2506 1116 2540; x_wconf 66' lang='lat' dir='ltr'>prot-inciae</span> <span class='ocrx_word' id='word_1_513' title='bbox 1139 2506 1298 2533; x_wconf 77' lang='lat' dir='ltr'>Coloniensi</span> <span class='ocrx_word' id='word_1_514' title='bbox 1319 2506 1463 2540; x_wconf 81' lang='lat' dir='ltr'>adscripta</span> <span class='ocrx_word' id='word_1_515' title='bbox 1489 2508 1565 2537; x_wconf 77' lang='lat' dir='ltr'>esset,</span> <span class='ocrx_word' id='word_1_516' title='bbox 1590 2504 1733 2539; x_wconf 71' lang='lat' dir='ltr'>IIartvt&#39;yo</span> <span class='ocrx_word' id='word_1_517' title='bbox 1754 2513 1809 2531; x_wconf 86' lang='lat' dir='ltr'>non</span> <span class='ocrx_word' id='word_1_518' title='bbox 1831 2503 1920 2537; x_wconf 71' lang='lat' dir='ltr'>licuit,</span> <span class='ocrx_word' id='word_1_519' title='bbox 1943 2504 1971 2529; x_wconf 78' lang='lat' dir='ltr'>in</span> 
     </span>
    </p>
   </div>
   <div class='ocr_carea' id='block_1_8' title="bbox 328 2554 2020 2591">
    <p class='ocr_par' dir='ltr' id='par_1_8' title="bbox 328 2554 2020 2591">
     <span class='ocr_line' id='line_1_48' title="bbox 328 2554 2020 2591; baseline -0.001 -9"><span class='ocrx_word' id='word_1_520' title='bbox 328 2557 487 2590; x_wconf 47' lang='lat' dir='ltr'>epist-epatu</span> <span class='ocrx_word' id='word_1_521' title='bbox 514 2556 656 2581; x_wconf 63' lang='lat' dir='ltr'>mindensi</span> <span class='ocrx_word' id='word_1_522' title='bbox 678 2557 823 2589; x_wconf 62' lang='lat' dir='ltr'>quicquam</span> <span class='ocrx_word' id='word_1_523' title='bbox 849 2558 1022 2589; x_wconf 76' lang='lat' dir='ltr'>constituere,</span> <span class='ocrx_word' id='word_1_524' title='bbox 1048 2558 1103 2584; x_wconf 47' lang='lat' dir='ltr'>misi</span> <span class='ocrx_word' id='word_1_525' title='bbox 1125 2561 1223 2584; x_wconf 79' lang='lat' dir='ltr'>contra</span> <span class='ocrx_word' id='word_1_526' title='bbox 1246 2558 1331 2591; x_wconf 62' lang='lat' dir='ltr'>Iegem</span> <span class='ocrx_word' id='word_1_527' title='bbox 1357 2558 1468 2583; x_wconf 77' lang='lat' dir='ltr'>Decret.</span> <span class='ocrx_word' id='word_1_528' title='bbox 1496 2556 1655 2583; x_wconf 75' lang='lat' dir='ltr'>l&#39;seudois..·</span> <span class='ocrx_word' id='word_1_529' title='bbox 1679 2559 1710 2582; x_wconf 83' lang='lat' dir='ltr'>ut</span> <span class='ocrx_word' id='word_1_530' title='bbox 1731 2555 1828 2582; x_wconf 84' lang='lat' dir='ltr'>nullus</span> <span class='ocrx_word' id='word_1_531' title='bbox 1852 2554 1971 2582; x_wconf 79' lang='lat' dir='ltr'>alterius</span> <span class='ocrx_word' id='word_1_532' title='bbox 1990 2562 2020 2581; x_wconf 67' lang='lat'>45</span> 
     </span>
    </p>
   </div>
   <div class='ocr_carea' id='block_1_9' title="bbox 329 2606 1975 2746">
    <p class='ocr_par' dir='ltr' id='par_1_9' title="bbox 329 2606 1975 2746">
     <span class='ocr_line' id='line_1_49' title="bbox 329 2606 1973 2642; baseline 0 -9"><span class='ocrx_word' id='word_1_533' title='bbox 329 2607 466 2633; x_wconf 70' lang='lat' dir='ltr'>terminos</span> <span class='ocrx_word' id='word_1_534' title='bbox 490 2611 609 2640; x_wconf 79' lang='lat' dir='ltr'>usurpet</span> <span class='ocrx_word' id='word_1_535' title='bbox 634 2616 685 2632; x_wconf 70' lang='lat' dir='ltr'>nct-</span> <span class='ocrx_word' id='word_1_536' title='bbox 711 2608 890 2640; x_wconf 73' lang='lat' dir='ltr'>parror-hiam</span> <span class='ocrx_word' id='word_1_537' title='bbox 916 2608 1023 2634; x_wconf 76' lang='lat' dir='ltr'>iudicet</span> <span class='ocrx_word' id='word_1_538' title='bbox 1047 2613 1095 2635; x_wconf 83' lang='lat' dir='ltr'>aut</span> <span class='ocrx_word' id='word_1_539' title='bbox 1120 2608 1347 2635; x_wconf 83' lang='lat' dir='ltr'>excommunicet</span> <span class='ocrx_word' id='word_1_540' title='bbox 1370 2617 1454 2642; x_wconf 63' lang='lat' dir='ltr'>affere</span> <span class='ocrx_word' id='word_1_541' title='bbox 1476 2608 1572 2634; x_wconf 78' lang='lat' dir='ltr'>voluit.</span> <span class='ocrx_word' id='word_1_542' title='bbox 1646 2607 1676 2642; x_wconf 83' lang='grc'>4)</span> <span class='ocrx_word' id='word_1_543' title='bbox 1699 2607 1784 2634; x_wconf 82' lang='lat' dir='ltr'>Hunc</span> <span class='ocrx_word' id='word_1_544' title='bbox 1807 2606 1895 2634; x_wconf 79' lang='lat' dir='ltr'>locum</span> <span class='ocrx_word' id='word_1_545' title='bbox 1917 2615 1973 2633; x_wconf 77' lang='lat' dir='ltr'>mm</span> 
     </span>
     <span class='ocr_line' id='line_1_50' title="bbox 330 2657 1971 2694; baseline 0.001 -10"><span class='ocrx_word' id='word_1_546' title='bbox 330 2659 431 2686; x_wconf 66' lang='lat' dir='ltr'>int-cni.</span> <span class='ocrx_word' id='word_1_547' title='bbox 498 2659 527 2686; x_wconf 63' lang='grc' dir='ltr'>ὃ)</span> <span class='ocrx_word' id='word_1_548' title='bbox 554 2659 642 2692; x_wconf 72' lang='lat' dir='ltr'>Epist.</span> <span class='ocrx_word' id='word_1_549' title='bbox 664 2659 709 2684; x_wconf 69' lang='lat' dir='ltr'>l&#39;o&#39;.</span> <span class='ocrx_word' id='word_1_550' title='bbox 735 2660 772 2684; x_wconf 77' lang='lat' dir='ltr'>ud</span> <span class='ocrx_word' id='word_1_551' title='bbox 795 2659 914 2685; x_wconf 77' lang='lat' dir='ltr'>Ianuar.</span> <span class='ocrx_word' id='word_1_552' title='bbox 939 2669 991 2693; x_wconf 62' lang='lat' dir='ltr'>cp„</span> <span class='ocrx_word' id='word_1_553' title='bbox 1019 2662 1089 2694; x_wconf 67' lang='lat' dir='ltr'>‘&#39;pp.</span> <span class='ocrx_word' id='word_1_554' title='bbox 1108 2661 1132 2693; x_wconf 86' lang='lat' dir='ltr'>I,</span> <span class='ocrx_word' id='word_1_555' title='bbox 1156 2661 1206 2687; x_wconf 80' lang='lat' dir='ltr'>col.</span> <span class='ocrx_word' id='word_1_556' title='bbox 1225 2660 1295 2686; x_wconf 77' lang='lat'><strong>731.</strong></span> <span class='ocrx_word' id='word_1_557' title='bbox 1363 2660 1392 2694; x_wconf 86' lang='lat' dir='ltr'>G)</span> <span class='ocrx_word' id='word_1_558' title='bbox 1415 2660 1508 2694; x_wconf 73' lang='lat' dir='ltr'>Epist,</span> <span class='ocrx_word' id='word_1_559' title='bbox 1524 2660 1573 2686; x_wconf 84' lang='grc'>26.</span> <span class='ocrx_word' id='word_1_560' title='bbox 1597 2659 1636 2686; x_wconf 77' lang='lat' dir='ltr'>ad</span> <span class='ocrx_word' id='word_1_561' title='bbox 1658 2659 1741 2693; x_wconf 59' lang='lat' dir='ltr'>epi-sc.</span> <span class='ocrx_word' id='word_1_562' title='bbox 1766 2658 1861 2686; x_wconf 69' lang='grc' dir='ltr'><em>Βανά.</em></span> <span class='ocrx_word' id='word_1_563' title='bbox 1884 2659 1899 2689; x_wconf 73' lang='grc' dir='ltr'>ἓ</span> <span class='ocrx_word' id='word_1_564' title='bbox 1925 2657 1971 2691; x_wconf 80' lang='grc'>12,</span> 
     </span>
     <span class='ocr_line' id='line_1_51' title="bbox 334 2708 1975 2746; baseline -0.001 -9"><span class='ocrx_word' id='word_1_565' title='bbox 334 2711 408 2737; x_wconf 74' lang='grc' dir='ltr'><em>ἸἸιίοΙ</em></span> <span class='ocrx_word' id='word_1_566' title='bbox 428 2720 458 2744; x_wconf 80' lang='lat' dir='ltr'>p.</span> <span class='ocrx_word' id='word_1_567' title='bbox 477 2710 546 2736; x_wconf 69' lang='grc'>410.</span> <span class='ocrx_word' id='word_1_568' title='bbox 648 2709 675 2734; x_wconf 65' lang='grc' dir='ltr'>Ἡ</span> <span class='ocrx_word' id='word_1_569' title='bbox 702 2710 800 2735; x_wconf 74' lang='lat' dir='ltr'>Locum</span> <span class='ocrx_word' id='word_1_570' title='bbox 826 2719 878 2735; x_wconf 76' lang='lat' dir='ltr'>non</span> <span class='ocrx_word' id='word_1_571' title='bbox 902 2710 1002 2743; x_wconf 71' lang='lat' dir='ltr'>inveni,</span> <span class='ocrx_word' id='word_1_572' title='bbox 1027 2712 1063 2744; x_wconf 84' lang='lat' dir='ltr'>cf.</span> <span class='ocrx_word' id='word_1_573' title='bbox 1089 2711 1190 2737; x_wconf 56' lang='lat' dir='ltr'>libelli</span> <span class='ocrx_word' id='word_1_574' title='bbox 1210 2713 1245 2738; x_wconf 86' lang='lat' dir='ltr'>de</span> <span class='ocrx_word' id='word_1_575' title='bbox 1267 2711 1314 2737; x_wconf 79' lang='lat' dir='ltr'>lite</span> <span class='ocrx_word' id='word_1_576' title='bbox 1337 2711 1360 2743; x_wconf 87' lang='lat' dir='ltr'>I,</span> <span class='ocrx_word' id='word_1_577' title='bbox 1382 2720 1413 2746; x_wconf 86' lang='lat' dir='ltr'>p.</span> <span class='ocrx_word' id='word_1_578' title='bbox 1432 2711 1502 2738; x_wconf 81' lang='grc'><strong>527.</strong></span> <span class='ocrx_word' id='word_1_579' title='bbox 1523 2711 1591 2744; x_wconf 82' lang='grc'>545,</span> <span class='ocrx_word' id='word_1_580' title='bbox 1615 2711 1664 2737; x_wconf 78' lang='lat' dir='ltr'>ubi</span> <span class='ocrx_word' id='word_1_581' title='bbox 1685 2711 1754 2737; x_wconf 80' lang='lat' dir='ltr'>haec</span> <span class='ocrx_word' id='word_1_582' title='bbox 1775 2709 1862 2736; x_wconf 80' lang='lat' dir='ltr'>verba</span> <span class='ocrx_word' id='word_1_583' title='bbox 1885 2708 1975 2736; x_wconf 82' lang='lat' dir='ltr'>Leom&#39;</span> 
     </span>
    </p>
   </div>
   <div class='ocr_carea' id='block_1_10' title="bbox 328 2762 612 2796">
    <p class='ocr_par' dir='ltr' id='par_1_10' title="bbox 328 2762 612 2796">
     <span class='ocr_line' id='line_1_52' title="bbox 328 2762 612 2796; baseline 0 -10"><span class='ocrx_word' id='word_1_584' title='bbox 328 2770 422 2796; x_wconf 70' lang='lat' dir='ltr'>pupae</span> <span class='ocrx_word' id='word_1_585' title='bbox 445 2762 612 2787; x_wconf 74' lang='lat' dir='ltr'>tribuuntur.</span> 
     </span>
    </p>
   </div>
  </div>
 </body>
</html>
