2132 3067
229 1552 255 1572 Ὗ.
269 1555 323 1574 liil'.

208 2271 253 2289 lac.
265 2273 283 2291 “.’.
295 2273 327 2290 20.

351 160 391 191 84
751 162 903 189 LIBELLI
927 162 1124 189 BERNALDI
1147 161 1386 189 PRESBYTERI
1410 162 1596 190 MONACHL

351 251 505 294 Spiritum
529 256 674 282 sanctum
700 250 923 292 blasphemare
946 261 1009 281 non
1033 250 1237 281 desisterent.
1274 250 1422 292 Ipsorum
1447 261 1523 281 sane
1541 251 1723 282 diuturnam
1749 251 1994 284 obstinationem

350 303 537 333 iamdudum
562 303 667 333 acrius
692 301 894 343 plectendam
918 302 1060 332 nondum
1084 301 1194 333 debita
1217 302 1388 333 severitate
1412 303 1549 344 punivit,
1573 302 1628 334 sed
1652 302 1733 342 illos,
1757 308 1793 334 ut
1808 303 1921 335 saltem
1944 303 1997 334 ad-

349 354 410 384 huc
445 353 584 384 redirent
612 353 652 383 ad
685 364 748 393 cor,
780 357 913 394 paterno
949 353 1067 384 affectu
1096 354 1289 394 expectavit,
1319 358 1353 383 ut
1387 352 1436 384 vel
1475 354 1507 383 in
1546 353 1606 384 hoc
1635 365 1726 385 suam
1757 354 1994 386 damnationem

349 415 544 445 cognoscere
568 403 694 445 vellent,
718 415 789 435 cum
814 403 968 446 populum
992 416 1010 435 a
1034 403 1228 446 recipiendis
1252 414 1361 435 eorum
1386 404 1501 435 officiis
1528 405 1701 436 iustissime
1725 405 1920 447 prohibitum
1943 417 1997 438 ne-

347 467 422 497 gare
447 466 508 485 non
533 460 674 497 possent.
2014 465 2026 484 ⁵

453 515 527 546 XX.
575 516 734 546 Fortassis
762 520 868 546 autem
899 515 1016 557 aliquis
1045 515 1132 554 dicit,
1164 526 1222 546 cur
1250 521 1359 547 noster
1383 516 1562 557 Gregorius
1593 522 1656 546 tam
1685 517 1844 548 contraria
1866 522 1996 549 nostrae

347 567 569 598 consuetudini
593 572 711 598 statuta
735 567 900 598 observari
925 567 1135 608 praeceperit,
1159 577 1216 597 cur
1238 578 1302 597 non
1326 568 1434 609 potius
1457 572 1598 598 nostram
1617 568 1882 600 consuetudinem
1906 570 1997 611 quasi

347 618 545 649 misericordi
571 618 824 649 dissimulatione
848 618 999 649 tolerarit.
1046 617 1110 649 Sed
1134 617 1186 648 ille
1209 618 1330 658 audiat,
1355 618 1432 660 quid
1455 619 1568 650 beatus
1585 619 1670 650 Leo¹
1696 630 1791 662 papa,
1815 621 1869 662 qui
1892 631 1996 652 sacra-

347 670 470 700 tissimo
495 668 726 700 Calcedonensi
755 669 892 700 concilio
916 670 1044 711 prefuit,
1074 669 1238 710 decernat,
1271 670 1325 711 qui
1347 669 1513 701 Anatholii
1543 669 1681 712 presulis
1705 670 1998 713 Constantinopoli-

346 721 411 751 tani
435 721 710 762 presumptionem
735 721 888 752 cohibens
911 722 956 752 ita
980 721 1176 763 pronuntiat,
1205 721 1291 763 quod
1315 722 1347 752 in
1371 727 1494 753 reatum
1520 721 1656 752 Romani
1680 722 1842 763 pontificis
1866 722 1998 765 depute—
2017 731 2044 750 ¹⁰

346 777 406 812 tur,
431 773 457 802 si
482 772 640 803 institutio
664 783 822 804 canonum
848 777 904 804 eo²³
928 784 991 803 non
1015 772 1207 814 prohibente
1235 778 1266 804 et
1288 773 1320 803 in
1345 772 1406 803 hoc
1429 773 1519 815 quasi
1544 772 1736 804 conibenteb
1759 773 1878 805 alicubi
1901 774 1998 806 viole-

345 829 406 854 tur.
457 823 537 854 Item
566 824 805 854 sanctissimus⁰
835 825 932 854 nostri
964 823 1134 865 apostolici
1166 825 1370 855 omonimus²
1401 824 1546 855 scribens
1572 824 1693 855 Victori
1728 826 1881 867 episcopo
1915 825 1998 857 hanc

345 874 520 906 terribilem
551 882 582 906 et
608 875 791 916 generalem
823 876 1014 906 sententiam
1045 875 1192 917 protulit:
1227 875 1385 917 Quisquis
1413 876 1458 907 ad
1482 876 1538 907 hoc
1553 875 1698 915 facinus
1719 875 1872 908 videlicet
1893 887 1997 918 symo-

346 927 457 958 niacae
480 932 535 957 aut
552 926 779 968 neophitorum
805 927 953 958 hereseos
977 927 1215 958 emendandum
1233 928 1336 968 officii
1358 929 1412 958 sui
1434 928 1695 959 consideratione
1721 928 1916 960 vehementer
1931 940 1996 960 non

347 979 463 1009 arserit
473 978 496 1016 d,
521 989 589 1008 cum
614 979 687 1019 ipso
714 989 746 1009 se
769 979 908 1010 habeo-ee
932 990 996 1010 *non
1021 978 1160 1010 duhitets
1178 979 1373 1020 portionem,
1405 982 1425 1009 ὰ
1450 990 1510 1020 quo
1532 981 1631 1020 prius
1663 980 1719 1011 Ιιοο
1740 979 1916 1020 piaculare
1928 980 1996 1022 fla·
2018 987 2044 1007 1⁵

345 1030 484 1072 gitium&
507 1031 648 1071 sumpsit
669 1030 850 1061 wordiam.
896 1029 1000 1071 Igitur
1029 1035 1060 1061 et
1090 1029 1142 1061 ille
1166 1029 1376 1060 nihilominus
1399 1029 1559 1061 Ebionish
1587 1030 1810 1062 heresiarchae
1834 1032 1998 1074 particeps

345 1085 434 1112 esse¹³
465 1075 636 1122 detegitur,
665 1081 863 1123 quicumque
894 1092 952 1123 pro
981 1081 1092 1113 debito
1123 1081 1219 1112 officii
1248 1080 1332 1112 illius
1360 1081 1495 1112 heresim
1519 1081 1588 1113 veli
1615 1082 1775 1113 iudaicam
1798 1083 1998 1114 incontinen-

345 1133 421 1164 tiam
447 1132 608 1163 modernis
632 1132 858 1164 sacerdotibus
882 1132 1053 1174 prohibere
1076 1144 1138 1164 non
1163 1133 1331 1164 studuerit.
1370 1132 1445 1175 Ipsa
1461 1144 1591 1175 quoque
1613 1134 1831 1165 sacratissima
1847 1133 1995 1174 concilia,

346 1195 386 1215 ex
410 1183 527 1225 quibus
551 1189 669 1215 statuta
692 1184 792 1215 nostri
816 1183 988 1226 apostolici
1012 1184 1244 1227 profluxerant,
1272 1184 1353 1215 adeo
1377 1184 1576 1226 amplexatik
1600 1191 1675 1216 sunt
1697 1187 1800 1217 sancti
1824 1190 1942 1227 patres,
1963 1190 1999 1217 ut

345 1236 427 1266 sicut
459 1236 602 1276 ipsorum
632 1236 753 1277 scripta
786 1242 956 1276 testantur,
992 1237 1097 1278 potius
1128 1247 1162 1267 se
1191 1237 1279 1278 ipsos
1310 1235 1449 1266 diversis
1480 1237 1667 1268 tormentis¹
1700 1235 1812 1278 affligi,
1843 1237 1941 1268 immo
1965 1247 1999 1268 se
2019 1246 2046 1265 zo

345 1287 453 1329 potius
483 1286 654 1318 crudeliter
678 1287 783 1318 occidi
801 1288 1032 1329 permitterent,
1064 1299 1160 1330 quam
1177 1286 1387 1319 violatoribus
1405 1287 1582 1319 earundem
1599 1289 1801 1319 sanctionum
1819 1288 2002 1320 consentire

345 1337 471 1370 vellent.
518 1338 569 1370 Ob
607 1338 688 1369 hanc
718 1345 857 1380 nempea
892 1350 1021 1370 eausam
1052 1349 1187 1379 magnus
1218 1338 1416 1370 Athanasius
1444 1339 1625 1381 patriarcha
1654 1339 1896 1371 Alexandrinus
1928 1345 2001 1382 post

345 1389 489 1420 diversas
513 1389 712 1421 calamitates
735 1391 767 1420 in
791 1390 924 1422 exilium
948 1391 1150 1432 deportatur,
1182 1390 1222 1421 ob
1247 1390 1307 1422 hoe
1331 1391 1426 1422 etiam
1452 1390 1543 1422 Felix
1575 1402 1660 1432 papa
1683 1388 1848 1422 Romanus
1871 1391 1912 1422 ab
1935 1391 2001 1433 epi-

344 1447 479 1483 scopatu
503 1441 698 1484 depositusm
722 1443 876 1484 martyrio
900 1442 1018 1484 legitur
1041 1447 1236 1473 coronatus³
1259 1448 1290 1473 et
1306 1442 1397 1473 multi
1421 1443 1489 1474 eius
1512 1441 1694 1484 presbiteri,
1711 1442 1862 1474 diacones
1886 1448 1918 1474 et
1930 1442 2001 1474 reli—

343 1494 398 1535 qui
422 1505 462 1524 ex
486 1492 570 1524 clero
593 1494 689 1524 etiam
714 1494 797 1525 intra
827 1493 1016 1524 aecclesiam
1041 1493 1082 1525 ob
1099 1493 1234 1525 eandem
1258 1504 1398 1534 causam,
1423 1493 1501 1524 heu!
1525 1492 1748 1525 crudelissime
1767 1494 1868 1525 occisi
1891 1493 2001 1536 legun·
2019 1502 2047 1522 ²5

344 1550 405 1585 tur,
435 1544 601 1577 ‘videlieet
631 1545 707 1587 quia
737 1544 952 1576 sectatoribus
976 1545 1063 1576 Arrii
1092 1546 1124 1576 in
1152 1544 1326 1576 violatione
1350 1544 1464 1577 Niceni
1493 1544 1622 1576 concilii
1652 1546 1808 1576 assentire
1838 1544 2000 1578 nolebant.

346 1596 435 1627 Haec
465 1603 570 1628 autem
604 1602 636 1628 et
665 1596 846 1628 huiusmodi
877 1596 1124 1628 innumerabilia
1154 1607 1194 1627 ex
1225 1596 1472 1628 aecclesiasticis
1502 1597 1664 1628 historiisn
1695 1596 1815 1628 affatim
1849 1596 2001 1639 colligere

345 1648 476 1690 poteris.
523 1648 621 1680 Dicat
643 1659 720 1690 ergo
745 1649 882 1691 quiviso,
912 1647 1077 1690 quomodo
1109 1654 1216 1679 noster
1246 1648 1442 1690 apostolicus
1475 1649 1543 1679 sine
1570 1659 1628 1679 suo
1652 1647 1796 1690 periculo
1819 1647 1871 1679 vel
1894 1649 2000 1690 potius

346 1700 444 1731 exitio
469 1699 631 1741 negligere
655 1701 788 1742 possiti,
820 1700 897 1742 quin
920 1705 983 1730 tam
1009 1699 1243 1731 inevitabilium
1268 1700 1481 1740 sanctionum,
1504 1711 1566 1730 non
1595 1699 1667 1731 dico
1690 1699 1913 1742 violatoribus,
1944 1699 2000 1732 sed

346 1751 616 1792 inpugnatoribus
644 1763 684 1783 ex
713 1751 822 1783 debito
853 1752 951 1783 officii
976 1751 1026 1782 sui
1051 1751 1206 1787 obviaret,
1238 1751 1356 1794 quibus
1380 1752 1468 1793 ipsos
1491 1757 1620 1782 sanctos
1645 1756 1754 1793 patres
1777 1752 1874 1783 etiam
1898 1762 2002 1794 usque
2020 1759 2048 1780 ³⁰

346 1802 387 1833 ad
418 1804 608 1843 sanguinem
639 1804 793 1834 restitisse
823 1814 886 1834 non
917 1804 1092 1844 ignoraret.
1139 1803 1297 1842 Quamvis
1326 1803 1411 1834 enim
1436 1803 1532 1834 modo
1559 1803 1690 1845 quidam
1714 1814 1777 1834 non
1802 1809 1866 1834 tam
1890 1809 2001 1845 aperte

347 1864 419 1884 cum
445 1854 540 1885 Arrio
572 1860 604 1886 et
634 1855 763 1897 reliquis
793 1855 1006 1886 heresiarchis
1036 1854 1132 1885 fidem
1163 1861 1348 1886 sauctorum
1374 1860 1500 1896 patrum
1526 1855 1725 1896 impugnent,
1758 1860 1864 1886 tamen
1889 1865 2000 1886 eorum

348 1905 522 1936 moralibus
553 1907 682 1937 statutis
714 1917 787 1937 cum
817 1907 887 1948 ipsa
917 1906 1046 1948 quidem
1080 1906 1141 1937 fide
1174 1917 1231 1948 per
1260 1906 1390 1937 eosdem
1421 1910 1550 1937 sanctos
1581 1912 1690 1948 patres
1718 1905 1830 1937 eodem
1856 1903 2000 1948 tempore

347 1957 458 1988 eadem
483 1956 721 1999 subscriptione
744 1959 904 1990 roboratis
929 1957 1090 1989 obstinate
1114 1959 1276 1997 resistunt,
1308 1968 1389 1999 quae
1417 1964 1447 1989 et
1470 1968 1541 1988 cum
1566 1956 1678 1988 eadem
1703 1956 1766 1988 fide
1791 1968 1831 1988 ex
1854 1957 2001 1989 sacratis-

347 2009 428 2039 simo
452 2010 538 2040 fonte
563 2010 797 2051 scripturarum
815 2015 1056 2040 emanaverunt.
1092 2009 1157 2041 Sed
1182 2010 1214 2040 in
1239 2009 1298 2040 hac
1316 2019 1425 2040 eorum
1451 2008 1683 2040 nefandissima
1705 2008 1880 2040 rebellione
1903 2009 1999 2041 etiam
2019 2017 2046 2037 ³⁶

347 2060 452 2101 ipsam
484 2060 579 2091 tidem
611 2068 795 2092 sanctorum
826 2067 953 2103 patrum
984 2061 1162 2102 probantur
1195 2060 1372 2099 annullare,
1407 2071 1478 2091 cum
1510 2061 1541 2090 in
1575 2060 1746 2091 autenticis
1777 2061 2000 2091 sanctionibus

348 2112 572 2143 auctoritatem
609 2112 733 2143 illorum
768 2123 826 2154 pro
861 2103 964 2143 nihilo'
995 2113 1144 2151 ducantq,
1175 2113 1229 2154 qui
1259 2119 1289 2143 et
1320 2111 1417 2142 tidem
1448 2123 1505 2143 sua
1535 2112 1728 2142 auctoritate
1760 2111 1999 2144 firmaverant'.

347 2162 537 2193 Nullatenus
572 2174 647 2194 sane
680 2163 775 2194 alicui
811 2164 892 2194 fides
922 2170 1105 2195 sanctorum
1138 2170 1265 2205 patrum
1297 2164 1450 2205 proderit,
1481 2164 1535 2205 qui
1565 2174 1676 2194 eorum
1707 2163 1872 2194 canonicis
1902 2169 1999 2205 atque

348 2214 522 2245 moralibus
547 2216 707 2256 preceptis
732 2226 794 2245 non
819 2214 961 2256 obedire,
989 2215 1043 2246 sed
1070 2216 1274 2256 pertinaciter
1302 2216 1448 2246 resistere
1473 2215 1639 2246 studuerit.
1684 2214 1776 2251 Nam,
1806 2221 1840 2246 ut
1863 2214 2000 2246 Iacobus

347 2265 445 2296 frater
479 2266 608 2296 Domini
644 2273 790 2297 testatur:
826 2267 921 2298 Fides
956 2268 1027 2297 sine
1055 2267 1206 2307 operibus
1238 2272 1365 2297 mortua
1396 2271 1451 2306 est,
1481 2266 1606 2308 qualem
1638 2271 1669 2297 et
1699 2266 1851 2297 demones
1882 2266 2000 2298 habere
2016 2274 2046 2294 ⁴⁰

348 2316 474 2347 fatetur.
520 2317 590 2347 Non
621 2329 696 2357 ergo
726 2319 828 2348 minus
864 2323 932 2349 csta
965 2317 1180 2349 resistendum
1217 2318 1439 2359 pertinacibus
1473 2318 1726 2349 autenticarumS
1760 2318 1999 2349 institutionum

460 2457 485 2474 ns
510 2449 577 2471 dvm*
600 2450 623 2472 2.
701 2452 725 2475 b.
750 2452 909 2474 connivente
932 2453 962 2474 ti.
1039 2459 1061 2474 c:
1084 2451 1216 2474 sunctiiss.
1240 2451 1262 2474 ’3,
1340 2450 1365 2473 ‹li
1390 2458 1463 2474 assur
1493 2451 1517 2474 4.
1586 2450 1613 2473 el
1635 2458 1689 2473 non
1710 2450 1733 2473 d.
1757 2450 1781 2474 h.
1810 2450 1841 2476 G.
1909 2450 1928 2480 f)
1951 2451 1998 2475 du-

351 2496 416 2519 bitat
438 2498 460 2519 ’.3.
562 2504 587 2527 ιζ»
618 2496 657 2519 vel
680 2497 777 2520 crimwn
799 2497 862 2519 (144,
886 2498 909 2519 2.
932 2498 963 2521 (ν’.
1060 2497 1088 2520 hl
1111 2497 1176 2520 Heb.
1198 2497 1222 2519 3.
1245 2498 1268 2519 4.
1365 2497 1382 2522 i)
1404 2496 1429 2519 id
1452 2500 1491 2519 ost
1512 2498 1536 2520 4.
1614 2497 1641 2521 ki
1663 2496 1777 2527 amplexi
1799 2495 1830 2520 G.
1924 2496 1944 2526 l)
1967 2504 1999 2521 ez

349 2542 522 2565 snei-numnis
554 2551 618 2565 ναν-ν.
649 2542 671 2565 ’2.
766 2550 800 2566 ml
831 2544 955 2573 expulsus
983 2544 1010 2567 4.
1042 2543 1069 2566 l·'.
1101 2544 1131 2565 (ι’,
1227 2548 1255 2565 nl
1283 2542 1349 2572 hyst.
1376 2543 1400 2566 3.
1478 2543 1505 2565 ω’)
1532 2551 1563 2565 ω·
1591 2543 1648 2574 quis
1680 2551 1745 2566 corr.
1771 2542 1802 2572 3;
1829 2543 1887 2574 quis
1912 2542 1938 2567 4.
1966 2541 1998 2566 G.

351 2595 377 2618 p*
402 2592 490 2618 posset
512 2589 536 2610 «1,
553 2588 582 2609 (ι’.
642 2596 666 2618 q>
688 2588 785 2611 ducunt
808 2590 836 2616 ’ἐς
862 2588 884 2611 in
907 2590 920 2609 3
945 2588 1041 2611 abhinc
1062 2592 1173 2619 ‹snut-tu«-
1196 2587 1319 2610 ‘iim-irin<
1342 2588 1455 2619 snt-spicit.
1514 2595 1537 2611 rt
1559 2588 1676 2612 confirm.
1699 2588 1728 2611 G.
1787 2590 1814 2613 s)
1833 2592 1951 2612 anetem.
1973 2588 1997 2612 2.
2017 2590 2045 2610 45

463 2714 487 2737 1«
515 2712 604 2746 lz'pist.
634 2712 698 2744 104,
724 2713 766 2737 ed.
795 2713 899 2738 lta‘ler.
926 2713 948 2738 I.
974 2714 1024 2738 ρκ’.
1045 2712 1140 2740 1149.-
1165 2713 1242 2744 -Jabgi‘e'
1267 2722 1307 2738 nr.
1327 2713 1396 2739 481.
1486 2714 1515 2738 :Jl
1539 2713 1600 2739 Lib.
1619 2713 1690 2745 XII,
1716 2721 1758 2747 ep.
1783 2712 1831 2745 29,
1859 2711 1930 2747 Opp.
1954 2712 1996 2746 II,

353 2764 403 2789 col.
425 2764 520 2795 Plus»,-
543 2763 619 2795 Jriffv
645 2772 684 2789 nr.
708 2764 794 2788 18:³1¹).
884 2766 911 2787 :il
944 2764 971 2789 Γ.
998 2764 1056 2791 Lib.
1079 2763 1192 2797 pontif..
1219 2765 1259 2790 eal.
1289 2764 1434 2790 lun-lnam
1458 2765 1479 2795 I,
1501 2774 1531 2798 p.
1558 2764 1627 2796 211,
1652 2773 1677 2790 n.
1704 2764 1731 2797 5,
1763 2772 1817 2798 qua
1834 2762 1942 2796 sabula
1964 2764 1998 2790 de

355 2815 486 2848 υμῖν-[9140
510 2815 613 2840 Γεῖίνίς
639 2815 676 2841 II.
703 2814 850 2846 rqr'elli‘tnr.
