2132 3067
53 708 79 726 10

54 964 80 984 15

53 1221 80 1240 20

54 1477 81 1496 25

55 1733 81 1752 3⁰

54 1990 81 2010 ³⁵

55 2247 83 2266 40

564 145 805 173 ORTHODOXA
831 145 1019 172 DEFENSIO
1042 144 1273 171 IMPERIALIS.
1685 141 1742 171 541

100 236 158 267 dus
193 235 353 265 Romanos
388 245 563 276 omnesque
598 234 728 265 Italicos
763 232 1043 273 Constantinopoli
1080 244 1213 273 pergere
1244 239 1341 274 atque
1378 232 1518 263 Leonem
1552 237 1747 273 augustuma

100 286 242 317 volentes
273 285 452 316 interficere
483 291 515 316 et
544 284 640 315 alium
671 285 898 325 imperatorem
935 283 1053 324 eligere
1083 285 1316 325 001npescuit1.
1362 284 1506 314 Iusserat
1541 285 1624 314 enim
1663 284 1746 314 idem

99 339 274 379 imperator
290 348 396 367 sacras
420 336 599 377 imaginesb
624 336 741 376 deponi
768 342 799 365 et
824 336 921 375 impie
945 335 1143 366 concremari
1168 341 1199 365 et
1220 335 1378 376 prefatum
1396 335 1584 376 pontificem
1610 336 1691 366 sibic
1715 337 1747 366 in

99 389 159 420 hoc
182 399 245 419 non
270 388 472 419 obedientem
497 386 668 418 crudeliter
693 386 807 417 occidi.

203 439 232 470 9.
279 439 429 470 Preterea
445 444 519 468 sunt
542 445 571 468 et
590 437 689 468 multa
706 443 888 467 sanctorum
910 442 1036 477 patrum
1055 436 1143 467 dicta
1166 443 1195 467 et
1212 442 1316 476 gesta,
1340 437 1555 475 concordiam,
1580 448 1692 478 pacem
1717 444 1748 468 et

99 491 291 533 pacientiam
314 501 392 521 voce
415 494 446 520 et
467 495 540 520 actu
564 488 783 519 indubitanter
800 488 1048 528 proclamantia3
1074 488 1190 528 quihus
1208 487 1370 523 docemur,
1394 489 1476 519 sicut
1499 489 1530 518 in
1548 489 1599 520 die
1616 489 1748 520 honeste

98 541 297 573 ambulemus
321 547 353 571 et
376 547 410 571 ut
433 551 497 570 non
520 539 797 580 transgrediamur
820 539 972 569 terminos
991 544 1116 579 patrum
1133 544 1324 569 nostrorum.
1371 539 1434 578 Qui
1452 550 1527 570 vero
1545 539 1748 571 sublimiores

98 593 261 635 principes
285 591 433 622 maluerit
451 591 666 621 condemnare
691 598 720 620 et
737 590 890 620 honorem
916 601 933 619 a
950 590 1021 620 Deo
1046 589 1107 619 illis
1131 596 1186 619 aut
1204 589 1312 620 datum
1337 596 1391 619 aut
1408 592 1597 631 permissum
1623 592 1747 622 auferre

98 645 200 685 magis
225 654 321 685 quam
345 654 455 673 eorum
481 642 600 673 offensa
625 648 764 682 portare,
794 641 920 671 noverit
949 651 981 671 se
1006 646 1119 670 contra
1143 639 1276 670 Domini
1300 650 1452 682 precepta
1479 647 1510 672 et
1532 648 1603 673 acta
1627 648 1750 674 sancto-

97 706 233 737 rumque
263 695 469 725 auctoritates
499 698 696 734 perpetrare.
749 692 843 723 Unde
879 692 904 721 si
938 692 971 722 in
1001 702 1098 732 grave
1129 691 1280 722 delictum
1315 698 1346 722 et
1380 703 1496 733 penam
1526 694 1660 724 incurrit
1694 694 1749 735 qui

97 747 200 778 aliena
216 756 412 788 quamquam
429 745 562 775 minima
585 744 677 784 tollit,
701 749 732 774 et
754 744 814 774 nisi
838 743 936 783 digne
960 742 1116 777 emendet.
1141 743 1355 783 penitenciam
1379 744 1524 784 accipere
1548 755 1610 774 non
1634 750 1750 786 potest,

99 797 196 829 multo
226 797 364 838 amplius
395 797 449 838 qui
478 806 612 837 regnum
651 795 721 836 regi
750 799 781 825 et
808 795 981 835 imperium
1018 794 1204 834 imperatori
1241 794 1367 824 auferre
1406 800 1549 833 conatur,
1584 796 1749 826 catholicis

99 849 320 880 sanctionibus
343 848 423 879 eritd
453 858 511 888 per
535 848 641 877 omnia
665 847 851 886 detestatus,
880 845 956 876 licet
984 846 1085 886 iniqui
1113 845 1240 875 fuerint.
1286 844 1399 876 Melius
1430 851 1477 876 est
1505 847 1587 876 enim
1621 847 1750 888 iniquae

99 901 250 943 potestati
278 901 397 931 iustum
426 898 636 940 debitumque
666 897 818 928 exhibere
848 897 1001 927 honorem
1034 907 1128 938 quam
1154 896 1218 926 Dei
1246 906 1358 936 pacem
1389 896 1523 927 eclesiae
1554 898 1651 938 impie
1683 909 1750 939 per-

98 953 241 990 turbare,
273 951 348 993 quia
380 961 542 992 nunquam
571 949 708 991 legimus
739 949 878 990 aliquem
910 947 1122 989 apostolicum
1154 958 1246 987 reges
1281 946 1332 977 vel
1366 947 1577 988 imperatores
1609 960 1750 990 unquam

99 1003 254 1034 tirannice
277 1002 476 1043 deposuisse,
508 1012 580 1031 cum
613 1001 716 1042 magis
738 1001 906 1030 verissime
935 999 1091 1040 legamus,
1121 1009 1217 1040 quam
1249 1008 1324 1039 sepe
1354 998 1510 1039 plurimos
1542 1000 1750 1040 imperatores

100 1053 257 1096 quosdam
280 1052 472 1094 apostolicos
497 1052 702 1083 confirmasse
732 1057 763 1082 et
786 1052 846 1082 sibi
875 1052 943 1082 iure
968 1050 1102 1092 placitos
1125 1050 1340 1080 constituisse.
1386 1050 1472 1088 Quie
1496 1062 1571 1081 vero
1596 1051 1750 1082 malorum

98 1105 234 1137 adversa.
262 1104 444 1146 principum
475 1103 656 1134 substinere
686 1103 807 1144 nequit,
842 1103 868 1133 si
900 1103 939 1133 de
970 1102 1084 1143 capitis
1115 1107 1163 1131 est
1193 1099 1355 1140 membris,
1390 1101 1574 1141 exemplum
1606 1103 1753 1144 sequitur

100 1155 229 1196 Christi,
265 1156 319 1197 qui
350 1156 485 1196 impium
517 1154 680 1185 Herodem
715 1154 799 1194 fugit
832 1159 864 1184 et
898 1164 916 1183 a
947 1152 1055 1183 Iudeis
1090 1163 1123 1183 se
1146 1151 1291 1194 lapidare
1327 1151 1516 1183 volentibus
1550 1152 1718 1184 abscondit
1731 1154 1751 1184 s.

99 1207 203 1238 Aliter
230 1212 339 1238 autem
371 1207 397 1237 si
421 1207 499 1247 agit,
531 1210 638 1246 caput,
670 1205 755 1246 qnod
784 1215 848 1235 non
872 1205 1026 1245 sequitur,
1059 1203 1202 1234 offendit.
1248 1202 1391 1245 Ideoque
1416 1203 1537 1244 precidi
1561 1204 1690 1236 videtur
1714 1204 1752 1235 de

99 1269 235 1300 corpore
252 1257 382 1291 Christi.
427 1257 498 1288 Non
524 1257 608 1288 enim
631 1256 801 1288 attendunt
816 1255 954 1297 apostoli
971 1256 1109 1285 dictum:
1132 1255 1197 1285 Aut
1213 1254 1345 1285 solliciti
1366 1256 1433 1285 sim
1448 1266 1580 1286 servare
1596 1258 1750 1287 unitatem

100 1310 252 1352 Spiritus
274 1310 311 1340 in
335 1309 465 1340 vinculo
486 1309 593 1349 pacis.

207 1361 256 1392 10.
301 1359 391 1391 Haec
413 1359 534 1390 idcirco
558 1359 667 1390 omnia
690 1359 940 1400 prenotavimus,
964 1363 999 1388 ut
1016 1357 1122 1388 Deum
1145 1357 1348 1388 solummodo
1371 1359 1622 1399 omnipotentem
1640 1369 1751 1399 regno-

100 1423 171 1443 rum
194 1416 226 1443 et
248 1412 378 1453 imperii
402 1411 610 1452 omniumque
635 1414 830 1452 potestatum
862 1410 1088 1447 ordinatorem,
1121 1420 1344 1440 concessorem
1374 1409 1662 1450 translatoremque
1691 1410 1753 1440 evi-

100 1463 296 1495 dentissimis
320 1468 503 1493 sanctorum
529 1461 758 1492 catholicorum
784 1461 986 1491 documentis
1011 1461 1265 1491 ostenderemus.
1311 1461 1486 1492 ordinatas
1510 1465 1616 1492 autem
1641 1471 1659 1490 a
1682 1460 1753 1491 Deo

100 1519 274 1557 potestates
298 1515 353 1556 qui
375 1513 590 1544 condemnare
615 1513 665 1544 vel
687 1513 863 1543 secundum
888 1511 1068 1553 apostolum
1093 1512 1138 1543 eis
1162 1513 1310 1543 resistere
1335 1514 1501 1553 presumit,
1526 1512 1597 1542 Deo
1621 1513 1753 1553 eiusque

100 1566 294 1598 ordinationi
318 1566 450 1605 resistit,
482 1565 580 1606 quiag
603 1575 667 1595 non
691 1570 739 1595 est
763 1569 905 1605 potestas
929 1564 990 1593 nisi
1013 1575 1032 1594 a
1054 1563 1136 1602 Deo7
1168 1569 1198 1594 et
1221 1563 1295 1594 licet
1318 1563 1401 1593 mala
1426 1564 1466 1593 sit
1490 1568 1641 1605 potestas,
1671 1563 1755 1593 sicut

101 1618 178 1650 Saul
199 1616 250 1648 vel
274 1617 357 1648 sicut
379 1616 680 1647 Nabuchodonosor
704 1621 735 1647 et
757 1615 847 1646 multi
871 1615 925 1646 alii
949 1619 1022 1645 ante
1046 1615 1241 1645 advenctum
1266 1615 1398 1645 Domini
1422 1615 1454 1645 in
1484 1615 1597 1646 diebus
1620 1614 1754 1656 prophe-

100 1675 216 1708 tarum,
254 1674 285 1699 et
322 1673 394 1710 post
427 1667 621 1698 advenctum
658 1667 791 1697 Domini
830 1666 1030 1707 temporibus
1064 1666 1283 1707 apostolorum
1315 1677 1492 1707 eorumque
1531 1676 1752 1696 successorum

101 1720 353 1752 orthodoxorum
377 1719 516 1754 fuerunt,
546 1718 650 1749 nullus
674 1724 782 1749 tamen
814 1729 884 1748 eain
909 1717 1123 1749 condemnare
1144 1717 1195 1748 vel
1227 1718 1255 1748 ei
1279 1718 1416 1759 vectigal
1447 1717 1496 1748 vel
1527 1727 1659 1747 censum
1687 1719 1754 1747 sive

101 1771 245 1803 debitum
270 1771 422 1802 honorem
447 1776 651 1801 contemnere
668 1769 773 1808 debet,
797 1769 961 1800 maximeh
985 1779 1057 1799 cum
1082 1769 1231 1800 dominus
1249 1768 1398 1800 Christus
1422 1775 1453 1799 et
1476 1769 1629 1809 magister
1646 1773 1755 1798 noster

101 1835 159 1865 pro
187 1834 220 1854 se
243 1823 397 1854 tributum
429 1821 564 1852 reddere
594 1827 641 1852 est
671 1821 833 1861 dignatus,
879 1820 913 1851 Si
944 1821 1028 1851 enim
1059 1821 1128 1861 ipse
1152 1820 1303 1860 reddidit,
1335 1821 1388 1862 qui
1420 1831 1478 1861 pro
1507 1819 1600 1850 nobis
1631 1830 1755 1861 pauper

101 1875 207 1907 extitit
230 1874 373 1916 nihilque
401 1874 434 1904 in
458 1873 518 1903 hoc
542 1871 651 1904 seculo
677 1872 831 1913 possedit,
863 1872 935 1913 quis
959 1871 1099 1912 demens,
1131 1873 1203 1914 quis
1227 1882 1350 1910 vecors,
1381 1872 1453 1912 quis
1485 1870 1600 1901 stultus
1625 1870 1754 1901 Christo

101 1926 280 1968 religiosior
319 1930 373 1956 aut
406 1925 575 1956 sublimior
604 1923 655 1954 vel
692 1935 762 1954 esse
800 1928 936 1964 temptet
966 1922 1128 1953 sanctior?
1172 1923 1214 1954 Et
1249 1923 1319 1964 quis
1354 1928 1528 1964 prepotens
1562 1923 1630 1952 sine
1664 1923 1756 1962 gravi

101 1977 275 2009 offensione
298 1977 330 2007 in
354 1977 459 2007 Deum
484 1975 698 2007 condemnare
722 1980 829 2016 potest
851 1985 934 2014 eum,
959 1985 1052 2016 quem
1076 1974 1167 2005 Deus
1192 1975 1405 2015 omnipotens,
1430 1974 1485 2014 qui
1509 1973 1638 2004 celestia
1661 1973 1756 2003 simul

101 2035 133 2060 et
161 2034 288 2060 terrena
311 2027 506 2067 moderatur,
537 2025 750 2057 inextimabili
781 2025 984 2067 providentia
1013 2026 1146 2056 suffert?
1195 2025 1346 2067 Denique
1378 2026 1446 2066 ipse
1475 2024 1561 2055 solus
1591 2024 1756 2056 ordinator

102 2085 134 2112 et
161 2081 223 2111 sibi
252 2084 396 2121 tempore
423 2078 542 2120 placito
573 2078 795 2118 cuiuscunque
824 2077 993 2118 potestatis
1023 2077 1234 2117 interemptor
1264 2081 1313 2107 est
1343 2082 1373 2106 et
1403 2075 1583 2116 translator,
1615 2076 1691 2118 quia
1721 2076 1753 2106 in

102 2142 199 2162 manu
222 2132 290 2162 eius
314 2135 388 2161 sunt
411 2140 522 2160 omnes
550 2129 629 2159 fines
658 2134 760 2159 terrae
784 2134 815 2159 et
838 2129 907 2169 ipse
931 2128 1093 2158 omniumi
1120 2128 1231 2158 flatum
1261 2128 1437 2158 viventium
1469 2128 1622 2158 continet.
1671 2127 1753 2162 Quis

102 2184 186 2215 enim
209 2183 360 2224 cognovit
381 2193 510 2212 sensum
528 2181 689 2212 Domini?
712 2184 768 2209 aut
793 2181 866 2220 quis
889 2179 1103 2211 consiliarius
1131 2179 1309 2219 eiusfuit?
1355 2179 1436 2217 Quis
1454 2179 1656 2209 Faraonemk
1680 2178 1754 2209 sub-

103 2233 237 2265 mersit?
274 2233 354 2272 Quis
377 2231 679 2263 Nabuchodonosor
703 2231 743 2262 ab
766 2229 951 2261 hominibus
975 2230 1091 2261 eiecit?
1128 2230 1209 2269 Quis
1235 2229 1419 2262 Olofernem
1450 2229 1634 2260 interemit?
1675 2230 1755 2268 Quis

102 2284 274 2316 Balthasar
303 2283 488 2314 interfecit?
550 2282 631 2321 Quis
665 2283 760 2313 etiam
792 2282 1033 2321 antichristum,
1075 2282 1136 2312 nisi
1167 2282 1222 2323 qui
1254 2281 1456 2322 omnipotens
1488 2286 1550 2314 est,
1586 2281 1757 2311 interficiet

103 2336 219 2378 spiritu
242 2335 306 2366 oris
330 2335 379 2365 sui
401 2335 451 2365 etl
478 2333 622 2364 destruet
644 2333 854 2364 illustratione
879 2333 1036 2363 adventus
1059 2332 1131 2363 sui?
1176 2332 1241 2363 Sed
1272 2333 1326 2374 qui
1358 2333 1465 2362 onmia
1495 2332 1574 2363 haec
1604 2337 1756 2373 operatus

104 2392 152 2419 est
181 2388 299 2418 virtute
328 2386 452 2427 potenti
483 2385 566 2416 sicut
595 2384 706 2424 voluit,
737 2384 821 2415 idem
851 2384 920 2425 ipsc
949 2384 1060 2414 divina
1082 2384 1321 2424 dispensatione
1346 2383 1495 2414 Pontium
1521 2382 1660 2414 Pilatum
1684 2383 1756 2414 sub«

105 2439 227 2470 stinuit.
271 2437 421 2478 Denique
445 2437 568 2467 Pilatus
592 2435 723 2466 domino
748 2434 875 2465 Christo
899 2435 1044 2465 dicebat:
1067 2435 1191 2474 Nescis,
1215 2436 1294 2476 quia
1316 2440 1505 2475 potestatem
1529 2434 1627 2465 liabeo
1650 2437 1754 2466 cruci-

58 2501 86 2521 45
98 2490 203 2532 figere
230 2494 259 2520 te
283 2494 309 2519 et
332 2493 520 2529 potestatem
549 2488 648 2518 habeo
673 2487 859 2518 dimitterem
883 2491 920 2516 te.
966 2485 1026 2516 Oui
1051 2485 1216 2516 Christus:
1248 2485 1324 2516 Non
1350 2486 1483 2516 haberes
1503 2490 1690 2527 potestatem
1719 2487 1754 2516 in

63 2804 90 2823 ⁵0

106 2552 164 2581 me,
193 2541 262 2572 nisi
289 2540 429 2580 desuper
457 2539 516 2570 tibi
543 2539 653 2569 datum
676 2537 810 2578 fuisset.
856 2536 946 2575 Quae
969 2547 1045 2567 vero
1075 2537 1164 2577 peior
1195 2542 1337 2577 potestas
1362 2536 1476 2576 Pilato,
1506 2538 1560 2579 qui
1590 2537 1755 2567 dominum

219 2630 247 2661 a)
268 2633 353 2661 agust.
375 2637 394 2654 c.
467 2629 496 2655 b]
516 2629 648 2660 imaginas
670 2637 690 2652 c.
758 2629 782 2659 e)
799 2631 860 2658 post
880 2627 968 2659 suppl.
988 2637 1009 2651 c.
1082 2627 1109 2658 d)
1129 2628 1182 2651 exit
1201 2629 1243 2651 αἳ
1318 2628 1344 2658 e)
1365 2628 1442 2657 Quod
1464 2628 1504 2651 c.?
1569 2627 1590 2653 sl
1612 2635 1666 2651 asc.
1688 2635 1754 2651 corr.

109 2676 180 2700 absc.
201 2684 222 2700 c.
307 2676 335 2706 g)
357 2673 372 2708 ᾇ
392 2683 412 2699 c.
497 2675 524 2705 h)
547 2675 632 2705 magis
653 2674 684 2699 G.
769 2674 788 2700 ἰ)
811 2681 916 2697 omnem
937 2673 968 2697 G.
1054 2673 1082 2703 k)
1104 2673 1228 2697 faraones
1248 2681 1271 2698 c.
1293 2673 1338 2704 (ἲ),
1359 2674 1496 2697 faraonem
1517 2673 1549 2697 G.
1634 2673 1654 2704 l)
1676 2676 1702 2697 et
1723 2687 1750 2689 —

110 2722 150 2746 sui
170 2721 197 2745 in
217 2729 301 2753 marg).
322 2721 409 2752 suppl.
430 2729 452 2744 c.
529 2722 565 2752 m)
586 2720 723 2744 dimictere
744 2728 765 2743 c.

219 2794 245 2829 1)
271 2794 315 2827 Cf.
339 2795 424 2820 Liber
444 2797 522 2827 pont.
546 2795 589 2820 ed.
614 2793 763 2820 Duchesne
786 2793 811 2823 I,
831 2801 861 2826 p.
880 2792 1056 2819 404—405.

1773 1269 1829 1292 Eph.
1840 1270 1860 1289 4,
1871 1270 1890 1287 3.

1774 1523 1889 1541 Rom.13.1
1905 1523 1916 1541 2

1774 2088 1810 2108 ΡΞ.
1821 2088 1856 2109 94,
1865 2089 1884 2106 4.

1772 2140 1836 2159 Rom.
1847 2141 1926 2165 11‚34.

1777 2294 1927 2318 of.l·)an.5,30.

1778 2433 1823 2451 Isth,
1837 2433 1870 2455 19,

1779 2464 1811 2481 lll.
1823 2463 1857 2480 ΙΙ,
