2101 3072
61 728 87 748 1⁰

62 988 88 1006 15

61 1287 88 1306 20

62 1568 88 1588 25

62 1827 88 1845 3⁰

63 2061 90 2081 35

63 2319 92 2338 oto

65 2601 93 2621 45

446 161 631 188 GOFFRIDI
656 161 820 187 ABBATIS
845 160 1143 188 VINDOCINENSIS
1167 161 1352 188 LIBELLUS
1377 162 1412 188 V.
1691 158 1752 187 693

107 251 260 283 aecclesia
284 251 401 281 scisma
425 250 601 280 seminetur
626 249 836 291 plurimorum
849 256 872 280 ³.
918 250 958 280 Et
990 249 1216 280 beatissimusb
1240 251 1352 281 doctor
1377 258 1407 281 et
1432 257 1554 292 martyr
1578 250 1751 292 Cipi-ianus

107 303 230 341 asserit,
255 302 406 333 dicens1:
438 301 566 332 Sci'sma
593 314 655 332 non
680 307 724 331 est
737 301 947 342 faciendum,
971 303 1099 332 etiamsi
1124 304 1157 332 in
1182 303 1290 333 eadem
1309 303 1379 342 fide
1403 308 1430 333 et
1454 304 1489 333 in
1514 304 1621 333 endem
1647 302 1751 332 tradi-
1773 315 1921 334 inclamo.

106 357 191 385 tione
215 365 278 385 non
302 358 492 394 permaneat
516 354 572 394 qui
595 352 724 383 recedit.
773 353 812 383 Et
829 352 979 383 Salomon
1002 354 1032 383 in
1050 353 1294 396 Igjcclesiastiec:
1320 354 1482 384 Sci'mlens
1505 354 1597 395 liqna
1620 354 1751 395 pericli-

107 407 228 437 tabitur
251 407 285 436 ίη
310 408 366 443 ez'S,
390 406 420 435 si
443 404 757 444 e.1‘ci(ler1'tferrum.
802 404 881 434 Item
907 405 937 434 in
963 404 1097 434 Exodo:
1128 406 1162 434 In
1189 405 1279 435 (Immo
1303 417 1372 435 unas
1396 407 1595 435 comedam:
1621 417 1681 435 non
1709 406 1749 435 ei·
1772 416 1906 436 amiam.

107 459 197 490 ciett's
222 457 259 487 de
284 457 376 487 domo
400 467 531 486 carnem
546 456 659 496 form.
708 455 756 486 Ex
782 455 897 494 quibus
914 456 1021 486 verbis
1047 455 1208 496 colligitur
1231 468 1301 486 cum
1329 468 1390 486 non
1408 456 1749 487 excommunicandum

106 521 175 542 esse
199 509 252 551 qui
277 507 516 538 multitudinem
538 506 632 537 habet
649 518 768 545 secum,
793 518 842 541 ne,
866 507 941 537 dum
968 518 1063 537 unum
1083 508 1245 547 corrigere
1270 509 1412 547 nitimur,
1436 508 1573 549 perditio
1598 508 1652 538 fiat
1676 507 1753 537 mul-

106 567 220 593 torum.
266 559 336 590 Hoc
359 559 478 590 etiam⁰
504 559 683 589 ieronimus
706 558 746 588 ad
772 559 986 599 Augustinum
1013 559 1133 597 scribit,
1162 559 1305 597 dicens²‚
1336 559 1420 601 quod
1446 559 1621 589 secundum
1647 558 1753 589 beato-

107 624 176 644 rum
208 611 424 653 apostolorum
457 610 543 640 Petri
575 615 606 640 et
633 609 723 640 Pauli
759 610 962 651 prudentiam
996 611 1331 652 dispensationemque
1364 611 1544 648 honestam,
1582 610 1753 652 aliquando

107 665 174 695 fieri
199 674 329 694 necesse
353 669 400 693 est
424 662 509 704 quod
534 663 603 692 iure
627 661 883 703 reprehenditur,
907 673 947 691 ne
971 661 1164 692 christianae
1189 662 1273 703 plebi
1300 662 1395 693 fideid
1419 663 1603 693 scandalum
1623 663 1752 692 oriatur.

107 716 187 746 Nam
213 720 347 757 propter
369 718 489 744 metum
514 713 718 751 Iudaeorum,
742 724 781 743 nc
806 714 866 754 ipsi
891 713 1195 750 scandalizarentur,
1220 720 1249 744 et
1271 713 1388 744 Paulus
1414 721 1485 755 post
1508 714 1752 744 conversionem

106 767 311 798 Timotheum
329 766 554 796 circumcisum
573 765 658 802 fecit,
682 770 713 795 et
730 765 947 795 caeremonias
965 766 1058 796 etiam
1078 766 1221 796 exercuit
1238 765 1441 803 Iudaeorum,
1465 772 1495 795 et
1514 766 1625 796 Petrus
1650 765 1755 805 coegit
1776 776 1825 795 Act.
1838 776 1900 799 nas.

107 818 264 861 quosdam
289 818 452 848 iudaizare
476 816 654 858 gentilium,
687 822 822 857 uterque
846 822 975 847 sanctus
1000 816 1164 858 apostolus
1188 817 1341 848 simulans
1366 828 1398 847 se
1423 819 1539 847 veteris
1564 817 1643 857 legis
1667 828 1755 857 prae>

107 877 201 912 cepta
224 880 364 909 servare,
388 880 428 899 ne
452 870 505 911 qui
531 867 641 898 fideles
666 879 706 899 ex
722 868 852 898 Iudaeis
877 868 950 899 facti
975 868 1099 898 fuerant
1124 874 1304 909 susceptam
1322 869 1468 899 veritatis
1492 869 1641 898 noticiam
1668 879 1755 897 scan-

108 921 236 952 dalizati
260 926 428 962 negarent.
474 921 634 951 Fecerunt
664 919 724 950 hoc
755 920 856 950 sancti
889 919 1024 960 apostoli
1056 920 1256 950 misericordi
1286 926 1316 950 et
1339 921 1393 961 pia
1425 921 1661 961 compassione.
1693 931 1755 950 non

108 972 312 1004 simulatione
335 972 450 1011 fallaci,
479 972 626 1014 quamvis
656 971 757 1012 legem
791 977 864 1013 post
888 971 1091 1012 euangelium
1118 983 1180 1002 non
1205 983 1276 1003 esse
1299 972 1487 1002 servandam
1513 972 1641 1002 minim<¹
1667 970 1757 1001 dubi-

108 1030 221 1057 tarent.
259 1024 323 1056 Ubi
349 1024 557 1055 beatissimae
581 1025 666 1055 vitae
688 1025 748 1054 viri
773 1023 996 1063 intelliguntur
1019 1034 1081 1053 non
1107 1023 1234 1065 quidem
1260 1029 1475 1054 commutasse
1499 1023 1675 1059 consilium,
1701 1022 1755 1052 sed

107 1077 147 1108 ad
171 1077 281 1107 horam
306 1087 364 1118 pro
386 1076 521 1107 aliorum
541 1075 643 1107 salute
660 1086 736 1106 suae
754 1076 920 1106 doctrinae
937 1076 1126 1106 sententiam
1138 1081 1160 1106 θ.
1195 1076 1251 1106 St*
1268 1075 1308 1105 de
1326 1077 1486 1117 praesenti
1503 1075 1635 1105 materia
1652 1075 1756 1103 minus

109 1127 159 1160 vel
175 1127 267 1159 aliter
283 1127 362 1168 dixi,
386 1139 481 1170 quam
499 1128 608 1167 debui,
633 1128 834 1168 ignorantiae
851 1127 1023 1168 deputetur
1040 1132 1071 1157 et
1091 1126 1295 1168 indulgeatur
1312 1127 1575 1165 misericorditer,
1600 1127 1624 1156 si
1649 1132 1755 1156 autem

109 1181 200 1219 bene,
225 1180 364 1221 benigne
388 1180 583 1221 suscipiatur
607 1179 659 1210 etf
683 1178 873 1209 observetur
896 1178 1077 1220 diligenter.

771 1268 1020 1305 LIBELLUS
1048 1268 1093 1304 V.

154 1337 251 1382 [ADg
275 1336 511 1370 CALIXTUM
536 1336 699 1380 PAPAM]
725 1335 954 1375 QUALITER
979 1336 1023 1366 IN
1048 1335 1299 1367 AECOLESIA
1324 1334 1712 1366 DISI³l‹]NsATIONEs

767 1388 887 1418 FIERI
914 1387 1104 1418 DEBENT.

216 1451 486 1492 Dispensationes
509 1449 683 1491 aliquando
707 1450 739 1479 in
755 1448 909 1480 aecclesia
933 1447 1099 1479 faciendae
1124 1454 1206 1488 sunt,
1231 1459 1293 1478 non
1319 1447 1447 1489 quidem
1471 1457 1578 1477 amore
1603 1446 1757 1487 pecuniae

110 1502 159 1534 vel
182 1501 325 1544 quolibet
353 1502 493 1532 humano
525 1502 645 1540 favore,
675 1500 729 1532 sed
762 1501 815 1542 pia
844 1505 875 1530 et
904 1499 1103 1530 misericordi
1134 1500 1320 1530 intentione.
1366 1499 1457 1528 Tunc
1480 1499 1563 1529 enim
1588 1509 1606 1528 a
1630 1503 1757 1538 pastore

109 1555 285 1586 aecclesiae
310 1554 509 1595 dispensatio
534 1554 585 1594 pie
609 1559 640 1583 et
663 1552 917 1582 misericorditer
940 1552 1008 1582 fieri
1032 1551 1183 1591 creditur,
1211 1562 1281 1581 cum
1312 1551 1432 1592 aliquid
1463 1551 1567 1580 minus
1594 1549 1758 1590 perfecteh

109 1607 149 1638 ad
174 1613 300 1647 tempus
326 1606 360 1637 fit
383 1604 422 1636 ab
448 1604 502 1635 illo
527 1604 577 1636 vel
601 1605 669 1634 fieri
695 1604 901 1645 permittitur,
932 1614 995 1634 non
1019 1603 1181 1634 voluntate
1210 1615 1278 1641 sua,
1307 1602 1361 1633 sed
1393 1601 1527 1632 aliorum
1558 1601 1756 1639 necessitate,

109 1670 148 1689 ne
171 1659 203 1689 in
227 1659 306 1700 ipsis
331 1657 484 1688 videlicet
506 1656 584 1687 fides
609 1656 781 1687 christiana
809 1655 1014 1696 periclitetur.
1061 1656 1114 1685 Sic
1136 1656 1236 1695 igitur
1259 1654 1404 1686 facienda
1428 1660 1475 1684 cst
1498 1653 1693 1694 dispensatio
1717 1651 1757 1682 ab

109 1710 275 1749 aecclesia,
298 1716 333 1741 ut
357 1721 485 1751 semper
508 1708 582 1739 fidei
607 1713 736 1738 nostrae
760 1707 877 1738 veritas
902 1707 1085 1747 instruatur,
1117 1714 1147 1738 ct
1172 1708 1198 1737 si
1224 1706 1300 1748 quid
1325 1706 1416 1736 aliter
1438 1705 1478 1736 ad
1504 1705 1612 1735 horam
1639 1704 1757 1734 factum

110 1763 207 1793 fuerit
223 1761 273 1793 vel
290 1763 495 1803 permissum,
519 1765 677 1802 oportuno
695 1766 839 1800 tempore
855 1760 1044 1799 corrigatur.
1078 1758 1148 1789 Hac
1172 1759 1310 1790 discreta
1333 1764 1363 1789 et
1387 1762 1495 1788 sancta
1519 1756 1758 1797 dispensatione

112 1815 160 1845 usi
191 1818 265 1845 sunt
294 1813 381 1844 beati
410 1812 547 1854 apOStOli
573 1813 687 1843 Petrus
716 1817 746 1842 et
771 1810 889 1841 Paulus
919 1821 1026 1849 propter
1055 1820 1154 1840 nictum
1183 1816 1334 1845 ludent-um,
1367 1824 1399 1839 ne
1429 1816 1479 1846 ipsi
1507 1814 1756 1837 scandalizaimitur.
1779 1799 1878 1852 Ῐ”Ι;1’ὓὲὲ

111 1870 177 1893 Nam
198 1869 296 1893 Paulus
318 1871 379 1900 post
400 1868 601 1892 conversionem
622 1866 789 1890 Timotheum
812 1867 996 1889 circumcisum
1019 1866 1083 1889 fecit
1104 1870 1129 1888 et
1150 1866 1312 1889 cerimonias
1333 1865 1413 1887 ctiam
1435 1865 1554 1887 exeri-uit
1575 1859 1758 1891 ludaeorumi,

112 1919 137 1940 et
157 1916 251 1940 Petrus
272 1915 361 1946 coegit
381 1913 510 1946 quosdam
531 1913 668 1936 iudaizare
689 1912 838 1944 gentilium,
861 1916 971 1943 uterque
993 1915 1101 1935 sanctus
1122 1911 1259 1942 apostolus
1279 1910 1407 1934 simulans
1428 1918 1455 1933 se
1476 1910 1573 1933 veteris
1595 1909 1661 1940 logis
1683 1917 1757 1939 prae-

112 1959 212 1994 ceptak
233 1969 349 1991 servare,
371 1969 403 1984 ne
424 1960 469 1991 qui
490 1959 584 1983 fideles
606 1967 637 1983 ex
657 1958 748 1982 Iudeis
769 1958 831 1981 sacti
853 1958 957 1981 fuerant.
977 1962 1127 1988 susceptam
1144 1958 1264 1980 veritatis
1282 1957 1401 1980 notitiam
1423 1955 1598 1979 scandalizati
1621 1958 1759 1985 negarent.

111 2008 246 2032 Fecerunt
271 2009 321 2032 hoc
349 2007 436 2031 sancti
463 2006 577 2038 apostoli
606 2004 771 2029 misericordi
800 2008 826 2028 ct
852 2004 895 2035 pia
920 2004 1113 2035 compassione,
1141 2011 1193 2027 non
1214 2003 1382 2026 simulatione
1404 2002 1504 2029 fallaci,
1531 2002 1651 2032 quamvis
1672 2000 1758 2031 legem

111 2058 172 2087 post
191 2054 361 2086 euangelium
383 2061 434 2077 non
456 2060 513 2077 esse
534 2051 692 2076 servandam
715 2052 822 2074 minime
839 2050 998 2074 dubitarent.
1031 2050 1082 2073 Ubi
1098 2049 1270 2073 beatissimae
1285 2049 1357 2072 vita(¹
1374 2049 1420 2071 viri
1437 2047 1622 2079 intelliguntur
1637 2055 1687 2071 non
1704 2047 1759 2077 qui-

112 2098 185 2128 dem¹
209 2105 384 2127 commutasse
408 2102 554 2130 consilium,
579 2101 626 2125 sed
648 2101 681 2124 ad
706 2101 793 2124 horam
819 2108 864 2131 pro
888 2099 998 2122 aliorum
1021 2098 1106 2122 salute
1123 2106 1187 2122 suae
1204 2098 1338 2121 ‹lawtrinac
1355 2097 1524 2121 sententiam.
1563 2090 1643 2121 Nam
1662 2101 1759 2130 Sllpel·

111 2149 171 2180 hoe
194 2148 280 2190 quod
304 2148 365 2190 ipsi
389 2154 420 2178 et
441 2147 495 2177 alii
519 2146 610 2178 aliter
633 2147 793 2186 fecerant,
820 2150 851 2176 et
880 2156 913 2175 se
937 2150 968 2174 ct
991 2143 1070 2175 alios
1094 2148 1206 2184 postca
1236 2148 1452 2174 correxerunt.
1499 2142 1638 2172 Possunt
1666 2142 1759 2171 ctiam

112 2206 143 2232 et
173 2199 291 2231 debent
324 2200 392 2230 fieri
425 2199 699 2240 dispensationes,
732 2197 850 2240 quibus
883 2195 1111 2227 aecclesiarum
1147 2200 1177 2226 et
1212 2195 1476 2225 monasteriorum
1513 2193 1761 2223 consuetudines

112 2253 332 2290 immutentur,
366 2251 421 2281 sed
452 2251 506 2282 ubi
537 2250 742 2291 postponitur
773 2249 877 2278 minus
909 2247 1043 2286 bonum,
1076 2252 1109 2277 ut
1139 2247 1225 2288 quod
1257 2252 1305 2277 est
1335 2245 1448 2276 melius
1480 2246 1673 2276 instituatur.
1725 2244 1761 2275 In

112 2303 197 2334 nullo
222 2309 329 2334 autem
354 2303 473 2333 malum
495 2302 564 2332 fieri
589 2301 687 2332 debet
710 2300 760 2331 vel
785 2301 937 2342 permitti,
967 2299 1028 2329 nisi
1052 2300 1083 2329 in
1108 2309 1145 2329 ea
1168 2304 1291 2329 tantum
1315 2299 1516 2335 necessitate,
1544 2297 1597 2328 ubi
1622 2297 1761 2333 timetur,

113 2367 152 2387 ne
176 2355 374 2397 periclitetur
397 2354 487 2394 fides,
510 2359 542 2384 et
564 2352 643 2383 illud
668 2351 871 2394 postmodum
897 2351 1085 2391 corrigatur.
1131 2349 1212 2380 Nam
1237 2350 1289 2391 qui
1314 2349 1397 2380 mala
1420 2350 1551 2384 faciunt,
1575 2354 1609 2379 ut
1633 2349 1762 2379 veniant

114 2407 209 2448 bona,
240 2407 351 2437 horum
384 2407 498 2437 iustam
531 2416 600 2436 esse
629 2404 889 2446 dampnationem
920 2402 1040 2433 Paulus
1071 2401 1237 2443 apostolus
1266 2406 1471 2443 protestatur.
1518 2401 1551 2430 si
1585 2401 1656 2442 quis
1684 2411 1759 2431 vero
1781 2409 1906 2434 Rom.3‚8.

224 2505 251 2533 a)
271 2491 358 2527 verba,
371 2503 542 2535 plurimorum
558 2516 593 2518 —
607 2501 744 2526 beatorum
766 2500 795 2531 (l.
809 2500 836 2530 7)
855 2500 962 2531 penitus
982 2499 1032 2523 del.
1050 2500 1077 2529 ¹3
1098 2498 1185 2529 spatio
1206 2498 1239 2520 ‘27
1261 2497 1409 2522 litterarum
1428 2501 1548 2521 vacante.
1614 2497 1643 2522 b>
1663 2497 1759 2521 beatis-

114 2551 196 2575 simus
218 2563 249 2567 ——
272 2549 364 2574 dicens
385 2549 455 2581 quod
475 2548 530 2573 cles.
552 2545 607 2572 3b‘.
721 2548 745 2577 c)
766 2547 845 2570 etiam
867 2560 901 2563 -—
922 2545 992 2578 quod
1013 2544 1041 2568 in
1065 2544 1186 2576 margine
1211 2544 1296 2576 suppl.
1318 2541 1359 2568 3b.
1473 2543 1502 2575 d)
1522 2544 1534 2567 f
1551 2544 1671 2575 sequitur
1690 2544 1760 2567 Iocus

114 2605 194 2621 raam
215 2597 245 2626 1;
267 2596 338 2621 deest
359 2592 429 2619 32-5.
515 2595 542 2625 e)
563 2594 771 2619 sentententiam
795 2594 817 2617 1.
904 2592 925 2619 f)
947 2595 973 2616 et
993 2605 1027 2608 —
1049 2591 1190 2621 diligenter
1209 2590 1262 2614 deS.
1287 2592 1308 2614 1.
1391 2590 1418 2622 g)
1441 2590 1515 2614 uncis
1535 2590 1639 2614 inclusa
1659 2591 1712 2614 des.
1734 2591 1758 2619 4,

114 2641 160 2667 ubi
179 2641 331 2674 inscriptio:
351 2642 512 2673 Qualiter
532 2641 824 2673 dispensationes
844 2638 1010 2663 faciende
1032 2640 1112 2661 sunt
1131 2637 1165 2660 in
1187 2637 1342 2671 ccclesia
1362 2636 1467 2668 leyitur.
1547 2636 1575 2663 hl
1597 2635 1713 2668 perfecte
1733 2636 1758 2659 4.

114 2688 135 2720 i)
156 2688 299 2713 Iudeorum
321 2688 346 2713 4.
411 2688 441 2719 k)
461 2696 567 2713 servare
588 2690 685 2720 pcepta
705 2687 730 2712 4.
794 2686 815 2717 l)
836 2685 906 2709 deest
927 2685 957 2715 43
978 2683 1011 2715 cs.
1032 2691 1117 2715 supra
1137 2683 1182 2707 lin.
1201 2683 1241 2708 16.
1262 2687 1285 2707 et
1305 2683 1381 2714 infra
1401 2681 1460 2707 Lib.
1478 2681 1540 2711 Vll,
1557 2691 1586 2713 11·
1603 2682 1663 2712 (506,
1685 2682 1700 2705 l.
1717 2681 1759 2707 37.

224 2777 252 2812 1)
278 2777 444 2804 Testimonia
468 2780 482 2807 ξ
507 2777 555 2810 86,
580 2777 622 2803 ed.
647 2776 748 2801 Hartel
770 2784 799 2809 p.
819 2773 887 2800 174.
1005 2772 1035 2807 2)
1061 2771 1103 2804 Cf.
1129 2772 1220 2806 Epist.
1240 2772 1309 2798 11⁶2.
1333 2773 1372 2798 ad
1393 2772 1508 2806 Azzqust.
1532 2774 1546 2802 ξ
1574 2772 1618 2803 11,
1647 2770 1716 2805 (φρ,
1735 2770 1758 2802 Iy

115 2829 167 2856 col.
186 2829 255 2855 739.
343 2829 373 2863 3)
398 2829 442 2862 Cf.
461 2828 544 2862 finem
568 2828 700 2862 epistolae
724 2827 761 2853 ad
786 2825 947 2852 Pasa-halem
969 2825 1011 2851 II.
1034 2824 1136 2851 missae
1157 2833 1246 2858 supra
1265 2833 1295 2858 p.
1315 2824 1384 2850 683.
