2132 3067
304 663 334 684 (5.)

273 692 299 711 “ι’,
315 695 332 710 ι’,

204 724 260 741 Gen,
272 723 305 745 3¹2,
317 723 332 740 li

183 752 253 771 Mntth
265 753 333 772 lunt,

182 1832 251 1851 reor
267 1832 328 1854 5,11.

298 1994 329 2016 (T)

262 2043 319 2064 ‘uz‘

357 171 397 200 1⁴ss
759 170 910 196 LIBELLI
937 169 1132 196 BERNALDI
1158 167 1395 194 PREsBYTERI
1420 167 1607 194 MONACHI.

356 262 450 293 certis
474 259 662 292 criminibus
691 260 721 289 in
746 258 888 299 generali
912 258 1035 299 synodo
1059 256 1352 296 anathematizavit,
1382 257 1477 286 ctiam
1507 261 1680 297 antequam
1710 255 1762 288 ille
1791 256 2002 298 apostolicam

357 314 463 343 sedem
487 313 665 349 invasisset,
698 311 773 341 dum
797 309 903 340 adhuc
928 309 1090 350 principes
1115 314 1240 340 vestrae
1264 308 1374 349 partiS‚
1400 312 1434 337 ut
1457 312 1596 345 nostrae,
1620 307 1724 337 eidem
1749 307 1926 349 apostolico
1950 307 2004 339 de—

357 365 453 395 bitam
485 362 702 394 obedientiam
733 361 946 392 communiter
977 358 1210 392 exhibuissent.
1255 358 1324 389 Nec
1355 358 1393 389 de
1424 358 1476 388 illo
1507 358 1711 389 anathemate
1744 369 1883 400 unquam
1914 360 2003 390 exire

356 416 488 455 curavit,
518 413 574 445 sed
606 414 649 444 ita
680 413 968 443 anathematizatus
1000 418 1097 452 atque
1130 411 1278 452 perIurus
1308 409 1415 440 sedem
1447 409 1568 439 domini
1593 410 1641 440 sui
1665 409 1817 441 invadere
1847 414 1879 441 et
1906 418 2004 452 caput

355 467 495 497 omnium
513 465 867 496 excommunicatorum
892 463 960 493 fieri
985 463 1191 504 presumpsit.
1240 461 1334 492 Hunc
1358 472 1434 502 ergo
1459 466 1489 492 et
1505 471 1616 492 omnes
1634 461 1701 492 eius
1718 461 1892 503 complices
1912 462 2003 492 iuxta
2023 473 2036 492 5

355 523 472 548 statuta
496 522 621 558 patrum
647 522 828 546 sanctorum
854 514 1035 544 necessario
1067 513 1260 551 devitamus,
1291 512 1366 554 quia
1395 514 1485 542 iuxta
1516 511 1644 543 beatum
1670 512 1867 554 Gelasyum¹
1893 523 2004 544 omncs

355 569 536 611 complices,
561 572 747 607 sectatores,
773 566 1064 596 communicatores
1089 565 1281 605 dampnatae
1306 563 1404 594 semel
1429 564 1595 604 pravitatis
1620 564 1688 606 pari
1713 569 1798 595 sorte
1821 569 2002 605 censentur,

356 632 411 652 nec
435 625 541 662 potest
564 619 756 660 perversitas
780 617 912 648 refutari
937 615 1096 658 complice
1120 615 1341 657 perversitatis
1365 615 1517 646 admisso.

459 679 540 711 Illud
568 685 686 717 autem,
717 678 802 720 quod
832 677 936 708 Ysaac
965 676 1134 708 l'alestinis
1162 678 1205 707 ‘et
1234 675 1410 706 Dominum
1443 682 1586 706 nostrum
1619 674 1800 717 publicanis
1827 676 2003 707 communi-

355 743 444 763 casse
469 731 619 769 scribitis,
652 740 854 771 nequaquam
881 728 940 759 hoc
964 728 1144 770 approbare
1169 728 1294 769 poterit,
1323 732 1357 758 ut
1380 733 1411 758 et
1435 738 1492 757 nos
1516 727 1806 758 excommunicatis
1828 728 2002 758 communi·
2025 738 2050 757 10

354 795 426 814 care
444 782 629 821 debeamus,
653 793 725 812 cum
743 781 873 811 eosdem
892 780 1071 811 Palestiuos
1095 780 1162 810 sive
1186 778 1386 821 publicanos,
1410 779 1468 809 etsi
1489 778 1689 818 criminosos,
1713 789 1871 821 nusquam
1895 784 2002 810 tamen

353 834 639 866 anathematizatos
670 833 769 863 fuisse
799 832 955 873 legamus.
1007 831 1132 872 Nempe
1163 829 1253 869 mali,
1293 830 1447 872 quamdiu
1477 840 1540 860 non
1570 830 1689 861 fuerint
1719 830 2002 870 excommunicati,

353 885 474 917 nullum
499 885 650 917 exteriori
675 885 899 914 communione
923 882 1138 923 maculabunt,
1172 881 1258 924 quod
1282 881 1502 912 indubitanter
1526 881 1653 919 facient,
1685 887 1855 923 postquam
1879 886 2003 913 senten-

352 939 426 968 tiam
452 936 795 968 excommunicationis
823 946 880 977 pro
906 936 970 965 suis
995 934 1184 965 criminibus
1210 932 1404 964 iudicialiter
1427 933 1599 974 excipient.
1645 932 1711 964 Nec
1735 943 1793 964 nos
1816 934 1926 975 utique
1949 944 2002 965 ex-

352 989 613 1025 communicatos,
640 994 674 1018 ut
691 988 819 1026 notatis,
844 988 973 1028 penitus
991 986 1211 1025 abhorremus,
1237 995 1295 1027 pro
1313 995 1446 1026 quorum
1466 985 1684 1025 conversione,
1709 986 1735 1016 si
1753 990 1889 1026 oportet,
1906 985 2002 1017 etiam
2024 995 2050 1015 1⁵

351 1040 458 1082 aliqua
482 1040 562 1071 dura
586 1040 650 1081 pati
675 1050 738 1070 non
762 1039 958 1079 fugeremus,
982 1037 1034 1068 illa
1051 1042 1168 1077 tamen,
1193 1036 1224 1066 in
1244 1035 1362 1078 quibus
1385 1047 1403 1067 a
1427 1037 1554 1067 statutis
1578 1042 1761 1067 sanctorum
1786 1041 1913 1078 patrum
1937 1046 2002 1067 non

351 1092 560 1123 deviaremus.
608 1090 671 1122 Sed
697 1096 727 1121 et
751 1091 821 1131 hoc,
854 1090 940 1132 quod
969 1089 1101 1131 quidam
1131 1093 1211 1130 aput
1234 1099 1291 1118 nos
1315 1093 1462 1129 peccant,
1494 1098 1556 1118 non
1587 1087 1818 1129 approbamus,
1847 1088 1946 1118 immo
1970 1088 2002 1119 in

351 1149 505 1185 quantum
536 1153 718 1184 possumus,
748 1153 803 1173 eos
832 1141 872 1172 ad
903 1141 1134 1183 poenitentiam
1165 1141 1302 1171 invitare
1333 1139 1522 1180 satagimuS,
1552 1150 1633 1181 quos
1662 1150 1867 1181 nequaquam
1892 1146 1925 1170 ut
1949 1149 2001 1170 ex·

350 1196 602 1226 communicatos
627 1194 771 1225 devitare
796 1193 954 1233 iubemur,
979 1191 1132 1234 quamdiu
1156 1193 1188 1222 in
1212 1189 1368 1222 catholica
1389 1191 1511 1222 unitate
1527 1190 1719 1222 detinentur.
1765 1190 1834 1222 Nec
1858 1189 2002 1222 christia-

350 1258 424 1278 num
457 1257 525 1277 esse
557 1245 703 1286 dicimus,
737 1244 822 1287 quod
853 1250 999 1286 peccant,
1028 1243 1100 1286 plus
1131 1248 1235 1274 tamen
1267 1243 1306 1273 de
1336 1252 1446 1273 eorum
1476 1241 1576 1273 salute
1604 1253 1781 1284 speramus,
1813 1253 1909 1284 quarn
1933 1242 1959 1273 si
1983 1253 2000 1272 a
2021 1255 2048 1274 20

350 1309 484 1339 corpore
508 1297 628 1328 Christi
653 1308 706 1327 eos
731 1296 926 1327 omnimodis
950 1300 1115 1337 separatos
1138 1305 1206 1326 esse
1227 1294 1393 1324 sciremus.
1438 1293 1519 1325 Nam
1544 1299 1575 1325 et
1599 1293 1743 1325 membra
1767 1293 2000 1336 quantumlibet

350 1349 485 1390 infirma,
509 1348 665 1391 quamdiu
691 1349 720 1379 in
745 1359 881 1389 corpore
905 1347 1034 1385 fuerint,
1058 1346 1184 1377 facilius
1201 1346 1306 1377 curari
1331 1352 1512 1386 sperantur,
1536 1356 1631 1387 quam
1656 1346 1682 1376 si
1707 1345 1788 1377 bene
1812 1356 1889 1376 sana
1913 1346 2000 1387 peni-

350 1408 400 1432 tus
423 1412 442 1431 a
465 1411 599 1442 corpore
623 1399 838 1441 preeidantur.

457 1462 583 1492 Scimus
615 1472 691 1492 sane
722 1466 849 1492 sanctos
881 1465 988 1502 patres
1021 1459 1080 1490 sub
1113 1458 1447 1490 excommunicatione
1480 1457 1581 1489 multa
1612 1456 1830 1499 prohibuisse,
1861 1468 1902 1488 ex
1933 1457 1999 1499 qui-

351 1514 410 1545 bus
439 1513 638 1554 Uregoriusss
674 1523 759 1554 papa
794 1513 891 1543 etiam
930 1512 1038 1542 omnia
1075 1511 1175 1542 sacris
1212 1509 1388 1541 canonibus
1425 1508 1560 1540 adversa
1595 1509 1654 1539 sub
1691 1506 1894 1540 anathemate
1927 1518 1998 1550 pro·
2019 1521 2046 1540 2⁵

352 1565 463 1596 hibuit.
511 1564 543 1595 Si
569 1565 640 1606 quis
665 1570 771 1595 tamen
795 1563 890 1594 modo
913 1562 1036 1605 aliquid
1060 1567 1172 1594 eontra
1195 1571 1334 1593 canones
1358 1561 1470 1602 egerit,
1501 1571 1564 1591 non
1594 1562 1701 1592 statim
1730 1560 1818 1591 illum
1843 1565 1922 1601 pro⁸
1945 1570 1999 1590 ex-

351 1617 584 1648 communicato
608 1616 793 1656 vitabimus,
824 1620 997 1656 antequam
1028 1615 1060 1645 in
1084 1613 1171 1644 illum
1201 1613 1392 1644 sententiam
1417 1612 1760 1643 excommunicationis
1785 1610 1896 1642 ordine
1920 1610 1999 1642 iudi-

351 1668 449 1698 ciario
480 1666 634 1709 prolatam
668 1667 847 1698 audiamus.
901 1666 994 1698 Unde
1025 1665 1137 1697 beatus
1167 1665 1392 1706 Augustinus³
1425 1665 1457 1694 in
1487 1664 1568 1696 libro
1601 1663 1639 1695 de
1670 1663 1882 1705 poenitentia:
1917 1662 1998 1701 Nos,

352 1719 465 1761 inquit,
498 1731 518 1749 (z
542 1720 766 1750 communione
796 1730 985 1761 qtaeynquom
1014 1717 1185 1759 prohibere
1215 1728 1278 1747 non
1305 1728 1476 1758 possumus
1499 1717 1566 1747 nisi
1590 1721 1646 1746 aut
1669 1720 1782 1756 sponte
1805 1714 1998 1756 confessum,

352 1776 407 1802 aut
431 1772 464 1802 in
488 1770 599 1811 aliquo
623 1772 687 1801 siue
711 1771 854 1801 seculari
883 1771 950 1801 siue
979 1770 1194 1800 ecclesiastico
1217 1768 1341 1799 iudicio
1367 1769 1567 1798 nominatum
1594 1772 1688 1808 atque
1712 1767 1900 1797 convictum.
1946 1765 1996 1796 De
2017 1778 2046 1798 so

351 1823 567 1853 nominatione
590 1821 767 1863 apostolus:
794 1822 832 1852 Si
855 1822 928 1862 quis
945 1820 1060 1861 frater
1084 1821 1275 1851 nominatur
1289 1819 1484 1860 fornicator
1507 1825 1537 1849 et
1561 1818 1693 1860 reliqua,
1717 1830 1788 1849 cum
1809 1817 1999 1849 huiusmodi

352 1886 406 1905 nec
429 1874 532 1904 eibum
556 1874 682 1904 sumite.
729 1872 823 1911 Quod
848 1873 963 1903 beatus
986 1872 1209 1913 Augustinus⁴
1233 1871 1277 1902 ita
1300 1871 1449 1911 exponit:
1474 1870 1740 1902 Nominationem
1763 1881 1832 1901 eam
1856 1868 1999 1911 intellz'yi

352 1925 448 1956 noluit
473 1926 651 1966 apostolus,
676 1936 758 1967 quae
782 1926 817 1956 in
842 1935 1030 1965 quemquam
1057 1935 1127 1954 cum
1151 1923 1311 1953 sententia
1336 1922 1451 1952 ordine
1476 1922 1654 1952 iudiciario
1674 1920 1854 1962 profertur.

454 1986 606 2027 Inprimis
638 1985 767 2027 quidem
797 1984 970 2015 amonendi
1001 1989 1075 2015 sunt
1105 1983 1277 2021 criminosi,
1309 1988 1343 2013 ut
1375 1982 1578 2024 resipiscant,
1611 1981 1726 2012 deinde
1755 1982 1782 2012 si
1806 1980 1995 2022 resipiscere

350 2036 521 2076 noluerint,
557 2038 648 2067 iuxta
681 2038 850 2067 canonicas
885 2036 1067 2066 sanctiones
1099 2034 1417 2066 'excommunicandi
1449 2040 1479 2065 et
1508 2038 1585 2064 tune
1613 2033 1742 2065 demum
1773 2033 1814 2064 ab
1845 2031 1995 2063 omnibus
2015 2044 2042 2065 ss

351 2100 407 2129 pro
442 2088 729 2119 excommunicatis
765 2087 940 2118 devitandi.
1005 2087 1038 2118 Si
1073 2091 1103 2117 et
1138 2097 1194 2117 nos
1229 2085 1389 2128 quoslibet
1423 2084 1597 2126 sacrilegos
1631 2085 1786 2123 vitamus,
1825 2089 1994 2126 postquam

350 2138 419 2169 illos
442 2150 460 2169 a
483 2139 612 2180 prelatis
636 2140 702 2170 suis
726 2139 878 2169 canonice
909 2138 1209 2169 excommunicatos
1238 2136 1445 2168 audierimus.
1491 2136 1539 2167 Ita
1563 2143 1594 2167 et
1617 2136 1811 2168 Guibertum
1835 2135 1996 2176 heresyar-

349 2190 442 2221 cham
473 2196 505 2221 et
535 2201 645 2221 omnes
677 2190 815 2221 fautores
845 2191 913 2220 eius
944 2195 1017 2231 post
1047 2190 1259 2220 sententiamf·
1283 2187 1479 2220 venerabilis
1503 2198 1607 2230 papae
1632 2188 1782 2230 Gregorii
1811 2187 1997 2218 necessario

350 2242 540 2282 devitamus,
572 2253 652 2283 quos
680 2248 785 2272 tamen
815 2240 901 2271 nullo
926 2240 1020 2271 modo
1045 2251 1102 2282 pro
1126 2240 1414 2271 excommunicatis
1437 2240 1623 2278 vitaremus,
1655 2241 1681 2270 si
1705 2239 1848 2270 nondum
1871 2238 1904 2269 in
1926 2236 1996 2269 illos

349 2292 521 2334 specialem
546 2292 685 2334 aliquam
710 2292 1076 2323 excommunicationem
1094 2292 1319 2333 depromptam
1336 2301 1616 2332 cognosceremus.
1652 2290 1844 2322 Criminosis
1867 2290 1998 2332 quippe,
2013 2302 2042 2322 40

350 2344 405 2376 sed
429 2344 570 2375 nondum
594 2344 893 2375 excommunicatis.
923 2343 1008 2373 licite
1032 2343 1324 2383 communicamus,
1355 2353 1413 2373 nec
1438 2342 1498 2373 hoc
1521 2343 1632 2385 utique
1655 2343 1746 2384 quasi
1770 2341 1840 2373 loco
1863 2345 1995 2373 nostro·

350 2401 380 2427 ct
404 2396 550 2436 religioni
574 2395 786 2436 precavendo,
816 2400 850 2425 ut
879 2394 1030 2431 scribitis,
1061 2394 1206 2434 iacimus,
1238 2393 1293 2424 sed
1324 2394 1431 2435 potius
1462 2393 1544 2433 ideo,
1576 2394 1651 2435 quia
1679 2392 1757 2424 nihil
1786 2403 1844 2424 nos
1873 2393 1906 2424 in
1934 2392 1994 2424 hoc

349 2452 459 2478 eontra
490 2447 678 2477 eanonicam
709 2447 931 2477 auctoritatem
962 2457 1058 2487 agere
1089 2445 1331 2487 cognoscimus3
1364 2445 1449 2486 quod
1475 2444 1587 2486 procul
1611 2445 1711 2476 dubio
1734 2444 1787 2476 ille
1809 2445 1896 2485 facit,
1925 2444 1993 2487 qui-

349 2510 475 2540 cunque
500 2497 592 2529 malis
615 2497 836 2529 ecclesiastico
861 2508 948 2529 more
972 2497 1260 2528 excommunicatis
1284 2497 1522 2529 communicare
1546 2497 1789 2539 presumpserit.

461 2591 486 2617 n)
508 2594 554 2617 per
575 2587 598 2609 9.
2011 2588 2039 2608 45

457 2666 484 2696 1)
510 2665 581 2699 I-Jpp.
607 2665 654 2696 ⁸27,
680 2674 701 2690 c.
721 2665 754 2697 3,·
782 2665 826 2691 12,
852 2674 874 2691 c.
895 2664 920 2696 ἶ,
945 2666 986 2691 ed.
1016 2664 1092 2690 Thn'cl
1116 2664 1138 2691 I.
1159 2673 1190 2698 p.
1208 2664 1277 2691 4:24.
1296 2664 1374 2692 354.-
1396 2664 1474 2697 Jaffe'
1498 2673 1540 2691 nr.
1560 2664 1628 2692 665.
1648 2665 1718 2691 632.
1806 2664 1836 2698 2)
1858 2664 1888 2691 V.
1904 2673 1990 2699 supra

345 2725 375 2749 ῃ.
401 2718 428 2742 ὅ.
517 2716 546 2742 3>
569 2718 666 2741 Sermo
690 2716 759 2747 3:31,
783 2718 797 2746 ς’
817 2716 862 2747 10,
890 2716 959 2749 01η).
985 2716 1027 2742 ed.
1055 2716 1157 2741 Hermi.
1181 2719 1199 2741 t.
1221 2715 1249 2746 V,
1274 2715 1326 2742 col.
1348 2715 1435 2742 1359.
1514 2716 1543 2748 4)
1568 2715 1640 2741 Ibid.
1665 2715 1717 2742 col.
1738 2715 1826 2742 1360.
1904 2715 1934 2749 5)
1957 2715 1989 2742 In

348 2768 452 2801 synodo
475 2768 643 2802 quadrnqes.
669 2777 696 2792 a.
717 2767 804 2792 1078.
829 2767 932 2799 ἰσίαν»,-
962 2767 1056 2800 desse,
1087 2767 1162 2792 mm.
1186 2767 1225 2798 II,
1255 2776 1284 2800 p.
1311 2767 1380 2793 305.
1492 2767 1521 2795 6)
1544 2770 1575 2794 ὅ.
1601 2767 1695 2793 Blasii
1723 2767 1784 2793 scil.
1814 2767 1989 2799 monasterio,

349 2819 422 2852 quod
445 2819 480 2845 ab
504 2819 596 2845 codem
622 2818 757 2844 Ileinrico
782 2817 833 2844 IV.
857 2822 922 2844 ante
944 2818 1092 2844 ariaehema
1117 2827 1143 2843 a.
1165 2817 1253 2843 10⁶5.
1278 2818 1399 2852 diploma
1425 2818 1550 2845 obtinuit.
1588 2818 1667 2847 USS.
