2132 3067
54 741 80 761 1⁰

182 167 233 193 IX.
269 165 343 193 PRO
367 165 580 193 GEBHARDO
603 166 785 194 EPISCOPO
811 167 1114 196 CONSTANTIENSI
1138 169 1325 197 EPISTOLA
1349 171 1627 198 APOLOGETICA.
1682 170 1733 199 111

96 266 265 298 perversos
293 259 321 286 et
343 266 410 285 ‘non
430 254 532 295 facit,
562 255 648 285 nihil
671 255 766 285 atiud
789 261 842 295 est,
874 268 971 297 quam
995 269 1101 288 eorum
1117 258 1236 297 favere
1261 261 1427 300 impietati.
1473 259 1589 291 quta³
1613 267 1737 302 aposto—

98 306 163 337 lum
186 307 315 337 autemb
338 305 526 337 ‘facientese
551 312 582 337 et
606 307 846 337 consentientes
869 319 927 349 par
950 319 1034 349 pena
1058 309 1290 350 complectitur.

204 366 240 397 In
273 377 310 398 eo
348 373 467 405 autem,
505 366 614 408 quodd
649 366 755 397 ideme
791 367 867 398 Otto
907 368 938 398 in
976 374 1099 409 partem
1138 370 1392 401 scismaticorum
1431 377 1543 412 sponte
1581 372 1737 409 discessit,

99 419 240 460 seipsum
270 418 362 449 iuxta
394 417 616 448 sanctionemr
640 424 821 448 sanctorum
847 424 973 460 patrum
998 421 1130 461 proprio
1155 421 1272 451 iudicio
1297 421 1491 462 dampnavit.
1536 424 1740 464 Quapropter

99 469 256 501 domnusb
280 480 365 511 papa
389 469 566 510 Gregorius
589 470 621 499 in
646 469 793 500 Romana
823 470 946 511 synodo
975 470 1122 511 synodali
1147 471 1264 502 iudicio
1289 484 1370 503 anno
1395 473 1575 504 dominicae
1600 476 1741 506 iucarna-

99 522 194 552 tionis
217 521 392 552 MLXXX.
424 520 620 551 indictioneg
644 521 717 552 III.²¹
748 521 778 551 in
810 522 913 562 prima
936 522 1137 552 ebdomadah
1162 522 1426 565 quadragesimae
1451 525 1626 565 predictum
1652 526 1741 557 Otto-

99 584 171 604 nem
202 573 265 603 iam
296 573 434 603 triennio
465 572 583 602 frustra
606 573 823 614 premonitum
848 579 878 603 et
902 579 1118 614 expectatum,
1149 582 1183 605 ut
1214 575 1426 616 resipisceret,
1456 576 1578 618 absque
1610 589 1666 618 spe
1696 589 1741 608 re-

99 625 314 666 cuperationis
338 623 527 664 dampnavit
549 629 581 654 et
602 623 906 654 anathematizavit¹
932 630 964 655 et
987 625 1163 655 venerabili
1187 626 1369 657 Pataviensi
1393 628 1543 668 episcopo
1568 628 1741 659 Altinanno

100 676 187 706 vices
210 686 284 706 suas
307 676 477 715 commisit,
502 680 536 705 ut
558 674 600 706 ad
617 676 899 706 Constantiensem
924 675 1112 706 aecclesiam
1143 678 1295 718 migraret
1318 678 1410 719 eique
1435 678 1611 719 legitimum
1639 687 1741 720 pasto-

99 738 165 759 rem
190 727 338 758 ordinare
363 731 558 768 procuraret,
605 726 700 765 Quod
732 726 815 757 idem
848 727 1020 768 episcopus
1044 729 1180 769 exequii
1207 730 1431 770 summoperek
1456 732 1654 770 procuravit:
1687 730 1740 761 sed

99 784 283 821 perpetrata
306 778 460 809 electione
484 778 655 809 infirmitas
678 777 815 809 electum
840 778 1007 819 inpedivit,
1031 790 1069 810 ne
1094 780 1239 820 penitus¹
1267 781 1441 821 umquamb
1457 782 1634 812 consecrari
1654 790 1742 822 potu-

99 831 198 862 eritm.
243 829 336 861 Unde
359 840 432 860 cum
458 829 604 871 pluribus
628 830 722 860 annis
746 829 799 860 illa
821 829 976 860 aecclesia
992 830 1144 871 pastorali
1162 832 1345 871 provisione
1370 838 1500 865 careret,
1524 832 1651 862 tandem
1672 844 1741 873 pre-

61 878 63 880 *
100 881 204 912 dictus
234 892 320 923 papa.
343 881 522 922 Gregorius
552 893 569 913 e
599 880 698 912 latere
722 892 779 912 suo
803 881 1018 912 venerabilem
1045 881 1194 912 Ottonem
1221 882 1403 913 Ostiensem
1434 884 1629 924 episcopum.
1662 889 1742 913 nonn

56 998 82 1018 15

55 1241 82 1274 ἑο

55 1512 82 1532 25

54 1769 82 1789 ³0

54 2024 81 2044 ³⁵

55 2313 83 2332 4⁰

56 2605 84 2625 45

101 932 200 964 multo
224 938 298 975 post
321 932 543 975 apostolicum,
572 932 648 963 illuc
673 932 801 972 direxit,
831 933 886 974 qui
910 934 1014 963 eidem
1040 933 1214 964 aecclesiae
1238 933 1429 974 legittimum
1455 941 1613 975 pastormn
1641 934 1745 964 (aebe-

101 984 258 1016 hardumb
274 985 429 1016 canonice
446 985 629 1016 ordinavit⁰
645 995 730 1014 anno
747 984 926 1015 dominicae
943 985 1173 1015 iucarnationis
1191 984 1436 1018 MLXXXIIII.
1459 985 1653 1016 indiction-v
1672 986 1742 1015 VH.

102 1036 160 1068 XI.
177 1035 249 1067 Kal.
266 1036 407 1067 Ianuarii
417 1042 438 1075 ²,
462 1036 596 1077 eiusque
620 1036 853 1066 ordinationem
873 1037 904 1066 in
923 1037 1071 1077 proxima
1087 1036 1206 1077 pascali
1230 1036 1429 1068 ebdomadah
1452 1038 1482 1066 in
1507 1037 1646 1077 generali
1672 1048 1743 1067 con-

101 1087 227 1119 cilim-³
251 1087 413 1119 Saxoniae
435 1087 632 1129 apostolicar
657 1088 846 1118 auctoritate
879 1087 1014 1118 collecto
1045 1087 1182 1118 sinodali
1214 1087 1332 1118 iudicio
1364 1088 1627 1118 confit-111avits·⁴.
1672 1087 1742 1118 Non

102 1140 184 1170 enirn
215 1140 274 1170 iste
305 1140 478 1181 episcopus
506 1150 594 1170 more
625 1138 759 1170 aliorum
791 1150 848 1181 per
879 1138 1056 1169 secularem
1090 1145 1278 1180 potestatem
1304 1145 1414 1170 eontra
1437 1150 1574 1170 canones
1605 1140 1743 1178 intravit,

101 1191 158 1222 sed
181 1191 346 1230 canonice,
369 1189 522 1222 videlicet
545 1201 563 1220 a
587 1197 704 1222 cuncto
734 1190 818 1221 clero
843 1196 873 1221 et
895 1190 1016 1232 populo
1045 1190 1208 1231 legalitert
1233 1189 1351 1221 electus
1376 1197 1405 1222 et
1428 1191 1616 1232 postulatus,
1649 1197 1678 1220 et
1706 1202 1744 1221 ex

100 1242 275 1284 apostolica
304 1242 496 1273 auctoritate
527 1253 584 1284 per
614 1242 755 1283 legatum
781 1242 866 1273 sedis
890 1242 1086 1283 apostolieae
1110 1241 1259 1272 viduatae
1283 1242 1351 1272 sedi
1375 1241 1593 1283 sollempniter
1617 1243 1744 1272 introni-

100 1300 189 1326 zatus
212 1299 260 1325 est
283 1299 314 1325 et
337 1299 553 1334 consecratus,
585 1295 854 1324 reverentissimis
878 1294 1038 1335 episeopis
1061 1299 1092 1324 et
1115 1293 1287 1324 abbatibus
1310 1293 1602 1324 desiderantissime
1626 1294 1743 1334 astipu-

101 1345 256 1385 lantibus,
288 1345 523 1377 asentientibus
558 1356 687 1388 quoque
722 1345 888 1376 catholicis
927 1345 1084 1375 ducibus⁵
1118 1350 1149 1376 et
1185 1344 1356 1376 comitibus
1394 1345 1590 1386 reliquisque
1625 1345 1742 1375 Christi

100 1397 257 1429 fidelibus.
302 1397 382 1428 Tam
408 1398 571 1435 canonice,
599 1398 741 1439 iuquam,
770 1397 891 1428 electus
915 1403 963 1428 est
985 1403 1017 1427 et
1041 1397 1216 1437 ordinatus,
1246 1403 1279 1427 ut
1304 1397 1371 1427 eius
1397 1396 1544 1427 electioni
1569 1397 1636 1427 sive
1660 1396 1742 1426 ordi-

101 1450 219 1480 nationi
250 1459 453 1491 nequaquam
485 1449 705 1479 contradicere
735 1449 837 1490 possit
868 1449 1013 1490 quisquis
1041 1447 1227 1489 apostolicis
1251 1454 1280 1478 et
1303 1449 1466 1478 canonicis
1489 1447 1743 1479 institutionibus

101 1501 257 1532 contraire
279 1501 427 1532 noluerit.
473 1500 624 1531 Preterea
647 1501 716 1541 ipse
733 1499 926 1531 venerabilis
943 1511 1027 1541 papa
1045 1499 1232 1540 Gregorius,
1257 1500 1348 1530 euius
1367 1500 1555 1530 auctoritate
1579 1499 1743 1529 ordinatus

99 1558 147 1584 est
167 1558 276 1584 noster
298 1553 483 1594 episcopuS,
506 1553 582 1583 item
601 1551 713 1582 Victor
735 1562 821 1593 papa
845 1562 1012 1582 successor
1035 1552 1103 1582 eius
1126 1557 1269 1582 nostrum
1300 1552 1496 1592 episcopum,
1525 1550 1629 1592 quoad
1655 1551 1742 1580 vixe-

100 1610 181 1643 runt,
209 1615 267 1646 pro
296 1603 439 1645 legitimo
468 1609 597 1645 pastore
626 1603 821 1642 habuerunt3
851 1604 925 1634 item
959 1604 1235 1634 reverentissimus
1264 1613 1349 1644 papa
1372 1602 1531 1634 Urbanus,
1563 1603 1617 1643 qui
1647 1601 1741 1631 modo

100 1666 241 1687 summae
270 1665 377 1686 rerum
408 1654 559 1697 presidet,
590 1666 662 1686 eum
686 1666 814 1696 semper
838 1666 895 1697 pro
920 1655 1074 1685 canonico
1098 1660 1226 1696 pastore
1251 1653 1400 1684 ‘habuitu
1424 1659 1454 1684 et
1476 1653 1602 1692 habctv,
1632 1659 1742 1694 utpote

101 1717 194 1749 quem
222 1719 241 1738 a
270 1718 304 1738 se
334 1706 395 1738 sub
427 1706 605 1748 apostolica
634 1706 795 1748 legatione
826 1706 1037 1737 ordinatumW
1068 1707 1222 1736 canonice
1253 1706 1429 1746 cognoscit.
1475 1705 1508 1735 Si
1542 1705 1637 1745 igitur
1665 1703 1742 1734 alias

100 1759 238 1790 rationes
261 1759 302 1790 de
324 1759 394 1790 eius
417 1758 618 1789 ordinatione
634 1758 842 1796 nesciremus,
866 1757 937 1788 illae
955 1757 1048 1788 nobis
1065 1764 1196 1799 possent
1212 1757 1359 1788 sufficere
1370 1762 1391 1795 ὅ,
1416 1756 1500 1798 quod
1518 1762 1564 1787 tot
1580 1756 1741 1786 Romanos

100 1810 266 1852 pontifices
296 1810 365 1841 eius
396 1810 592 1841 ordinationi
619 1809 811 1851 astipulatos
835 1810 1000 1840 sciremus.
1047 1809 1255 1850 Quapropter
1284 1808 1353 1839 illos
1382 1813 1506 1838 nostros
1540 1807 1742 1838 oblocutores
1774 1822 1783 1833 s

100 1861 171 1892 volo
195 1866 230 1892 ut
251 1861 434 1903 admoneas,
463 1862 615 1904 quatinus
639 1861 775 1905 [contra]
799 1866 987 1902 preceptum
1012 1861 1145 1891 Domini
1173 1859 1390 1891 ecclesiastico
1415 1859 1552 1900 principi
1576 1858 1741 1889 detrahere

101 1918 279 1948 vereantur,
313 1924 353 1944 ne
382 1914 414 1944 in
443 1913 504 1944 hoc
531 1924 596 1944 non
626 1920 690 1944 tam
723 1914 751 1944 ei
782 1923 912 1953 nocere,
949 1923 1045 1954 quam
1075 1913 1160 1942 vicio
1191 1922 1249 1942 suo
1281 1911 1464 1942 satisfacere
1495 1922 1513 1941 a
1543 1908 1741 1951 sapientibus

100 1965 213 1995 merito
239 1965 432 1996 iudicentur.

203 2016 417 2058 Omnipotens
440 2017 531 2048 Deus
560 2022 648 2047 tuam
677 2016 907 2047 fraternitatem
937 2015 988 2045 hie
1016 2021 1047 2046 et
1078 2016 1109 2045 in
1141 2019 1304 2045 aeternum
1334 2013 1493 2043 custodiat
1516 2017 1657 2042 orantem
1683 2021 1739 2052 pro

100 2077 160 2107 me,
183 2066 311 2099 domine
335 2073 366 2099 et
388 2074 478 2110 pater
502 2067 774 2099 reverentissime!

210 2172 238 2202 a)
257 2173 324 2197 Nam
345 2174 419 2198 iuxta
440 2173 464 2198 6.
541 2173 570 2202 b)
591 2173 661 2196 deest
682 2172 706 2197 6.
783 2172 807 2201 c)
830 2180 862 2195 eac
882 2171 1006 2195 facientis
1027 2179 1093 2194 corr.
1109 2170 1134 2194 6.
1210 2169 1236 2195 d)
1260 2170 1303 2201 qui
1325 2169 1348 2192 6.
1426 2168 1451 2193 e)
1473 2167 1540 2192 idem
1560 2168 1621 2191 Otto
1642 2167 1696 2190 des.
1715 2166 1739 2190 6.

100 2217 120 2249 f)
142 2219 293 2243 sanctiones
307 2218 332 2243 6.
389 2221 416 2251 g)
437 2219 542 2243 indiciis
557 2220 582 2244 6,
639 2218 667 2249 h)
688 2218 748 2250 epd.
765 2218 789 2241 6.
847 2218 867 2244 ἰ)
888 2217 958 2241 deest
976 2217 1000 2240 9.
1059 2216 1088 2242 k)
1110 2223 1212 2247 sumop.
1228 2216 1252 2239 9.
1310 2215 1328 2243 1)
1352 2215 1446 2246 penius
1467 2214 1491 2238 G.
1549 2214 1584 2243 m)
1605 2216 1695 2243 posset
1715 2212 1740 2236 6.

100 2263 131 2294 n)
151 2271 204 2289 nou
224 2273 258 2289 m.
278 2273 303 2297 p.
324 2273 367 2297 ap.
388 2265 442 2289 des.
463 2265 488 2289 6.
577 2265 602 2295 ο)
626 2272 758 2289 consensu
780 2263 843 2287 cleri
865 2266 890 2287 et
909 2262 1000 2294 populi
1022 2261 1085 2285 add.
1107 2262 1133 2285 6.
1216 2262 1243 2293 p)
1266 2261 1293 2284 iu
1311 2261 1353 2284 die
1375 2260 1400 2285 G.
1485 2262 1512 2291 q)
1534 2258 1636 2290 synodo
1657 2259 1739 2287 Quiti-

100 2309 215 2334 lineburt
234 2313 320 2342 apost.
342 2312 366 2335 G.
434 2311 456 2341 r)
479 2314 505 2335 et
525 2319 566 2343 ap.
588 2312 612 2335 9.
680 2310 703 2341 s)
726 2309 767 2333 hic
787 2309 910 2333 ‹tesinune
931 2312 1053 2339 excerpta
1073 2307 1129 2332 cod.
1151 2308 1174 2331 6.
1232 2307 1254 2331 t)
1274 2307 1396 2337 regaliter
1417 2306 1441 2329 9.
1499 2305 1527 2334 u)
1548 2304 1695 2329 habuerunt
1715 2304 1739 2327 9.

101 2354 128 2386 v)
148 2355 247 2380 habent
266 2357 291 2381 9.
367 2357 400 2388 w)
423 2365 482 2388 sup.
502 2365 556 2381 ras.
578 2357 603 2380 9.

207 2445 236 2479 1)
261 2445 380 2479 Greqor.
403 2445 468 2472 VII.
500 2454 591 2471 omnes
615 2444 748 2476 fautores
771 2443 902 2469 Heinrici
927 2442 1001 2476 reqis
1024 2441 1279 2473 anathematizat-it,
1309 2441 1357 2466 sed
1384 2440 1417 2465 de
1440 2439 1609 2472 depositione
1636 2437 1740 2462 Ottouis

102 2495 145 2521 vel
167 2495 287 2522 aliorum
308 2496 378 2522 m‘lzil
401 2496 540 2529 expressis
562 2496 654 2522 verbis
676 2495 789 2527 statm't;
817 2494 913 2528 Jasse‘,
937 2493 1012 2519 Bibl.
1037 2492 1077 2523 II,
1098 2501 1130 2526 p.
1156 2492 1225 2519 403.
1313 2490 1343 2525 2)
1368 2491 1454 2517 Bern.
1481 2490 1578 2516 Chron.
1604 2498 1630 2514 a.
1652 2487 1738 2518 1084,

102 2545 158 2573 SS.
179 2549 199 2573 t.
216 2546 245 2580 V,
263 2556 296 2580 p.
313 2547 384 2575 441.
473 2548 503 2580 3)
526 2546 778 2579 Quedlz'nburyensi
800 2554 826 2571 α.
844 2544 932 2575 1085,
957 2545 1042 2570 Bern.
1062 2544 1161 2569 Clu-on.
1186 2543 1204 2569 l.
1221 2543 1239 2569 l.
1261 2551 1290 2576 p.
1308 2542 1378 2567 443.
1458 2541 1486 2573 4)
1511 2541 1542 2565 In
1567 2539 1661 2565 chron.
1685 2539 1703 2563 l.
1721 2539 1739 2564 l.

104 2597 262 2625 Ber-ualdus
283 2599 415 2633 synodali
436 2599 541 2624 iudicio
564 2598 651 2630 refert
674 2597 840 2630 confirmata
862 2604 927 2628 esse,
951 2603 1022 2629 quae
1041 2594 1102 2620 Otto
1121 2593 1253 2619 Ostiensis
1269 2593 1460 2619 ordinaverat.
1548 2590 1578 2625 5)
1602 2590 1739 2616 Nimirum

103 2648 255 2676 Ber-thoceio
269 2650 311 2677 II.
336 2651 405 2676 duce
427 2651 461 2676 de
478 2649 629 2684 Zerinqen,
653 2649 731 2675 euius
747 2649 846 2681 frater
869 2650 929 2673 erat
953 2646 1128 2678 Gebhardm,
1152 2654 1186 2670 ac
1204 2643 1326 2675 Welsone
1348 2644 1418 2669 duce
1434 2639 1591 2668 Bai-ariae.
1659 2641 1687 2666 6)
1710 2639 1738 2666 1⁷.

104 2707 175 2733 quae
195 2709 285 2735 supra
303 2711 334 2736 p.
359 2702 387 2728 3.
411 2702 445 2727 de
467 2702 576 2727 ratione
599 2700 740 2726 Bernaldi
759 2700 789 2725 in
811 2698 985 2731 defendendo
1009 2696 1146 2730 Greyorio
1170 2695 1232 2721 VII.
1256 2695 1326 2721 dixi.

1760 273 1908 292 vertemus&

1760 320 1830 339 ‘t‘.11.

1771 379 1792 401 Ἰ)

1763 1661 1844 1683 ·s.11¹.
