2132 3067
50 716 75 735 10

46 974 72 993 15

47 1231 74 1250 2⁰

47 1490 74 1509 25

48 1749 76 1768 30

51 2005 79 2026 ³5

53 2264 83 2283 ⁴0

244 149 474 176 TRACTATUS
498 150 549 176 DE
571 149 690 176 REGIA
714 149 934 177 POTESTATE
956 151 1005 176 ET
1029 150 1298 178 SACERDOTALI
1322 150 1546 178 DIGNITATE.
1573 151 1595 176 I.
1678 147 1740 177 4⁴39

83 239 245 282 faciebat,
275 250 309 269 eo
333 239 419 279 quod
444 250 507 269 non
533 244 610 270 esset
636 250 693 269 rea]
718 240 751 270 ίη
776 239 889 270 Israel.
939 239 988 269 Ex
1012 240 1128 281 quibus
1152 240 1260 270 verbis
1292 239 1414 282 liquido
1442 244 1540 281 patet,
1573 239 1657 281 quia,
1688 240 1741 270 ubi

93 303 148 323 rex
171 301 233 321 non
258 297 305 321 est
329 290 383 331 qui
408 289 561 331 populum
587 298 678 331 regat
703 296 735 320 et
757 302 775 321 a
799 291 979 321 temeritate
1003 297 1131 322 revocet
1154 297 1185 321 et
1208 292 1358 332 abducat,
1385 297 1486 322 totum
1512 292 1602 333 regni
1627 302 1743 333 corpus

93 341 229 374 vacillat.
275 341 369 372 Unde
398 340 451 372 ille
482 352 539 372 rex
571 341 684 372 merito
716 343 876 372 vocitatur
905 342 960 383 qui
991 353 1096 372 mores
1127 353 1201 373 suos
1231 349 1451 384 competenter
1480 354 1591 384 regere
1622 349 1652 374 et
1683 342 1743 374 sibi

93 393 255 426 subiectos
287 393 368 424 bene
399 393 489 423 novit
520 392 717 424 modificare.
762 392 851 432 Ideo,
883 394 1024 435 inquam,
1055 393 1145 424 Deus
1168 395 1371 435 omnipotens
1402 395 1537 425 caeteris
1561 394 1743 426 hominibus

93 456 211 487 regern,
235 444 287 475 cui
309 454 381 474 cum
406 445 452 474 eis
476 454 539 474 una
563 443 717 475 nascendi
741 445 963 486 moriendique
988 445 1150 475 conditio³
1175 451 1232 485 est,
1256 446 1447 487 praetulisse
1472 447 1687 487 cognoscitur,
1712 451 1745 476 ut

93 504 123 529 et
145 507 202 528 suo
226 502 347 527 terrore
372 496 432 527 sibi
457 495 636 526 subiectum
662 496 816 536 populum
841 508 860 527 a
883 495 966 527 malo
992 496 1169 535 coherceat,
1195 502 1227 528 et
1249 504 1284 528 ut
1307 498 1346 528 ad
1373 504 1456 529 recte
1473 497 1645 528 vivendum
1670 497 1745 538 legi-

93 549 151 581 bus
173 547 301 579 subdat.
346 547 441 578 Unde
464 558 523 588 per
545 554 707 578 terrenum
732 558 865 588 regnum
890 559 966 589 sepe
990 547 1119 578 caelesti
1145 549 1282 590 proficit,
1307 548 1380 580 dum
1408 549 1492 591 quod
1509 548 1659 579 sacerdos
1680 559 1742 579 non

93 599 256 643 praevalet
285 598 411 630 efficere
441 610 499 640 per
528 599 693 630 doctrinae
724 609 916 637 sermonem,
947 599 1037 640 regia
1071 606 1212 640 potestas
1247 600 1306 630 hoc
1340 601 1407 641 agit
1435 599 1485 631 vel
1519 601 1658 642 imperat
1688 611 1744 642 per

95 651 285 692 disciplinae
316 656 470 681 terrorem
482 656 502 682 ¹.
548 650 693 692 Populus
716 651 801 681 enim
833 651 917 692 regis
941 656 1028 681 metu
1056 650 1149 682 facile
1173 652 1352 692 corrigitur.
1398 652 1465 683 Rex
1490 663 1567 682 vero
1592 653 1652 682 nisi
1677 651 1744 682 solo

95 703 157 735 Dei
180 703 294 734 timore
323 707 354 733 et
383 708 471 733 metu
499 701 665 743 gehennae
695 702 736 732 ab
767 703 885 733 iniusto
915 703 1061 734 tramiteb
1093 703 1224 734 minime
1248 703 1434 734 deterretur.
1481 703 1611 734 Debetc
1637 710 1742 734 tamen

94 765 221 796 semper
243 753 350 784 animo
374 753 515 784 recolere
538 753 618 785 illud
642 754 700 785 viri
724 754 952 796 sapientissimi
977 754 1115 785 dictum:
1139 755 1179 785 In
1198 756 1467 795 maiorz'fm·lwza
1487 758 1592 787 minor
1610 755 1744 786 licentia

93 811 147 839 est.
199 806 273 847 Ipse
306 805 402 836 etiam
438 805 501 836 sibi
535 806 681 837 subiecto
716 806 836 848 populo
871 806 967 837 debet
1001 817 1127 847 semper
1163 807 1265 847 magis
1300 808 1453 848 proficere
1489 817 1583 848 quain
1619 818 1743 838 nocere.

93 858 344 899 Verumptamen
368 857 545 888 seeundum
565 859 712 889 meritum
738 858 939 889 subditorum
965 857 1150 889 tribuuntur
1166 857 1356 899 plerumque
1378 869 1532 899 personae
1551 859 1744 899 regentium:

93 915 124 942 et
144 910 190 941 ita
212 920 441 950 nonnunquam
467 909 527 940 sibi
552 909 690 940 invicem
715 914 929 940 conectuntur
952 910 1067 941 merita
1091 910 1309 940 subiectorum
1334 916 1431 951 atque
1455 915 1624 942 rectorum.
1649 918 1682 941 ut
1705 922 1744 941 ex

92 960 186 1004 culpa
214 966 375 992 rectorum
407 960 463 991 fiat
490 961 631 992 deterior
654 961 720 991 vita
751 960 964 999 subditorum,
993 967 1095 992 etrex
1127 962 1249 992 meritis
1279 961 1480 992 subditorum
1512 967 1652 992 mutetur
1680 962 1745 992 vita

93 1018 263 1045 rectorum.
316 1011 381 1044 Sed
405 1013 506 1044 etsie
529 1013 620 1044 Deus
645 1013 848 1054 omnipotens
879 1018 910 1044 et
933 1013 1083 1044 dominus
1114 1014 1262 1044 universe
1295 1019 1438 1044 creature
1469 1023 1559 1043 suam
1587 1013 1747 1044 ordinavit

93 1069 282 1103 ereaturam,
311 1070 346 1095 ut
376 1070 406 1096 et
437 1064 477 1095 de
502 1065 593 1096 bonis
625 1070 657 1096 et
680 1064 719 1095 de
743 1064 836 1095 malis
861 1064 943 1095 bene
969 1065 1096 1096 faceret.
1141 1065 1193 1096 De
1217 1064 1320 1105 bonis,
1348 1065 1490 1105 inquam,
1523 1071 1553 1095 et
1584 1064 1623 1095 de
1655 1064 1746 1094 malis

95 1117 173 1148 bene
195 1116 274 1147 facit
289 1116 391 1155 Deus,
416 1117 470 1158 qui
495 1117 603 1147 omnia
628 1117 710 1147 iuste
734 1116 810 1146 facit
833 1122 929 1158 atque
953 1116 1126 1158 disponitd.
1174 1117 1215 1148 Et
1239 1118 1284 1147 sic
1307 1116 1351 1154 fit,
1375 1122 1409 1147 ut
1433 1123 1463 1147 et
1486 1116 1588 1147 malus
1612 1116 1745 1157 angelus

93 1174 124 1200 et
146 1167 247 1200 malus
278 1168 373 1198 homo
402 1167 510 1199 divine
541 1167 680 1199 militent
708 1168 921 1210 providentie,
951 1168 1025 1200 licet
1048 1169 1195 1200 nesciant
1225 1167 1301 1210 quid
1334 1167 1410 1198 boni
1440 1169 1479 1198 de
1503 1167 1565 1198 illis
1596 1174 1747 1208 operetur

93 1220 203 1251 divina
225 1219 430 1261 providentia
453 1219 503 1250 vel
527 1219 687 1251 voluntas.
734 1220 834 1251 Porro
857 1221 960 1262 ipsius
984 1220 1142 1259 voluntaS,
1173 1221 1268 1251 etiam
1293 1230 1365 1250 cum
1391 1219 1473 1249 mala
1497 1219 1635 1260 inrogat,
1664 1220 1746 1250 iusta

94 1282 164 1303 esse
187 1271 397 1304 dinosciture.
443 1271 486 1302 Et
510 1273 585 1314 quia
610 1272 693 1302 iusta
717 1278 774 1309 est,
806 1271 889 1303 mala
918 1283 981 1303 non
1005 1279 1062 1303 est.
1107 1272 1151 1303 Et
1180 1271 1267 1313 quod
1298 1271 1379 1303 bene
1410 1271 1455 1309 fit,
1485 1272 1568 1302 iuste
1599 1271 1643 1301 fit.
1687 1270 1746 1308 Ita,

94 1324 235 1365 inquam,
258 1334 322 1354 non
346 1328 470 1354 tantum
497 1334 608 1354 omnes
633 1323 787 1361 homines,
813 1324 868 1354 sed
893 1324 988 1354 etiam
1013 1324 1117 1355 omnis
1141 1329 1288 1354 creatura
1311 1324 1342 1353 in
1366 1334 1483 1364 genere
1507 1333 1564 1353 suo
1589 1327 1620 1353 et
1644 1323 1675 1352 in
1700 1333 1746 1352 or-

93 1375 167 1407 dine
189 1386 247 1406 suo
272 1375 401 1406 divinae
425 1374 648 1416 providentiae
671 1374 796 1416 legibus
821 1375 968 1406 subditae
992 1376 1065 1416 sint,
1087 1387 1127 1406 ne
1150 1374 1271 1416 aliquid
1295 1375 1449 1405 iniustum
1475 1375 1578 1415 possit
1600 1373 1746 1405 accidere

94 1432 269 1459 creaturae.
315 1426 410 1466 Quod
435 1427 577 1458 ostendit
600 1426 809 1468 euangelista,
833 1427 887 1458 ubi
912 1428 972 1458 ait:
994 1427 1115 1458 Nonne
1139 1427 1202 1458 cluo
1217 1438 1368 1468 passeres
1393 1437 1465 1456 asse
1490 1431 1636 1463 veneunt,
1659 1437 1746 1456 unus

93 1491 202 1511 eorum
225 1490 292 1509 non
315 1479 406 1510 cadit
435 1479 471 1509 in
495 1484 583 1511 terra
607 1481 678 1510 sine
706 1479 868 1510 voluntate
891 1479 1003 1509 Patris
1034 1479 1152 1510 vestri?
1198 1479 1304 1519 Igitur
1334 1477 1435 1519 liquet
1464 1477 1523 1507 hoc
1551 1477 1745 1508 documento

94 1530 170 1562 illud
196 1531 303 1568 etiam,
327 1531 412 1572 quod
430 1530 575 1562 homines
599 1533 630 1561 in
655 1537 741 1561 terra
757 1530 950 1560 vilissimum
972 1536 1095 1572 putant,
1120 1531 1181 1561 Dei
1208 1530 1441 1571 omnipotentia
1456 1528 1641 1569 gubernari.
1681 1528 1744 1560 Sed

95 1583 170 1625 quia
192 1582 328 1613 mundas
352 1588 383 1613 et
406 1581 613 1613 rationabiles
637 1583 760 1613 animas
789 1583 858 1624 ipse
882 1593 940 1623 per
963 1593 996 1613 se
1021 1582 1111 1613 Deus
1136 1581 1320 1624 specialiter
1348 1587 1437 1611 curat
1459 1586 1555 1622 atque
1579 1580 1747 1621 gubernat,

95 1634 162 1665 sive
185 1645 244 1676 per
267 1632 406 1665 obtimos
429 1633 572 1675 angelos,
604 1634 659 1675 qui
690 1634 966 1665 amministratorii
998 1634 1130 1675 spiritus
1154 1639 1238 1672 sunt,
1269 1638 1401 1674 propter
1423 1644 1487 1671 eos,
1520 1633 1575 1673 qui
1605 1631 1746 1662 haeredi-

96 1691 191 1717 tatem
215 1691 290 1717 sunt
309 1683 505 1728 percepturi,
529 1687 597 1717 sive
622 1697 679 1727 per
703 1686 848 1716 homines
872 1691 937 1716 tota
961 1685 1022 1716 sibi
1046 1685 1210 1716 voluntate
1234 1685 1420 1724 servientes,
1445 1689 1572 1715 caetera
1593 1695 1667 1715 vero
1690 1695 1748 1726 per

96 1748 210 1780 pravos
234 1748 379 1780 quosque
409 1737 552 1779 disponit
574 1744 671 1779 atque
703 1737 871 1779 gubernat,
901 1738 1066 1768 verissime
1097 1736 1173 1768 illud
1205 1736 1246 1768 ab
1269 1735 1416 1778 apostolo
1445 1736 1507 1766 dici
1533 1737 1638 1777 potuit
1661 1735 1745 1778 quod

96 1789 250 1831 scriptum
279 1795 340 1820 est:
369 1789 534 1831 Numquid
565 1791 603 1820 (Ie
627 1790 726 1821 bobus
749 1801 831 1820 cura
862 1794 907 1820 est
931 1789 1022 1820 Deo?
1068 1789 1182 1831 Itaque
1214 1800 1271 1819 rex
1305 1789 1407 1818 bonus
1440 1787 1623 1818 hominibus
1654 1787 1748 1818 datur

97 1840 167 1872 Deo
190 1841 348 1882 propicio,
373 1846 404 1872 et
420 1852 539 1882 pravus
555 1841 627 1872 Deo
651 1842 742 1880 irato,
767 1841 852 1872 sicut
874 1841 943 1882 ipse
966 1852 1023 1882 per
1039 1840 1230 1882 prophetam
1255 1844 1390 1870 testatur
1407 1838 1603 1870 Israhelitico
1628 1837 1747 1880 populo

97 1892 222 1924 dicens:
252 1892 359 1933 Dabo,
388 1893 502 1935 inquit,
533 1893 592 1924 tihi
615 1904 720 1933 regyem
752 1893 922 1933 infui-ore
945 1903 1022 1923 meo.
1068 1892 1110 1922 Et
1140 1893 1171 1922 in
1195 1891 1257 1922 alio
1282 1892 1370 1922 loco:
1402 1891 1557 1932 Reynare
1576 1890 1747 1931 permittit,

97 1944 209 1986 inquit,
233 1945 322 1975 Deus
346 1945 554 1986 hypocritam
573 1950 712 1986 propter
724 1950 862 1986 peccata
884 1943 1011 1985 populi.
1057 1943 1265 1984 Quapropter
1287 1943 1445 1974 tolerandi
1470 1948 1544 1972 sunt
1567 1952 1585 1971 a
1609 1941 1747 1971 subditis

98 1996 214 2039 quique
238 2006 330 2037 reges
354 2007 393 2026 ac
416 1997 590 2038 principes,
620 2007 679 2026 nec
703 2002 750 2027 cst
773 1997 818 2027 eis
842 2007 861 2026 a
885 2005 1044 2037 quoquam
1076 2001 1195 2025 temere
1219 1995 1445 2032 resistendum,
1474 2005 1512 2024 ne
1536 1994 1611 2023 dum
1637 2003 1745 2023 eorum

98 2047 257 2079 iniusticia
279 2047 533 2089 reprehenditur,
564 2049 636 2090 ipsa
659 2048 815 2088 magistra
838 2046 1039 2077 rectitudinis
1070 2045 1232 2076 humilitas
1259 2047 1434 2077 amittatur.
1480 2045 1538 2084 Ita,
1563 2046 1705 2086 inquam,
1729 2055 1747 2073 a

97 2098 233 2130 subditis
256 2099 343 2130 cirea
365 2110 458 2141 reges
489 2106 520 2131 et
543 2100 707 2141 principes
731 2104 779 2129 est
803 2098 944 2129 tenenda
974 2098 1025 2128 via
1048 2097 1251 2128 rectitudinis
1282 2104 1313 2128 et
1336 2096 1535 2136 humilitatis,
1566 2103 1600 2126 ut
1632 2096 1676 2126 ita
1699 2107 1747 2126 re-

99 2150 325 2192 prehensibilia
355 2162 484 2182 suorum
517 2158 678 2182 rectorum
709 2150 791 2181 facta
823 2149 1014 2191 despiciant,
1045 2154 1202 2191 quatenus
1225 2160 1335 2179 eorum
1368 2160 1458 2179 mens
1489 2159 1507 2178 a
1530 2147 1744 2189 praelatorum

99 2203 276 2233 reverentia
303 2213 368 2233 non
391 2202 530 2234 recedat.
576 2202 672 2242 Quod
696 2202 776 2233 bene
801 2201 876 2233 boui
908 2201 963 2232 tilii
988 2201 1055 2231 Noe
1085 2206 1159 2230 tunc
1183 2200 1296 2231 fecisse
1320 2200 1480 2240 leguntur,
1510 2209 1581 2230 cum
1604 2198 1747 2229 verenda

99 2254 199 2295 ipsius
227 2255 349 2286 aversis
377 2254 520 2285 vultibus
543 2254 650 2285 velare
683 2252 884 2284 studuerunt.
929 2256 1018 2292 Quos
1047 2253 1214 2282 imitantur
1245 2252 1364 2283 subditi
1393 2252 1521 2293 quique,
1553 2250 1670 2293 quibus
1701 2251 1747 2281 sic

100 2306 354 2348 praepositorum
385 2317 515 2338 suorum
546 2305 630 2336 mala
653 2304 832 2346 displicent,
864 2310 897 2334 ut
927 2310 1034 2335 tamen
1065 2303 1143 2334 hacc
1175 2303 1215 2334 ab
1247 2303 1316 2334 aliis
1346 2302 1516 2334 occultent.
1562 2303 1625 2341 Qui
1651 2303 1745 2333 etiam

100 2361 177 2388 tunc
198 2358 303 2389 aversi
325 2358 561 2400 operimentum
593 2357 751 2395 deferunt,
783 2355 912 2397 quando
940 2355 1119 2386 iudicantes
1142 2355 1261 2386 factum
1292 2360 1322 2385 et
1345 2360 1535 2385 venerantes
1558 2354 1745 2395 magistrum

101 2407 212 2440 nolunt
233 2409 336 2440 videri
361 2409 470 2452 quodf
493 2415 616 2450 tegunt.
663 2408 755 2438 Hanc
778 2408 872 2438 etiam
898 2407 1031 2437 formam
1057 2406 1244 2437 humilitatis
1267 2412 1299 2436 ct
1321 2406 1577 2437 mansuetudinis
1601 2405 1748 2436 dominus

212 2513 239 2546 a)
261 2515 383 2539 condicio
404 2515 428 2539 -2,
541 2515 567 2545 b)
589 2514 714 2546 spi-amite
736 2514 760 2537 ’2.
874 2515 898 2542 c)
920 2512 1028 2536 deberet
1049 2513 1073 2536 ’2.
1187 2512 1213 2541 d)
1237 2512 1369 2543 disposuit
1391 2512 1415 2535 ⁶2.
1530 2516 1556 2537 el
1583 2512 1701 2543 dignosc.
1725 2512 1747 2534 2.

59 2563 86 2583 ⁴5
103 2558 123 2591 f)
145 2567 210 2593 quos
230 2561 254 2585 2.

213 2658 240 2691 1)
268 2657 312 2690 Cf.
336 2658 442 2684 Isidori
463 2659 541 2685 Sem.
566 2659 623 2690 Ill,
649 2667 671 2684 c.
690 2658 738 2688 51,
764 2667 789 2683 π,
809 2657 835 2687 4,
864 2658 934 2690 (lpp.
960 2658 1000 2682 ed.
1027 2656 1164 2682 Arei-alus
1196 2656 1240 2687 Vl,
1262 2665 1292 2689 p.
1311 2655 1387 2681 344:
1417 2654 1494 2689 quod
1518 2663 1574 2679 non
1600 2653 1745 2688 praevalet

107 2708 241 2734 sacerdos
271 2708 387 2735 efficere
418 2718 471 2744 per
503 2709 653 2736 doctrinae
685 2716 857 2739 sermonem,
895 2711 1024 2741 potestas
1055 2706 1109 2732 hoc
1139 2707 1263 2741 imperet
1298 2715 1351 2740 per
1383 2705 1554 2739 disciplima·
1594 2708 1746 2730 terrorem:

107 2757 144 2790 cf.
167 2759 323 2786 Deuscledit
345 2761 408 2788 Lib.
433 2765 529 2787 contra
552 2761 696 2788 invasores
718 2759 801 2793 prol.‚
832 2759 934 2784 Libellz'
957 2759 996 2791 Il,
1023 2768 1052 2793 p.
1071 2759 1147 2792 300‚·
1178 2758 1293 2785 Placidi
1316 2758 1510 2783 Nouamuiam.
1535 2757 1567 2783 L.
1592 2757 1626 2782 de
1648 2756 1748 2781 honore

107 2810 170 2835 ecel.
187 2819 210 2836 c.
227 2811 275 2844 37,
298 2811 396 2846 infra‚·
419 2812 600 2838 Hambertztm
624 2812 642 2838 I.
661 2811 718 2841 III,
743 2820 766 2838 c.
786 2811 832 2839 15,
854 2811 901 2842 21,
927 2810 1029 2836 Libelli
1052 2810 1076 2844 I,
1096 2819 1128 2844 p.
1146 2810 1216 2836 217.
1235 2810 1305 2835 226.

1767 1436 1919 1461 §ramiridem

1770 1799 1787 1816 1.
1797 1797 1849 1816 Cor.
1861 1798 1880 1821 9,
1891 1798 1910 1815 9.

1768 1888 1806 1906 Os,
1818 1887 1849 1909 13,
1860 1887 1880 1905 5.

1768 1917 1807 1934 Iob
1818 1916 1852 1939 34,
1863 1916 1890 1934 30

1769 2210 1825 2229 Gon.
1837 2210 1858 2231 9,
1869 2209 1903 2228 23.
