<?xml version="1.0" encoding="UTF-8"?>
<!DOCTYPE html PUBLIC "-//W3C//DTD XHTML 1.0 Transitional//EN"
    "http://www.w3.org/TR/xhtml1/DTD/xhtml1-transitional.dtd">
<html xmlns="http://www.w3.org/1999/xhtml" xml:lang="en" lang="en">
 <head>
  <title>
</title>
<meta http-equiv="Content-Type" content="text/html;charset=utf-8" />
  <meta name='ocr-system' content='tesseract 3.04.00' />
  <meta name='ocr-capabilities' content='ocr_page ocr_carea ocr_par ocr_line ocrx_word'/>
</head>
<body>
  <div class='ocr_page' id='page_1' title='image "./monumenta02geseuoft_0385.png"; bbox 0 0 2132 3067; ppageno 0'>
   <div class='ocr_carea' id='block_1_1' title="bbox 609 150 1740 182">
    <p class='ocr_par' dir='ltr' id='par_1_1' title="bbox 609 150 1740 182">
     <span class='ocr_line' id='line_1_1' title="bbox 609 150 1740 182; baseline 0.003 -4"><span class='ocrx_word' id='word_1_1' title='bbox 609 151 733 178; x_wconf 80' lang='lat' dir='ltr'>GESTA</span> <span class='ocrx_word' id='word_1_2' title='bbox 755 152 942 179; x_wconf 84' lang='lat' dir='ltr'><strong>ROMANAE</strong></span> <span class='ocrx_word' id='word_1_3' title='bbox 964 152 1176 180; x_wconf 75' lang='lat' dir='ltr'>ECCLESIAE</span> <span class='ocrx_word' id='word_1_4' title='bbox 1199 154 1221 180; x_wconf 86' lang='grc' dir='ltr'>Ι.</span> <span class='ocrx_word' id='word_1_5' title='bbox 1680 150 1740 182; x_wconf 76' lang='grc'>371</span> 
     </span>
    </p>
   </div>
   <div class='ocr_carea' id='block_1_2' title="bbox 37 239 1742 2142">
    <p class='ocr_par' dir='ltr' id='par_1_2' title="bbox 40 239 1742 1057">
     <span class='ocr_line' id='line_1_2' title="bbox 90 239 1740 282; baseline 0.001 -10"><span class='ocrx_word' id='word_1_6' title='bbox 90 241 132 272; x_wconf 76' lang='lat' dir='ltr'>Et</span> <span class='ocrx_word' id='word_1_7' title='bbox 155 241 243 271; x_wconf 82' lang='lat' dir='ltr'>misit</span> <span class='ocrx_word' id='word_1_8' title='bbox 264 240 344 271; x_wconf 88' lang='lat' dir='ltr'>duos</span> <span class='ocrx_word' id='word_1_9' title='bbox 368 240 555 277; x_wconf 81' lang='lat' dir='ltr'>cardinales,</span> <span class='ocrx_word' id='word_1_10' title='bbox 587 241 738 272; x_wconf 89' lang='lat' dir='ltr'>Attonem</span> <span class='ocrx_word' id='word_1_11' title='bbox 763 247 794 272; x_wconf 87' lang='lat' dir='ltr'>et</span> <span class='ocrx_word' id='word_1_12' title='bbox 816 239 1012 280; x_wconf 68' lang='lat' dir='ltr'>Ctmonem1,</span> <span class='ocrx_word' id='word_1_13' title='bbox 1045 241 1153 282; x_wconf 76' lang='lat' dir='ltr'>apuda</span> <span class='ocrx_word' id='word_1_14' title='bbox 1178 248 1322 273; x_wconf 80' lang='lat' dir='ltr'>sanctam</span> <span class='ocrx_word' id='word_1_15' title='bbox 1347 243 1552 273; x_wconf 76' lang='lat' dir='ltr'>Anastasiam</span> <span class='ocrx_word' id='word_1_16' title='bbox 1563 243 1587 282; x_wconf 77' lang='lat'>¹³,</span> <span class='ocrx_word' id='word_1_17' title='bbox 1612 248 1646 274; x_wconf 84' lang='lat' dir='ltr'>ut</span> <span class='ocrx_word' id='word_1_18' title='bbox 1670 255 1740 274; x_wconf 88' lang='lat' dir='ltr'>cum</span> 
     </span>
     <span class='ocr_line' id='line_1_3' title="bbox 90 291 1742 336; baseline 0.002 -13"><span class='ocrx_word' id='word_1_19' title='bbox 90 293 276 334; x_wconf 66' lang='lat' dir='ltr'>Supponez‚</span> <span class='ocrx_word' id='word_1_20' title='bbox 304 292 449 323; x_wconf 86' lang='lat' dir='ltr'>eiusdem</span> <span class='ocrx_word' id='word_1_21' title='bbox 473 291 648 323; x_wconf 82' lang='lat' dir='ltr'>aecclesiae</span> <span class='ocrx_word' id='word_1_22' title='bbox 671 291 951 334; x_wconf 73' lang='lat' dir='ltr'>archipresbiterO,</span> <span class='ocrx_word' id='word_1_23' title='bbox 982 292 1166 324; x_wconf 85' lang='lat' dir='ltr'>triduanum</span> <span class='ocrx_word' id='word_1_24' title='bbox 1199 294 1355 325; x_wconf 89' lang='lat' dir='ltr'>ieiunium</span> <span class='ocrx_word' id='word_1_25' title='bbox 1387 300 1588 336; x_wconf 79' lang='lat' dir='ltr'>peragerent,</span> <span class='ocrx_word' id='word_1_26' title='bbox 1619 300 1649 326; x_wconf 92' lang='lat' dir='ltr'>et</span> <span class='ocrx_word' id='word_1_27' title='bbox 1680 295 1742 326; x_wconf 90' lang='lat' dir='ltr'>illis</span> 
     </span>
     <span class='ocr_line' id='line_1_4' title="bbox 89 342 1742 388; baseline 0.001 -13"><span class='ocrx_word' id='word_1_28' title='bbox 89 344 191 375; x_wconf 85' lang='lat' dir='ltr'>tribus</span> <span class='ocrx_word' id='word_1_29' title='bbox 215 343 330 375; x_wconf 89' lang='lat' dir='ltr'>diebus</span> <span class='ocrx_word' id='word_1_30' title='bbox 361 342 479 384; x_wconf 80' lang='lat' dir='ltr'>singuli</span> <span class='ocrx_word' id='word_1_31' title='bbox 510 355 567 385; x_wconf 92' lang='lat' dir='ltr'>per</span> <span class='ocrx_word' id='word_1_32' title='bbox 597 343 665 375; x_wconf 87' lang='lat' dir='ltr'>dies</span> <span class='ocrx_word' id='word_1_33' title='bbox 689 343 834 385; x_wconf 83' lang='lat' dir='ltr'>singulos</span> <span class='ocrx_word' id='word_1_34' title='bbox 861 343 1048 385; x_wconf 84' lang='lat' dir='ltr'>psalterium</span> <span class='ocrx_word' id='word_1_35' title='bbox 1073 350 1104 375; x_wconf 90' lang='lat' dir='ltr'>et</span> <span class='ocrx_word' id='word_1_36' title='bbox 1129 345 1241 376; x_wconf 87' lang='lat' dir='ltr'>missas</span> <span class='ocrx_word' id='word_1_37' title='bbox 1266 345 1474 377; x_wconf 84' lang='lat' dir='ltr'>decantarent</span> <span class='ocrx_word' id='word_1_38' title='bbox 1498 352 1533 377; x_wconf 92' lang='lat' dir='ltr'>ut</span> <span class='ocrx_word' id='word_1_39' title='bbox 1556 358 1653 388; x_wconf 86' lang='lat' dir='ltr'>supra</span> <span class='ocrx_word' id='word_1_40' title='bbox 1676 346 1742 377; x_wconf 88' lang='lat' dir='ltr'>dic-</span> 
     </span>
     <span class='ocr_line' id='line_1_5' title="bbox 89 394 1261 437; baseline 0.001 -11"><span class='ocrx_word' id='word_1_41' title='bbox 89 401 176 427; x_wconf 91' lang='lat' dir='ltr'>tumc</span> <span class='ocrx_word' id='word_1_42' title='bbox 201 396 328 437; x_wconf 86' lang='lat' dir='ltr'>signum</span> <span class='ocrx_word' id='word_1_43' title='bbox 354 396 399 426; x_wconf 93' lang='lat' dir='ltr'>eis</span> <span class='ocrx_word' id='word_1_44' title='bbox 425 394 575 426; x_wconf 86' lang='lat' dir='ltr'>Christus</span> <span class='ocrx_word' id='word_1_45' title='bbox 600 395 801 426; x_wconf 81' lang='lat' dir='ltr'>ostenderet:</span> <span class='ocrx_word' id='word_1_46' title='bbox 826 394 936 437; x_wconf 82' lang='lat' dir='ltr'>quodd</span> <span class='ocrx_word' id='word_1_47' title='bbox 960 395 1092 426; x_wconf 87' lang='lat' dir='ltr'>minime</span> <span class='ocrx_word' id='word_1_48' title='bbox 1116 398 1261 437; x_wconf 74' lang='lat' dir='ltr'>contigit.</span> 
     </span>
     <span class='ocr_line' id='line_1_6' title="bbox 57 446 1740 488; baseline 0.002 -11"><span class='ocrx_word' id='word_1_49' title='bbox 57 460 69 480; x_wconf 85' lang='lat'><strong>5</strong></span> <span class='ocrx_word' id='word_1_50' title='bbox 192 448 222 478; x_wconf 73' lang='grc' dir='ltr'>ἔ).</span> <span class='ocrx_word' id='word_1_51' title='bbox 266 447 447 488; x_wconf 82' lang='lat' dir='ltr'>Imperator</span> <span class='ocrx_word' id='word_1_52' title='bbox 477 446 610 478; x_wconf 75' lang='lat' dir='ltr'>solitus²</span> <span class='ocrx_word' id='word_1_53' title='bbox 640 453 708 478; x_wconf 87' lang='lat' dir='ltr'>erat</span> <span class='ocrx_word' id='word_1_54' title='bbox 738 447 924 488; x_wconf 86' lang='lat' dir='ltr'>frequenter</span> <span class='ocrx_word' id='word_1_55' title='bbox 954 447 999 477; x_wconf 90' lang='lat' dir='ltr'>ire</span> <span class='ocrx_word' id='word_1_56' title='bbox 1038 447 1077 477; x_wconf 87' lang='lat' dir='ltr'>ad</span> <span class='ocrx_word' id='word_1_57' title='bbox 1109 449 1285 480; x_wconf 85' lang='lat' dir='ltr'>orationem</span> <span class='ocrx_word' id='word_1_58' title='bbox 1319 448 1358 478; x_wconf 88' lang='lat' dir='ltr'>ad</span> <span class='ocrx_word' id='word_1_59' title='bbox 1391 448 1579 480; x_wconf 79' lang='lat' dir='ltr'>aecclesiam</span> <span class='ocrx_word' id='word_1_60' title='bbox 1613 456 1740 480; x_wconf 79' lang='lat' dir='ltr'>sanctae</span> 
     </span>
     <span class='ocr_line' id='line_1_7' title="bbox 62 496 1740 542; baseline 0.002 -13"><span class='ocrx_word' id='word_1_61' title='bbox 62 496 64 498; x_wconf 52' lang='grc'>’</span> <span class='ocrx_word' id='word_1_62' title='bbox 87 498 219 539; x_wconf 84' lang='lat' dir='ltr'>Mariae,</span> <span class='ocrx_word' id='word_1_63' title='bbox 242 509 324 540; x_wconf 86' lang='lat' dir='ltr'>quae</span> <span class='ocrx_word' id='word_1_64' title='bbox 348 504 395 530; x_wconf 90' lang='lat' dir='ltr'>est</span> <span class='ocrx_word' id='word_1_65' title='bbox 418 499 449 529; x_wconf 89' lang='lat' dir='ltr'>in</span> <span class='ocrx_word' id='word_1_66' title='bbox 475 503 581 529; x_wconf 87' lang='lat' dir='ltr'>monte</span> <span class='ocrx_word' id='word_1_67' title='bbox 598 499 761 528; x_wconf 88' lang='lat' dir='ltr'>Aventino</span> <span class='ocrx_word' id='word_1_68' title='bbox 772 503 794 529; x_wconf 81' lang='lat'>³.</span> <span class='ocrx_word' id='word_1_69' title='bbox 841 498 1083 529; x_wconf 82' lang='lat' dir='ltr'>Hildebrandus</span> <span class='ocrx_word' id='word_1_70' title='bbox 1106 505 1224 539; x_wconf 88' lang='lat' dir='ltr'>autem,</span> <span class='ocrx_word' id='word_1_71' title='bbox 1249 511 1321 530; x_wconf 85' lang='lat' dir='ltr'>cum</span> <span class='ocrx_word' id='word_1_72' title='bbox 1348 511 1405 541; x_wconf 84' lang='lat' dir='ltr'>per</span> <span class='ocrx_word' id='word_1_73' title='bbox 1427 500 1648 542; x_wconf 75' lang='lat' dir='ltr'>exploratores</span> <span class='ocrx_word' id='word_1_74' title='bbox 1665 513 1740 532; x_wconf 87' lang='lat' dir='ltr'>suos</span> 
     </span>
     <span class='ocr_line' id='line_1_8' title="bbox 86 548 1738 592; baseline 0.001 -11"><span class='ocrx_word' id='word_1_75' title='bbox 86 550 194 581; x_wconf 83' lang='lat' dir='ltr'>omnia</span> <span class='ocrx_word' id='word_1_76' title='bbox 217 551 286 581; x_wconf 90' lang='lat' dir='ltr'>eius</span> <span class='ocrx_word' id='word_1_77' title='bbox 310 560 409 591; x_wconf 87' lang='lat' dir='ltr'>opera</span> <span class='ocrx_word' id='word_1_78' title='bbox 432 548 566 580; x_wconf 84' lang='lat' dir='ltr'>sollicite</span> <span class='ocrx_word' id='word_1_79' title='bbox 590 550 776 592; x_wconf 83' lang='lat' dir='ltr'>inquireret,</span> <span class='ocrx_word' id='word_1_80' title='bbox 799 549 917 589; x_wconf 87' lang='lat' dir='ltr'>locum,</span> <span class='ocrx_word' id='word_1_81' title='bbox 941 550 973 580; x_wconf 92' lang='lat' dir='ltr'>in</span> <span class='ocrx_word' id='word_1_82' title='bbox 999 561 1061 591; x_wconf 88' lang='lat' dir='ltr'>quo</span> <span class='ocrx_word' id='word_1_83' title='bbox 1086 551 1286 592; x_wconf 82' lang='lat' dir='ltr'>frequentius</span> <span class='ocrx_word' id='word_1_84' title='bbox 1311 552 1488 592; x_wconf 84' lang='lat' dir='ltr'>imperator</span> <span class='ocrx_word' id='word_1_85' title='bbox 1508 552 1556 583; x_wconf 84' lang='lat' dir='ltr'>vel</span> <span class='ocrx_word' id='word_1_86' title='bbox 1579 558 1666 583; x_wconf 82' lang='lat' dir='ltr'>stans</span> <span class='ocrx_word' id='word_1_87' title='bbox 1690 551 1738 583; x_wconf 81' lang='lat' dir='ltr'>vel</span> 
     </span>
     <span class='ocr_line' id='line_1_9' title="bbox 86 601 1740 645; baseline 0.001 -12"><span class='ocrx_word' id='word_1_88' title='bbox 86 608 266 645; x_wconf 86' lang='lat' dir='ltr'>prostratus</span> <span class='ocrx_word' id='word_1_89' title='bbox 291 601 415 640; x_wconf 89' lang='lat' dir='ltr'>orabat,</span> <span class='ocrx_word' id='word_1_90' title='bbox 442 601 546 632; x_wconf 87' lang='lat' dir='ltr'>notari</span> <span class='ocrx_word' id='word_1_91' title='bbox 569 601 659 632; x_wconf 88' lang='lat' dir='ltr'>fecit:</span> <span class='ocrx_word' id='word_1_92' title='bbox 690 608 721 632; x_wconf 86' lang='lat' dir='ltr'>et.</span> <span class='ocrx_word' id='word_1_93' title='bbox 744 601 904 643; x_wconf 80' lang='lat' dir='ltr'>quendam</span> <span class='ocrx_word' id='word_1_94' title='bbox 930 602 1090 642; x_wconf 86' lang='lat' dir='ltr'>promissa</span> <span class='ocrx_word' id='word_1_95' title='bbox 1114 603 1252 642; x_wconf 84' lang='lat' dir='ltr'>pecunia</span> <span class='ocrx_word' id='word_1_96' title='bbox 1274 603 1315 633; x_wconf 85' lang='lat' dir='ltr'>ad</span> <span class='ocrx_word' id='word_1_97' title='bbox 1341 602 1400 633; x_wconf 89' lang='lat' dir='ltr'>hoc</span> <span class='ocrx_word' id='word_1_98' title='bbox 1423 603 1560 638; x_wconf 74' lang='lat' dir='ltr'>induxit,</span> <span class='ocrx_word' id='word_1_99' title='bbox 1586 609 1620 634; x_wconf 91' lang='lat' dir='ltr'>ut</span> <span class='ocrx_word' id='word_1_100' title='bbox 1643 615 1740 645; x_wconf 86' lang='lat' dir='ltr'>supra</span> 
     </span>
     <span class='ocr_line' id='line_1_10' title="bbox 85 652 1740 697; baseline 0.001 -12"><span class='ocrx_word' id='word_1_101' title='bbox 85 654 193 686; x_wconf 87' lang='lat' dir='ltr'>trabes</span> <span class='ocrx_word' id='word_1_102' title='bbox 215 652 389 685; x_wconf 82' lang='lat' dir='ltr'>aecclesiae</span> <span class='ocrx_word' id='word_1_103' title='bbox 413 652 537 684; x_wconf 80' lang='lat' dir='ltr'>occulte</span> <span class='ocrx_word' id='word_1_104' title='bbox 560 652 684 694; x_wconf 88' lang='lat' dir='ltr'>lapides</span> <span class='ocrx_word' id='word_1_105' title='bbox 707 663 844 694; x_wconf 82' lang='lat' dir='ltr'>magnos</span> <span class='ocrx_word' id='word_1_106' title='bbox 869 652 1041 684; x_wconf 85' lang='lat' dir='ltr'>collocaret</span> <span class='ocrx_word' id='word_1_107' title='bbox 1064 659 1095 684; x_wconf 89' lang='lat' dir='ltr'>et</span> <span class='ocrx_word' id='word_1_108' title='bbox 1118 655 1163 684; x_wconf 85' lang='lat' dir='ltr'>ita</span> <span class='ocrx_word' id='word_1_109' title='bbox 1182 660 1318 695; x_wconf 87' lang='lat' dir='ltr'>aptaret,</span> <span class='ocrx_word' id='word_1_110' title='bbox 1342 660 1376 684; x_wconf 88' lang='lat' dir='ltr'>ut</span> <span class='ocrx_word' id='word_1_111' title='bbox 1393 653 1432 684; x_wconf 89' lang='lat' dir='ltr'>de</span> <span class='ocrx_word' id='word_1_112' title='bbox 1450 653 1513 685; x_wconf 89' lang='lat' dir='ltr'>alto</span> <span class='ocrx_word' id='word_1_113' title='bbox 1530 666 1626 696; x_wconf 89' lang='lat' dir='ltr'>super</span> <span class='ocrx_word' id='word_1_114' title='bbox 1643 662 1740 697; x_wconf 87' lang='lat' dir='ltr'>caput</span> 
     </span>
     <span class='ocr_line' id='line_1_11' title="bbox 43 704 1737 746; baseline 0 -9"><span class='ocrx_word' id='word_1_115' title='bbox 43 718 69 736; x_wconf 84' lang='lat'>10</span> <span class='ocrx_word' id='word_1_116' title='bbox 87 707 205 737; x_wconf 89' lang='lat' dir='ltr'>orantis</span> <span class='ocrx_word' id='word_1_117' title='bbox 228 705 435 746; x_wconf 84' lang='lat' dir='ltr'>imperatoris</span> <span class='ocrx_word' id='word_1_118' title='bbox 459 704 642 735; x_wconf 86' lang='lat' dir='ltr'>demitteret</span> <span class='ocrx_word' id='word_1_119' title='bbox 671 711 702 735; x_wconf 89' lang='lat' dir='ltr'>et</span> <span class='ocrx_word' id='word_1_120' title='bbox 733 705 838 746; x_wconf 88' lang='lat' dir='ltr'>ipsum</span> <span class='ocrx_word' id='word_1_121' title='bbox 870 710 1060 735; x_wconf 87' lang='lat' dir='ltr'>contereret.</span> <span class='ocrx_word' id='word_1_122' title='bbox 1107 705 1203 744; x_wconf 79' lang='lat' dir='ltr'>Quod</span> <span class='ocrx_word' id='word_1_123' title='bbox 1232 707 1378 736; x_wconf 83' lang='lat' dir='ltr'>minister</span> <span class='ocrx_word' id='word_1_124' title='bbox 1408 707 1485 736; x_wconf 90' lang='lat' dir='ltr'>tanti</span> <span class='ocrx_word' id='word_1_125' title='bbox 1512 707 1640 737; x_wconf 82' lang='lat' dir='ltr'>sceleris</span> <span class='ocrx_word' id='word_1_126' title='bbox 1666 718 1737 738; x_wconf 87' lang='lat' dir='ltr'>cum</span> 
     </span>
     <span class='ocr_line' id='line_1_12' title="bbox 85 755 1739 799; baseline 0 -10"><span class='ocrx_word' id='word_1_127' title='bbox 85 758 251 789; x_wconf 85' lang='lat' dir='ltr'>festinaret</span> <span class='ocrx_word' id='word_1_128' title='bbox 278 756 412 798; x_wconf 89' lang='lat' dir='ltr'>implere</span> <span class='ocrx_word' id='word_1_129' title='bbox 442 761 473 787; x_wconf 94' lang='lat' dir='ltr'>et</span> <span class='ocrx_word' id='word_1_130' title='bbox 501 755 641 797; x_wconf 83' lang='lat' dir='ltr'>lapidem</span> <span class='ocrx_word' id='word_1_131' title='bbox 667 757 774 797; x_wconf 86' lang='lat' dir='ltr'>magni</span> <span class='ocrx_word' id='word_1_132' title='bbox 800 756 951 797; x_wconf 87' lang='lat' dir='ltr'>ponderis</span> <span class='ocrx_word' id='word_1_133' title='bbox 975 767 1072 797; x_wconf 87' lang='lat' dir='ltr'>super</span> <span class='ocrx_word' id='word_1_134' title='bbox 1095 756 1202 787; x_wconf 88' lang='lat' dir='ltr'>trabes</span> <span class='ocrx_word' id='word_1_135' title='bbox 1224 763 1335 799; x_wconf 86' lang='lat' dir='ltr'>aptare</span> <span class='ocrx_word' id='word_1_136' title='bbox 1358 757 1461 796; x_wconf 79' lang='lat' dir='ltr'>vellet,</span> <span class='ocrx_word' id='word_1_137' title='bbox 1489 758 1570 799; x_wconf 88' lang='lat' dir='ltr'>lapis</span> <span class='ocrx_word' id='word_1_138' title='bbox 1595 758 1739 799; x_wconf 86' lang='lat' dir='ltr'>pondere</span> 
     </span>
     <span class='ocr_line' id='line_1_13' title="bbox 84 807 1738 851; baseline -0.001 -10"><span class='ocrx_word' id='word_1_139' title='bbox 84 820 142 841; x_wconf 87' lang='lat' dir='ltr'>suo</span> <span class='ocrx_word' id='word_1_140' title='bbox 166 819 239 840; x_wconf 87' lang='lat' dir='ltr'>eum</span> <span class='ocrx_word' id='word_1_141' title='bbox 264 808 372 848; x_wconf 80' lang='lat' dir='ltr'>traxit,</span> <span class='ocrx_word' id='word_1_142' title='bbox 397 813 428 839; x_wconf 86' lang='lat' dir='ltr'>et</span> <span class='ocrx_word' id='word_1_143' title='bbox 451 807 573 838; x_wconf 58' lang='lat' dir='ltr'>fracto&amp;</span> <span class='ocrx_word' id='word_1_144' title='bbox 597 808 656 839; x_wconf 92' lang='lat' dir='ltr'>sub</span> <span class='ocrx_word' id='word_1_145' title='bbox 680 807 837 846; x_wconf 86' lang='lat' dir='ltr'>trabibus,</span> <span class='ocrx_word' id='word_1_146' title='bbox 861 812 891 838; x_wconf 90' lang='lat' dir='ltr'>et</span> <span class='ocrx_word' id='word_1_147' title='bbox 914 807 995 848; x_wconf 87' lang='lat' dir='ltr'>lapis</span> <span class='ocrx_word' id='word_1_148' title='bbox 1020 814 1051 838; x_wconf 90' lang='lat' dir='ltr'>et</span> <span class='ocrx_word' id='word_1_149' title='bbox 1073 807 1125 839; x_wconf 90' lang='lat' dir='ltr'>ille</span> <span class='ocrx_word' id='word_1_150' title='bbox 1150 809 1246 839; x_wconf 86' lang='lat' dir='ltr'>miser</span> <span class='ocrx_word' id='word_1_151' title='bbox 1270 809 1364 839; x_wconf 86' lang='lat' dir='ltr'>homo</span> <span class='ocrx_word' id='word_1_152' title='bbox 1382 809 1444 839; x_wconf 87' lang='lat' dir='ltr'>Dei</span> <span class='ocrx_word' id='word_1_153' title='bbox 1469 809 1582 840; x_wconf 84' lang='lat' dir='ltr'>iuditio</span> <span class='ocrx_word' id='word_1_154' title='bbox 1599 811 1629 839; x_wconf 91' lang='lat' dir='ltr'>in</span> <span class='ocrx_word' id='word_1_155' title='bbox 1648 811 1738 851; x_wconf 83' lang='lat' dir='ltr'>pavi-</span> 
     </span>
     <span class='ocr_line' id='line_1_14' title="bbox 85 859 1737 902; baseline -0.001 -10"><span class='ocrx_word' id='word_1_156' title='bbox 85 866 226 892; x_wconf 88' lang='lat' dir='ltr'>mentum</span> <span class='ocrx_word' id='word_1_157' title='bbox 251 859 427 891; x_wconf 83' lang='lat' dir='ltr'>aecclesiae</span> <span class='ocrx_word' id='word_1_158' title='bbox 451 859 590 890; x_wconf 79' lang='lat' dir='ltr'>decidits</span> <span class='ocrx_word' id='word_1_159' title='bbox 614 864 645 890; x_wconf 91' lang='lat' dir='ltr'>et</span> <span class='ocrx_word' id='word_1_160' title='bbox 661 859 773 890; x_wconf 87' lang='lat' dir='ltr'>eodem</span> <span class='ocrx_word' id='word_1_161' title='bbox 791 859 899 901; x_wconf 84' lang='lat' dir='ltr'>lapide</span> <span class='ocrx_word' id='word_1_162' title='bbox 923 860 1081 890; x_wconf 85' lang='lat' dir='ltr'>contritus</span> <span class='ocrx_word' id='word_1_163' title='bbox 1106 860 1231 901; x_wconf 70' lang='lat' dir='ltr'>periith.</span> <span class='ocrx_word' id='word_1_164' title='bbox 1270 861 1312 891; x_wconf 87' lang='lat' dir='ltr'>Et</span> <span class='ocrx_word' id='word_1_165' title='bbox 1336 860 1430 891; x_wconf 88' lang='lat' dir='ltr'>huius</span> <span class='ocrx_word' id='word_1_166' title='bbox 1454 862 1499 891; x_wconf 90' lang='lat' dir='ltr'>rei</span> <span class='ocrx_word' id='word_1_167' title='bbox 1521 866 1629 902; x_wconf 80' lang='lat' dir='ltr'>gestae</span> <span class='ocrx_word' id='word_1_168' title='bbox 1655 861 1737 891; x_wconf 85' lang='lat' dir='ltr'>ordi-</span> 
     </span>
     <span class='ocr_line' id='line_1_15' title="bbox 86 910 1737 954; baseline -0.001 -11"><span class='ocrx_word' id='word_1_169' title='bbox 86 924 157 944; x_wconf 90' lang='lat' dir='ltr'>nem</span> <span class='ocrx_word' id='word_1_170' title='bbox 192 917 362 954; x_wconf 87' lang='lat' dir='ltr'>postquam</span> <span class='ocrx_word' id='word_1_171' title='bbox 395 911 531 942; x_wconf 82' lang='lat' dir='ltr'>Romani</span> <span class='ocrx_word' id='word_1_172' title='bbox 562 912 796 952; x_wconf 65' lang='lat' dir='ltr'>agiioverunt³‚</span> <span class='ocrx_word' id='word_1_173' title='bbox 831 911 947 952; x_wconf 87' lang='lat' dir='ltr'>pedem</span> <span class='ocrx_word' id='word_1_174' title='bbox 982 910 1066 942; x_wconf 80' lang='lat' dir='ltr'>illius</span> <span class='ocrx_word' id='word_1_175' title='bbox 1100 912 1209 943; x_wconf 90' lang='lat' dir='ltr'>miseri</span> <span class='ocrx_word' id='word_1_176' title='bbox 1244 912 1317 943; x_wconf 87' lang='lat' dir='ltr'>fune</span> <span class='ocrx_word' id='word_1_177' title='bbox 1352 911 1535 953; x_wconf 75' lang='lat' dir='ltr'>ligaverunt</span> <span class='ocrx_word' id='word_1_178' title='bbox 1568 917 1597 943; x_wconf 90' lang='lat' dir='ltr'>et</span> <span class='ocrx_word' id='word_1_179' title='bbox 1632 912 1737 943; x_wconf 84' lang='lat' dir='ltr'>triduo</span> 
     </span>
     <span class='ocr_line' id='line_1_16' title="bbox 40 962 1738 1007; baseline -0.001 -12"><span class='ocrx_word' id='word_1_180' title='bbox 40 975 66 995; x_wconf 81' lang='lat'>15</span> <span class='ocrx_word' id='word_1_181' title='bbox 85 976 143 1007; x_wconf 90' lang='lat' dir='ltr'>per</span> <span class='ocrx_word' id='word_1_182' title='bbox 166 963 288 1006; x_wconf 85' lang='lat' dir='ltr'>plateas</span> <span class='ocrx_word' id='word_1_183' title='bbox 311 963 399 993; x_wconf 87' lang='lat' dir='ltr'>urbis</span> <span class='ocrx_word' id='word_1_184' title='bbox 421 962 461 993; x_wconf 87' lang='lat' dir='ltr'>ad</span> <span class='ocrx_word' id='word_1_185' title='bbox 486 962 671 1004; x_wconf 87' lang='lat' dir='ltr'>exemplum</span> <span class='ocrx_word' id='word_1_186' title='bbox 696 962 778 993; x_wconf 87' lang='lat' dir='ltr'>trahi</span> <span class='ocrx_word' id='word_1_187' title='bbox 802 963 958 994; x_wconf 89' lang='lat' dir='ltr'>fecerunt.</span> <span class='ocrx_word' id='word_1_188' title='bbox 1004 963 1185 1005; x_wconf 86' lang='lat' dir='ltr'>Imperator</span> <span class='ocrx_word' id='word_1_189' title='bbox 1207 969 1313 995; x_wconf 87' lang='lat' dir='ltr'>autem</span> <span class='ocrx_word' id='word_1_190' title='bbox 1338 963 1431 995; x_wconf 87' lang='lat' dir='ltr'>solita</span> <span class='ocrx_word' id='word_1_191' title='bbox 1453 963 1622 995; x_wconf 87' lang='lat' dir='ltr'>clementia</span> <span class='ocrx_word' id='word_1_192' title='bbox 1646 965 1738 994; x_wconf 77' lang='lat' dir='ltr'>iussit</span> 
     </span>
     <span class='ocr_line' id='line_1_17' title="bbox 85 1014 343 1057; baseline -0.012 -9"><span class='ocrx_word' id='word_1_193' title='bbox 85 1027 158 1048; x_wconf 87' lang='lat' dir='ltr'>eum</span> <span class='ocrx_word' id='word_1_194' title='bbox 183 1014 311 1057; x_wconf 88' lang='lat' dir='ltr'>sepeliri</span> <span class='ocrx_word' id='word_1_195' title='bbox 321 1021 343 1045; x_wconf 78' lang='lat'>⁴.</span> 
     </span>
    </p>

    <p class='ocr_par' dir='ltr' id='par_1_3' title="bbox 82 1066 1738 1211">
     <span class='ocr_line' id='line_1_18' title="bbox 191 1066 1738 1107; baseline -0.001 -9"><span class='ocrx_word' id='word_1_196' title='bbox 191 1068 220 1098; x_wconf 89' lang='grc'>6.</span> <span class='ocrx_word' id='word_1_197' title='bbox 265 1066 426 1097; x_wconf 89' lang='lat' dir='ltr'>Iohannes</span> <span class='ocrx_word' id='word_1_198' title='bbox 443 1066 631 1096; x_wconf 89' lang='lat' dir='ltr'>Portuensis</span> <span class='ocrx_word' id='word_1_199' title='bbox 645 1067 828 1107; x_wconf 87' lang='lat' dir='ltr'>episcopus,</span> <span class='ocrx_word' id='word_1_200' title='bbox 853 1067 906 1107; x_wconf 89' lang='lat' dir='ltr'>qui</span> <span class='ocrx_word' id='word_1_201' title='bbox 924 1066 1075 1097; x_wconf 84' lang='lat' dir='ltr'>intimus⁵</span> <span class='ocrx_word' id='word_1_202' title='bbox 1093 1066 1198 1097; x_wconf 84' lang='lat' dir='ltr'>fuerat</span> <span class='ocrx_word' id='word_1_203' title='bbox 1213 1068 1366 1097; x_wconf 68' lang='lat' dir='ltr'>secretisk</span> <span class='ocrx_word' id='word_1_204' title='bbox 1382 1066 1608 1105; x_wconf 83' lang='lat' dir='ltr'>Hildebrandi‚</span> <span class='ocrx_word' id='word_1_205' title='bbox 1629 1077 1738 1098; x_wconf 82' lang='lat' dir='ltr'>ascen-</span> 
     </span>
     <span class='ocr_line' id='line_1_19' title="bbox 85 1117 1737 1160; baseline -0.001 -10"><span class='ocrx_word' id='word_1_206' title='bbox 85 1119 132 1151; x_wconf 86' lang='lat' dir='ltr'>dit</span> <span class='ocrx_word' id='word_1_207' title='bbox 162 1119 195 1149; x_wconf 88' lang='lat' dir='ltr'>in</span> <span class='ocrx_word' id='word_1_208' title='bbox 225 1117 396 1149; x_wconf 89' lang='lat' dir='ltr'>ambonem</span> <span class='ocrx_word' id='word_1_209' title='bbox 427 1117 510 1149; x_wconf 84' lang='lat' dir='ltr'>beati</span> <span class='ocrx_word' id='word_1_210' title='bbox 535 1117 632 1158; x_wconf 86' lang='lat' dir='ltr'>Petri,</span> <span class='ocrx_word' id='word_1_211' title='bbox 663 1123 695 1148; x_wconf 84' lang='lat' dir='ltr'>et</span> <span class='ocrx_word' id='word_1_212' title='bbox 717 1119 800 1149; x_wconf 85' lang='lat' dir='ltr'>inter</span> <span class='ocrx_word' id='word_1_213' title='bbox 823 1117 932 1155; x_wconf 87' lang='lat' dir='ltr'>multa,</span> <span class='ocrx_word' id='word_1_214' title='bbox 961 1118 1112 1148; x_wconf 85' lang='lat' dir='ltr'>audiente</span> <span class='ocrx_word' id='word_1_215' title='bbox 1136 1117 1220 1149; x_wconf 86' lang='lat' dir='ltr'>clero</span> <span class='ocrx_word' id='word_1_216' title='bbox 1244 1123 1275 1149; x_wconf 91' lang='lat' dir='ltr'>et</span> <span class='ocrx_word' id='word_1_217' title='bbox 1298 1118 1428 1160; x_wconf 88' lang='lat' dir='ltr'>populo,</span> <span class='ocrx_word' id='word_1_218' title='bbox 1458 1119 1516 1150; x_wconf 86' lang='lat' dir='ltr'>ait:</span> <span class='ocrx_word' id='word_1_219' title='bbox 1548 1118 1637 1148; x_wconf 79' lang='lat' dir='ltr'>‘Tale</span> <span class='ocrx_word' id='word_1_220' title='bbox 1660 1118 1737 1160; x_wconf 86' lang='lat' dir='ltr'>quid</span> 
     </span>
     <span class='ocr_line' id='line_1_20' title="bbox 82 1169 1737 1211; baseline -0.001 -9"><span class='ocrx_word' id='word_1_221' title='bbox 82 1171 161 1202; x_wconf 86' lang='lat' dir='ltr'>fecit</span> <span class='ocrx_word' id='word_1_222' title='bbox 182 1169 424 1201; x_wconf 87' lang='lat' dir='ltr'>Hildebrandus</span> <span class='ocrx_word' id='word_1_223' title='bbox 449 1176 480 1201; x_wconf 87' lang='lat' dir='ltr'>et</span> <span class='ocrx_word' id='word_1_224' title='bbox 509 1180 576 1209; x_wconf 80' lang='lat' dir='ltr'>neS,</span> <span class='ocrx_word' id='word_1_225' title='bbox 613 1169 698 1200; x_wconf 88' lang='lat' dir='ltr'>unde</span> <span class='ocrx_word' id='word_1_226' title='bbox 728 1169 937 1201; x_wconf 87' lang='lat' dir='ltr'>deberemus¹</span> <span class='ocrx_word' id='word_1_227' title='bbox 970 1171 1035 1200; x_wconf 88' lang='lat' dir='ltr'>vivi</span> <span class='ocrx_word' id='word_1_228' title='bbox 1067 1169 1214 1210; x_wconf 83' lang='lat' dir='ltr'>incendi’,</span> <span class='ocrx_word' id='word_1_229' title='bbox 1248 1170 1434 1211; x_wconf 82' lang='lat' dir='ltr'>significans</span> <span class='ocrx_word' id='word_1_230' title='bbox 1467 1170 1506 1201; x_wconf 89' lang='lat' dir='ltr'>de</span> <span class='ocrx_word' id='word_1_231' title='bbox 1536 1175 1737 1201; x_wconf 84' lang='lat' dir='ltr'>sacramento</span> 
     </span>
    </p>

    <p class='ocr_par' dir='ltr' id='par_1_4' title="bbox 38 1220 1736 1315">
     <span class='ocr_line' id='line_1_21' title="bbox 38 1220 1736 1265; baseline 0 -13"><span class='ocrx_word' id='word_1_232' title='bbox 38 1232 64 1252; x_wconf 59' lang='grc' dir='ltr'>πο</span> <span class='ocrx_word' id='word_1_233' title='bbox 83 1223 228 1265; x_wconf 89' lang='lat' dir='ltr'>corporis</span> <span class='ocrx_word' id='word_1_234' title='bbox 250 1222 394 1259; x_wconf 88' lang='lat' dir='ltr'>Domini,</span> <span class='ocrx_word' id='word_1_235' title='bbox 417 1221 502 1263; x_wconf 86' lang='lat' dir='ltr'>quod</span> <span class='ocrx_word' id='word_1_236' title='bbox 528 1220 780 1261; x_wconf 80' lang='lat' dir='ltr'>Hildebrandus,</span> <span class='ocrx_word' id='word_1_237' title='bbox 803 1232 958 1263; x_wconf 86' lang='lat' dir='ltr'>responsa</span> <span class='ocrx_word' id='word_1_238' title='bbox 985 1221 1095 1252; x_wconf 88' lang='lat' dir='ltr'>divina</span> <span class='ocrx_word' id='word_1_239' title='bbox 1118 1232 1256 1263; x_wconf 87' lang='lat' dir='ltr'>querens</span> <span class='ocrx_word' id='word_1_240' title='bbox 1280 1228 1391 1252; x_wconf 88' lang='lat' dir='ltr'>contra</span> <span class='ocrx_word' id='word_1_241' title='bbox 1415 1223 1653 1264; x_wconf 73' lang='lat' dir='ltr'>imperatorem,</span> <span class='ocrx_word' id='word_1_242' title='bbox 1678 1222 1736 1252; x_wconf 85' lang='lat' dir='ltr'>fer-</span> 
     </span>
     <span class='ocr_line' id='line_1_22' title="bbox 83 1272 1343 1315; baseline -0.001 -9"><span class='ocrx_word' id='word_1_243' title='bbox 83 1279 135 1306; x_wconf 85' lang='lat' dir='ltr'>tur</span> <span class='ocrx_word' id='word_1_244' title='bbox 157 1274 306 1306; x_wconf 85' lang='lat' dir='ltr'>iniecisse</span> <span class='ocrx_word' id='word_1_245' title='bbox 328 1273 406 1314; x_wconf 80' lang='lat' dir='ltr'>igni,</span> <span class='ocrx_word' id='word_1_246' title='bbox 431 1272 729 1304; x_wconf 83' lang='lat' dir='ltr'>contradicentibus</span> <span class='ocrx_word' id='word_1_247' title='bbox 753 1272 984 1314; x_wconf 80' lang='lat' dir='ltr'>cardinalibus,</span> <span class='ocrx_word' id='word_1_248' title='bbox 1009 1274 1063 1315; x_wconf 90' lang='lat' dir='ltr'>qui</span> <span class='ocrx_word' id='word_1_249' title='bbox 1087 1273 1282 1304; x_wconf 83' lang='lat' dir='ltr'>assistebant</span> <span class='ocrx_word' id='word_1_250' title='bbox 1304 1275 1343 1305; x_wconf 87' lang='lat' dir='ltr'>ei.</span> 
     </span>
    </p>

    <p class='ocr_par' dir='ltr' id='par_1_5' title="bbox 83 1324 1737 1472">
     <span class='ocr_line' id='line_1_23' title="bbox 190 1324 1733 1366; baseline -0.002 -9"><span class='ocrx_word' id='word_1_251' title='bbox 190 1326 218 1360; x_wconf 83' lang='lat'>7.</span> <span class='ocrx_word' id='word_1_252' title='bbox 264 1326 300 1357; x_wconf 91' lang='lat' dir='ltr'>In</span> <span class='ocrx_word' id='word_1_253' title='bbox 324 1324 445 1366; x_wconf 86' lang='lat' dir='ltr'>pascha</span> <span class='ocrx_word' id='word_1_254' title='bbox 461 1325 594 1355; x_wconf 88' lang='lat' dir='ltr'>Domini</span> <span class='ocrx_word' id='word_1_255' title='bbox 618 1325 699 1356; x_wconf 86' lang='lat' dir='ltr'>feria</span> <span class='ocrx_word' id='word_1_256' title='bbox 728 1325 880 1364; x_wconf 88' lang='lat' dir='ltr'>secunda,</span> <span class='ocrx_word' id='word_1_257' title='bbox 909 1335 981 1355; x_wconf 89' lang='lat' dir='ltr'>cum</span> <span class='ocrx_word' id='word_1_258' title='bbox 1012 1324 1053 1356; x_wconf 87' lang='lat' dir='ltr'>ad</span> <span class='ocrx_word' id='word_1_259' title='bbox 1082 1325 1272 1356; x_wconf 87' lang='lat' dir='ltr'>aecclesiam</span> <span class='ocrx_word' id='word_1_260' title='bbox 1303 1326 1404 1356; x_wconf 87' lang='lat' dir='ltr'>sancti</span> <span class='ocrx_word' id='word_1_261' title='bbox 1429 1325 1516 1356; x_wconf 89' lang='lat' dir='ltr'>Petri</span> <span class='ocrx_word' id='word_1_262' title='bbox 1541 1325 1581 1356; x_wconf 87' lang='lat' dir='ltr'>ad</span> <span class='ocrx_word' id='word_1_263' title='bbox 1605 1326 1733 1355; x_wconf 83' lang='lat' dir='ltr'>missam</span> 
     </span>
     <span class='ocr_line' id='line_1_24' title="bbox 83 1376 1736 1419; baseline -0.002 -10"><span class='ocrx_word' id='word_1_264' title='bbox 83 1377 186 1409; x_wconf 91' lang='lat' dir='ltr'>clerus</span> <span class='ocrx_word' id='word_1_265' title='bbox 209 1382 240 1409; x_wconf 88' lang='lat' dir='ltr'>et</span> <span class='ocrx_word' id='word_1_266' title='bbox 262 1376 403 1419; x_wconf 87' lang='lat' dir='ltr'>populus</span> <span class='ocrx_word' id='word_1_267' title='bbox 427 1377 639 1415; x_wconf 84' lang='lat' dir='ltr'>convenisset,</span> <span class='ocrx_word' id='word_1_268' title='bbox 664 1382 737 1418; x_wconf 89' lang='lat' dir='ltr'>post</span> <span class='ocrx_word' id='word_1_269' title='bbox 759 1377 963 1418; x_wconf 85' lang='lat' dir='ltr'>euangelium</span> <span class='ocrx_word' id='word_1_270' title='bbox 985 1378 1016 1407; x_wconf 92' lang='lat' dir='ltr'>in</span> <span class='ocrx_word' id='word_1_271' title='bbox 1034 1377 1204 1408; x_wconf 87' lang='lat' dir='ltr'>ambonem</span> <span class='ocrx_word' id='word_1_272' title='bbox 1229 1376 1384 1414; x_wconf 84' lang='lat' dir='ltr'>ascendit,</span> <span class='ocrx_word' id='word_1_273' title='bbox 1408 1377 1490 1408; x_wconf 90' lang='lat' dir='ltr'>sicut</span> <span class='ocrx_word' id='word_1_274' title='bbox 1513 1382 1581 1408; x_wconf 86' lang='lat' dir='ltr'>erat</span> <span class='ocrx_word' id='word_1_275' title='bbox 1604 1376 1736 1407; x_wconf 87' lang='lat' dir='ltr'>indutus</span> 
     </span>
     <span class='ocr_line' id='line_1_25' title="bbox 84 1428 1737 1472; baseline -0.002 -11"><span class='ocrx_word' id='word_1_276' title='bbox 84 1429 324 1472; x_wconf 87' lang='lat' dir='ltr'>pontificalibus</span> <span class='ocrx_word' id='word_1_277' title='bbox 347 1428 553 1459; x_wconf 64' lang='lat' dir='ltr'>indumentis</span> <span class='ocrx_word' id='word_1_278' title='bbox 599 1428 641 1459; x_wconf 85' lang='lat' dir='ltr'>Et</span> <span class='ocrx_word' id='word_1_279' title='bbox 672 1429 702 1459; x_wconf 92' lang='lat' dir='ltr'>in</span> <span class='ocrx_word' id='word_1_280' title='bbox 731 1429 896 1470; x_wconf 81' lang='lat' dir='ltr'>presentia</span> <span class='ocrx_word' id='word_1_281' title='bbox 918 1429 1146 1470; x_wconf 86' lang='lat' dir='ltr'>episcoporum</span> <span class='ocrx_word' id='word_1_282' title='bbox 1180 1434 1211 1459; x_wconf 84' lang='lat' dir='ltr'>et</span> <span class='ocrx_word' id='word_1_283' title='bbox 1242 1428 1462 1468; x_wconf 80' lang='lat' dir='ltr'>cardinalium,</span> <span class='ocrx_word' id='word_1_284' title='bbox 1494 1429 1525 1459; x_wconf 93' lang='lat' dir='ltr'>in</span> <span class='ocrx_word' id='word_1_285' title='bbox 1558 1429 1737 1470; x_wconf 85' lang='lat' dir='ltr'>frequentia</span> 
     </span>
    </p>

    <p class='ocr_par' dir='ltr' id='par_1_6' title="bbox 37 1479 1738 2142">
     <span class='ocr_line' id='line_1_26' title="bbox 37 1479 1737 1522; baseline -0.002 -9"><span class='ocrx_word' id='word_1_286' title='bbox 37 1493 65 1512; x_wconf 81' lang='lat'>25</span> <span class='ocrx_word' id='word_1_287' title='bbox 84 1482 159 1513; x_wconf 88' lang='lat' dir='ltr'>cleri</span> <span class='ocrx_word' id='word_1_288' title='bbox 183 1486 214 1512; x_wconf 88' lang='lat' dir='ltr'>et</span> <span class='ocrx_word' id='word_1_289' title='bbox 230 1486 359 1512; x_wconf 86' lang='lat' dir='ltr'>senatus</span> <span class='ocrx_word' id='word_1_290' title='bbox 381 1485 412 1511; x_wconf 87' lang='lat' dir='ltr'>et</span> <span class='ocrx_word' id='word_1_291' title='bbox 435 1479 545 1522; x_wconf 87' lang='lat' dir='ltr'>populi</span> <span class='ocrx_word' id='word_1_292' title='bbox 564 1480 699 1510; x_wconf 86' lang='lat' dir='ltr'>Romani</span> <span class='ocrx_word' id='word_1_293' title='bbox 724 1480 851 1521; x_wconf 88' lang='lat' dir='ltr'>publice</span> <span class='ocrx_word' id='word_1_294' title='bbox 868 1480 1021 1511; x_wconf 89' lang='lat' dir='ltr'>clamavit</span> <span class='ocrx_word' id='word_1_295' title='bbox 1037 1482 1119 1511; x_wconf 89' lang='lat' dir='ltr'>inter</span> <span class='ocrx_word' id='word_1_296' title='bbox 1136 1480 1236 1511; x_wconf 85' lang='lat' dir='ltr'>multa</span> <span class='ocrx_word' id='word_1_297' title='bbox 1254 1491 1329 1511; x_wconf 88' lang='lat' dir='ltr'>suae</span> <span class='ocrx_word' id='word_1_298' title='bbox 1350 1480 1588 1510; x_wconf 83' lang='lat' dir='ltr'>divinationism</span> <span class='ocrx_word' id='word_1_299' title='bbox 1605 1480 1737 1511; x_wconf 68' lang='lat' dir='ltr'>verbass:</span> 
     </span>
     <span class='ocr_line' id='line_1_27' title="bbox 84 1531 1738 1575; baseline -0.002 -11"><span class='ocrx_word' id='word_1_300' title='bbox 84 1533 214 1575; x_wconf 86' lang='lat' dir='ltr'>‘Regem</span> <span class='ocrx_word' id='word_1_301' title='bbox 240 1532 430 1563; x_wconf 87' lang='lat' dir='ltr'>Heinricum</span> <span class='ocrx_word' id='word_1_302' title='bbox 455 1543 558 1574; x_wconf 89' lang='lat' dir='ltr'>usque</span> <span class='ocrx_word' id='word_1_303' title='bbox 581 1531 622 1562; x_wconf 89' lang='lat' dir='ltr'>ad</span> <span class='ocrx_word' id='word_1_304' title='bbox 648 1532 834 1573; x_wconf 83' lang='lat' dir='ltr'>proximum</span> <span class='ocrx_word' id='word_1_305' title='bbox 858 1533 960 1563; x_wconf 89' lang='lat' dir='ltr'>sancti</span> <span class='ocrx_word' id='word_1_306' title='bbox 985 1533 1071 1563; x_wconf 87' lang='lat' dir='ltr'>Petri</span> <span class='ocrx_word' id='word_1_307' title='bbox 1095 1532 1212 1563; x_wconf 82' lang='lat' dir='ltr'>festum</span> <span class='ocrx_word' id='word_1_308' title='bbox 1237 1533 1305 1563; x_wconf 89' lang='lat' dir='ltr'>sine</span> <span class='ocrx_word' id='word_1_309' title='bbox 1335 1531 1434 1562; x_wconf 82' lang='lat' dir='ltr'>dubio</span> <span class='ocrx_word' id='word_1_310' title='bbox 1465 1532 1653 1562; x_wconf 88' lang='lat' dir='ltr'>moriturum</span> <span class='ocrx_word' id='word_1_311' title='bbox 1682 1537 1738 1562; x_wconf 87' lang='lat' dir='ltr'>aut</span> 
     </span>
     <span class='ocr_line' id='line_1_28' title="bbox 83 1583 1734 1626; baseline -0.002 -10"><span class='ocrx_word' id='word_1_312' title='bbox 83 1596 102 1616; x_wconf 91' lang='lat' dir='ltr'>a</span> <span class='ocrx_word' id='word_1_313' title='bbox 124 1595 223 1626; x_wconf 84' lang='lat' dir='ltr'>regno</span> <span class='ocrx_word' id='word_1_314' title='bbox 248 1585 377 1626; x_wconf 87' lang='lat' dir='ltr'>penitus</span> <span class='ocrx_word' id='word_1_315' title='bbox 401 1583 616 1622; x_wconf 84' lang='lat' dir='ltr'>deiciendum,</span> <span class='ocrx_word' id='word_1_316' title='bbox 646 1584 678 1613; x_wconf 90' lang='lat' dir='ltr'>in</span> <span class='ocrx_word' id='word_1_317' title='bbox 709 1588 833 1614; x_wconf 88' lang='lat' dir='ltr'>tantum</span> <span class='ocrx_word' id='word_1_318' title='bbox 862 1589 896 1614; x_wconf 91' lang='lat' dir='ltr'>ut</span> <span class='ocrx_word' id='word_1_319' title='bbox 925 1583 1059 1615; x_wconf 86' lang='lat' dir='ltr'>ulterius</span> <span class='ocrx_word' id='word_1_320' title='bbox 1082 1595 1146 1614; x_wconf 89' lang='lat' dir='ltr'>non</span> <span class='ocrx_word' id='word_1_321' title='bbox 1170 1589 1279 1625; x_wconf 87' lang='lat' dir='ltr'>posset</span> <span class='ocrx_word' id='word_1_322' title='bbox 1302 1594 1500 1625; x_wconf 82' lang='lat' dir='ltr'>congregare</span> <span class='ocrx_word' id='word_1_323' title='bbox 1525 1583 1616 1625; x_wconf 86' lang='lat' dir='ltr'>plusn</span> <span class='ocrx_word' id='word_1_324' title='bbox 1640 1593 1734 1625; x_wconf 87' lang='lat' dir='ltr'>quam</span> 
     </span>
     <span class='ocr_line' id='line_1_29' title="bbox 84 1634 1736 1677; baseline -0.002 -9"><span class='ocrx_word' id='word_1_325' title='bbox 84 1648 141 1668; x_wconf 86' lang='lat' dir='ltr'>sex</span> <span class='ocrx_word' id='word_1_326' title='bbox 165 1636 301 1667; x_wconf 82' lang='lat' dir='ltr'>milites&#39;.</span> <span class='ocrx_word' id='word_1_327' title='bbox 345 1635 529 1666; x_wconf 85' lang='lat' dir='ltr'>Predicavit</span> <span class='ocrx_word' id='word_1_328' title='bbox 558 1635 654 1666; x_wconf 86' lang='lat' dir='ltr'>etiarn</span> <span class='ocrx_word' id='word_1_329' title='bbox 686 1636 849 1677; x_wconf 86' lang='lat' dir='ltr'>episcopis</span> <span class='ocrx_word' id='word_1_330' title='bbox 879 1641 910 1666; x_wconf 89' lang='lat' dir='ltr'>et</span> <span class='ocrx_word' id='word_1_331' title='bbox 940 1635 1158 1667; x_wconf 86' lang='lat' dir='ltr'>cardinalibus</span> <span class='ocrx_word' id='word_1_332' title='bbox 1191 1640 1223 1666; x_wconf 86' lang='lat' dir='ltr'>et</span> <span class='ocrx_word' id='word_1_333' title='bbox 1252 1635 1402 1666; x_wconf 85' lang='lat' dir='ltr'>omnibus</span> <span class='ocrx_word' id='word_1_334' title='bbox 1427 1636 1482 1677; x_wconf 84' lang='lat' dir='ltr'>qui</span> <span class='ocrx_word' id='word_1_335' title='bbox 1512 1634 1647 1666; x_wconf 84' lang='lat' dir='ltr'>aderant</span> <span class='ocrx_word' id='word_1_336' title='bbox 1677 1635 1736 1665; x_wconf 90' lang='lat' dir='ltr'>de⁰</span> 
     </span>
     <span class='ocr_line' id='line_1_30' title="bbox 84 1686 1735 1730; baseline -0.002 -10"><span class='ocrx_word' id='word_1_337' title='bbox 84 1689 223 1720; x_wconf 84' lang='lat' dir='ltr'>ambone</span> <span class='ocrx_word' id='word_1_338' title='bbox 247 1688 407 1719; x_wconf 88' lang='lat' dir='ltr'>clamans:</span> <span class='ocrx_word' id='word_1_339' title='bbox 433 1686 537 1717; x_wconf 76' lang='lat' dir='ltr'>‘Nullo</span> <span class='ocrx_word' id='word_1_340' title='bbox 563 1687 658 1718; x_wconf 89' lang='lat' dir='ltr'>modo</span> <span class='ocrx_word' id='word_1_341' title='bbox 682 1687 818 1718; x_wconf 78' lang='lat' dir='ltr'>habete¹¹</span> <span class='ocrx_word' id='word_1_342' title='bbox 843 1698 892 1718; x_wconf 84' lang='lat' dir='ltr'>me</span> <span class='ocrx_word' id='word_1_343' title='bbox 917 1698 974 1729; x_wconf 87' lang='lat' dir='ltr'>pro</span> <span class='ocrx_word' id='word_1_344' title='bbox 998 1699 1083 1730; x_wconf 90' lang='lat' dir='ltr'>papa</span> <span class='ocrx_word' id='word_1_345' title='bbox 1106 1687 1252 1726; x_wconf 88' lang='lat' dir='ltr'>ulterius,</span> <span class='ocrx_word' id='word_1_346' title='bbox 1277 1687 1332 1718; x_wconf 92' lang='lat' dir='ltr'>sed</span> <span class='ocrx_word' id='word_1_347' title='bbox 1356 1687 1397 1718; x_wconf 89' lang='lat' dir='ltr'>ab</span> <span class='ocrx_word' id='word_1_348' title='bbox 1421 1687 1513 1718; x_wconf 89' lang='lat' dir='ltr'>altari</span> <span class='ocrx_word' id='word_1_349' title='bbox 1531 1698 1582 1717; x_wconf 87' lang='lat' dir='ltr'>me</span> <span class='ocrx_word' id='word_1_350' title='bbox 1598 1686 1735 1725; x_wconf 78' lang='lat' dir='ltr'>avellite,</span> 
     </span>
     <span class='ocr_line' id='line_1_31' title="bbox 38 1738 1736 1783; baseline -0.001 -13"><span class='ocrx_word' id='word_1_351' title='bbox 38 1751 65 1770; x_wconf 82' lang='lat'>³0</span> <span class='ocrx_word' id='word_1_352' title='bbox 84 1741 111 1772; x_wconf 88' lang='lat' dir='ltr'>si</span> <span class='ocrx_word' id='word_1_353' title='bbox 134 1751 235 1783; x_wconf 87' lang='lat' dir='ltr'>usque</span> <span class='ocrx_word' id='word_1_354' title='bbox 260 1739 320 1770; x_wconf 70' lang='lat' dir='ltr'>adq</span> <span class='ocrx_word' id='word_1_355' title='bbox 345 1739 524 1781; x_wconf 88' lang='lat' dir='ltr'>predictum</span> <span class='ocrx_word' id='word_1_356' title='bbox 549 1739 664 1769; x_wconf 87' lang='lat' dir='ltr'>festum</span> <span class='ocrx_word' id='word_1_357' title='bbox 691 1738 863 1780; x_wconf 84' lang='lat' dir='ltr'>prophetia</span> <span class='ocrx_word' id='word_1_358' title='bbox 887 1739 965 1770; x_wconf 87' lang='lat' dir='ltr'>haec</span> <span class='ocrx_word' id='word_1_359' title='bbox 989 1740 1137 1770; x_wconf 77' lang='lat' dir='ltr'>effectum</span> <span class='ocrx_word' id='word_1_360' title='bbox 1163 1750 1226 1770; x_wconf 88' lang='lat' dir='ltr'>non</span> <span class='ocrx_word' id='word_1_361' title='bbox 1252 1739 1418 1771; x_wconf 84' lang='lat' dir='ltr'>habuerit’.</span> <span class='ocrx_word' id='word_1_362' title='bbox 1464 1739 1595 1770; x_wconf 84' lang='lat' dir='ltr'>Eisdem</span> <span class='ocrx_word' id='word_1_363' title='bbox 1621 1738 1736 1769; x_wconf 85' lang='lat' dir='ltr'>diebus</span> 
     </span>
     <span class='ocr_line' id='line_1_32' title="bbox 82 1790 1734 1834; baseline -0.002 -11"><span class='ocrx_word' id='word_1_364' title='bbox 82 1792 210 1834; x_wconf 85' lang='lat' dir='ltr'>paravit</span> <span class='ocrx_word' id='word_1_365' title='bbox 238 1793 464 1832; x_wconf 89' lang='lat' dir='ltr'>imperatorem</span> <span class='ocrx_word' id='word_1_366' title='bbox 497 1790 632 1832; x_wconf 90' lang='lat' dir='ltr'>perdere</span> <span class='ocrx_word' id='word_1_367' title='bbox 662 1802 720 1832; x_wconf 83' lang='lat' dir='ltr'>per</span> <span class='ocrx_word' id='word_1_368' title='bbox 753 1791 895 1822; x_wconf 87' lang='lat' dir='ltr'>occultos</span> <span class='ocrx_word' id='word_1_369' title='bbox 926 1791 1117 1833; x_wconf 84' lang='lat' dir='ltr'>proditores,</span> <span class='ocrx_word' id='word_1_370' title='bbox 1152 1791 1242 1822; x_wconf 90' lang='lat' dir='ltr'>Deus</span> <span class='ocrx_word' id='word_1_371' title='bbox 1279 1796 1386 1821; x_wconf 88' lang='lat' dir='ltr'>autem</span> <span class='ocrx_word' id='word_1_372' title='bbox 1425 1796 1519 1821; x_wconf 58' lang='lat' dir='ltr'>eumw</span> <span class='ocrx_word' id='word_1_373' title='bbox 1551 1790 1734 1823; x_wconf 78' lang='lat' dir='ltr'>custodivit,</span> 
     </span>
     <span class='ocr_line' id='line_1_33' title="bbox 83 1841 1735 1885; baseline -0.002 -10"><span class='ocrx_word' id='word_1_374' title='bbox 83 1844 126 1875; x_wconf 83' lang='lat' dir='ltr'>Et</span> <span class='ocrx_word' id='word_1_375' title='bbox 148 1843 261 1875; x_wconf 86' lang='lat' dir='ltr'>eodem</span> <span class='ocrx_word' id='word_1_376' title='bbox 285 1849 428 1884; x_wconf 90' lang='lat' dir='ltr'>tempore</span> <span class='ocrx_word' id='word_1_377' title='bbox 451 1842 581 1873; x_wconf 83' lang='lat' dir='ltr'>fuerunt</span> <span class='ocrx_word' id='word_1_378' title='bbox 601 1842 758 1881; x_wconf 87' lang='lat' dir='ltr'>nonnulli,</span> <span class='ocrx_word' id='word_1_379' title='bbox 783 1844 837 1884; x_wconf 87' lang='lat' dir='ltr'>qui</span> <span class='ocrx_word' id='word_1_380' title='bbox 863 1844 1070 1874; x_wconf 80' lang='lat' dir='ltr'>estimarent⁵</span> <span class='ocrx_word' id='word_1_381' title='bbox 1095 1845 1202 1885; x_wconf 89' lang='lat' dir='ltr'>ipsum</span> <span class='ocrx_word' id='word_1_382' title='bbox 1222 1841 1478 1873; x_wconf 86' lang='lat' dir='ltr'>Hildebrandum</span> <span class='ocrx_word' id='word_1_383' title='bbox 1501 1843 1664 1872; x_wconf 86' lang='lat' dir='ltr'>conscium</span> <span class='ocrx_word' id='word_1_384' title='bbox 1683 1853 1735 1871; x_wconf 82' lang='lat' dir='ltr'>ex-</span> 
     </span>
     <span class='ocr_line' id='line_1_34' title="bbox 82 1893 1734 1936; baseline -0.002 -10"><span class='ocrx_word' id='word_1_385' title='bbox 82 1896 187 1927; x_wconf 86' lang='lat' dir='ltr'>titisse</span> <span class='ocrx_word' id='word_1_386' title='bbox 211 1900 243 1926; x_wconf 88' lang='lat' dir='ltr'>et</span> <span class='ocrx_word' id='word_1_387' title='bbox 266 1894 480 1926; x_wconf 85' lang='lat' dir='ltr'>ordinatorem</span> <span class='ocrx_word' id='word_1_388' title='bbox 506 1893 715 1936; x_wconf 86' lang='lat' dir='ltr'>proditionis:</span> <span class='ocrx_word' id='word_1_389' title='bbox 739 1895 815 1936; x_wconf 90' lang='lat' dir='ltr'>quia</span> <span class='ocrx_word' id='word_1_390' title='bbox 839 1895 958 1926; x_wconf 86' lang='lat' dir='ltr'>eisdem</span> <span class='ocrx_word' id='word_1_391' title='bbox 983 1893 1098 1925; x_wconf 86' lang='lat' dir='ltr'>diebus</span> <span class='ocrx_word' id='word_1_392' title='bbox 1123 1894 1218 1935; x_wconf 87' lang='lat' dir='ltr'>paulo</span> <span class='ocrx_word' id='word_1_393' title='bbox 1242 1899 1315 1924; x_wconf 91' lang='lat' dir='ltr'>ante</span> <span class='ocrx_word' id='word_1_394' title='bbox 1335 1893 1549 1935; x_wconf 82' lang='lat' dir='ltr'>proditionem</span> <span class='ocrx_word' id='word_1_395' title='bbox 1572 1893 1611 1923; x_wconf 81' lang='lat' dir='ltr'>de</span> <span class='ocrx_word' id='word_1_396' title='bbox 1634 1898 1734 1923; x_wconf 87' lang='lat' dir='ltr'>morte</span> 
     </span>
     <span class='ocr_line' id='line_1_35' title="bbox 83 1943 1733 1989; baseline -0.002 -11"><span class='ocrx_word' id='word_1_397' title='bbox 83 1948 170 1989; x_wconf 82' lang='lat' dir='ltr'>regis</span> <span class='ocrx_word' id='word_1_398' title='bbox 193 1946 273 1977; x_wconf 89' lang='lat' dir='ltr'>falso</span> <span class='ocrx_word' id='word_1_399' title='bbox 297 1946 510 1989; x_wconf 74' lang='lat' dir='ltr'>prophetare²</span> <span class='ocrx_word' id='word_1_400' title='bbox 536 1946 776 1988; x_wconf 71' lang='lat' dir='ltr'>presumseritu.</span> <span class='ocrx_word' id='word_1_401' title='bbox 823 1946 919 1985; x_wconf 74' lang='lat' dir='ltr'>Quod</span> <span class='ocrx_word' id='word_1_402' title='bbox 945 1947 1076 1977; x_wconf 89' lang='lat' dir='ltr'>verbum</span> <span class='ocrx_word' id='word_1_403' title='bbox 1103 1945 1329 1976; x_wconf 77' lang='lat' dir='ltr'>veliementerv</span> <span class='ocrx_word' id='word_1_404' title='bbox 1353 1946 1511 1986; x_wconf 85' lang='lat' dir='ltr'>percussit</span> <span class='ocrx_word' id='word_1_405' title='bbox 1535 1944 1632 1975; x_wconf 88' lang='lat' dir='ltr'>corda</span> <span class='ocrx_word' id='word_1_406' title='bbox 1656 1943 1733 1974; x_wconf 87' lang='lat' dir='ltr'>mul-</span> 
     </span>
     <span class='ocr_line' id='line_1_36' title="bbox 37 1995 1734 2040; baseline -0.001 -12"><span class='ocrx_word' id='word_1_407' title='bbox 37 2008 64 2028; x_wconf 77' lang='lat'>³5</span> <span class='ocrx_word' id='word_1_408' title='bbox 84 2003 199 2030; x_wconf 90' lang='lat' dir='ltr'>torum.</span> <span class='ocrx_word' id='word_1_409' title='bbox 246 1997 288 2028; x_wconf 83' lang='lat' dir='ltr'>Et</span> <span class='ocrx_word' id='word_1_410' title='bbox 318 1998 423 2040; x_wconf 88' lang='lat' dir='ltr'>palam</span> <span class='ocrx_word' id='word_1_411' title='bbox 454 1998 574 2029; x_wconf 84' lang='lat' dir='ltr'>factum</span> <span class='ocrx_word' id='word_1_412' title='bbox 606 2003 654 2028; x_wconf 85' lang='lat' dir='ltr'>cst</span> <span class='ocrx_word' id='word_1_413' title='bbox 678 1997 935 2028; x_wconf 86' lang='lat' dir='ltr'>Hildebrandum</span> <span class='ocrx_word' id='word_1_414' title='bbox 965 2009 1044 2028; x_wconf 85' lang='lat' dir='ltr'>voce</span> <span class='ocrx_word' id='word_1_415' title='bbox 1068 1998 1200 2039; x_wconf 90' lang='lat' dir='ltr'>propria</span> <span class='ocrx_word' id='word_1_416' title='bbox 1222 1998 1254 2028; x_wconf 87' lang='lat' dir='ltr'>in</span> <span class='ocrx_word' id='word_1_417' title='bbox 1279 2001 1438 2027; x_wconf 88' lang='lat' dir='ltr'>conventu</span> <span class='ocrx_word' id='word_1_418' title='bbox 1462 1995 1640 2027; x_wconf 87' lang='lat' dir='ltr'>aecclesiae</span> <span class='ocrx_word' id='word_1_419' title='bbox 1664 2007 1734 2026; x_wconf 83' lang='lat' dir='ltr'>esse</span> 
     </span>
     <span class='ocr_line' id='line_1_37' title="bbox 84 2048 1734 2092; baseline -0.002 -11"><span class='ocrx_word' id='word_1_420' title='bbox 84 2050 305 2092; x_wconf 88' lang='lat' dir='ltr'>dampnatum,</span> <span class='ocrx_word' id='word_1_421' title='bbox 330 2050 395 2092; x_wconf 90' lang='lat' dir='ltr'>qui,</span> <span class='ocrx_word' id='word_1_422' title='bbox 419 2054 453 2080; x_wconf 89' lang='lat' dir='ltr'>ut</span> <span class='ocrx_word' id='word_1_423' title='bbox 475 2049 597 2080; x_wconf 83' lang='lat' dir='ltr'>dietum</span> <span class='ocrx_word' id='word_1_424' title='bbox 621 2054 677 2088; x_wconf 90' lang='lat' dir='ltr'>est,</span> <span class='ocrx_word' id='word_1_425' title='bbox 702 2049 901 2080; x_wconf 89' lang='lat' dir='ltr'>iudicaverat</span> <span class='ocrx_word' id='word_1_426' title='bbox 925 2061 957 2080; x_wconf 90' lang='lat' dir='ltr'>se</span> <span class='ocrx_word' id='word_1_427' title='bbox 981 2048 1068 2080; x_wconf 90' lang='lat' dir='ltr'>nullo</span> <span class='ocrx_word' id='word_1_428' title='bbox 1093 2049 1189 2079; x_wconf 91' lang='lat' dir='ltr'>modo</span> <span class='ocrx_word' id='word_1_429' title='bbox 1207 2060 1277 2079; x_wconf 89' lang='lat' dir='ltr'>esse</span> <span class='ocrx_word' id='word_1_430' title='bbox 1295 2059 1413 2090; x_wconf 84' lang='lat' dir='ltr'>papam</span> <span class='ocrx_word' id='word_1_431' title='bbox 1438 2059 1542 2089; x_wconf 88' lang='lat' dir='ltr'>neque</span> <span class='ocrx_word' id='word_1_432' title='bbox 1568 2059 1625 2089; x_wconf 87' lang='lat' dir='ltr'>pro</span> <span class='ocrx_word' id='word_1_433' title='bbox 1648 2058 1734 2088; x_wconf 85' lang='lat' dir='ltr'>papa</span> 
     </span>
     <span class='ocr_line' id='line_1_38' title="bbox 65 2099 1735 2142; baseline -0.002 -9"><span class='ocrx_word' id='word_1_434' title='bbox 65 2101 217 2133; x_wconf 31' lang='lat' dir='ltr'>,ulterius</span> <span class='ocrx_word' id='word_1_435' title='bbox 239 2101 434 2139; x_wconf 85' lang='lat' dir='ltr'>habendum,</span> <span class='ocrx_word' id='word_1_436' title='bbox 459 2102 513 2131; x_wconf 88' lang='lat' dir='ltr'>sed</span> <span class='ocrx_word' id='word_1_437' title='bbox 539 2100 734 2142; x_wconf 88' lang='lat' dir='ltr'>proditorem</span> <span class='ocrx_word' id='word_1_438' title='bbox 761 2107 792 2132; x_wconf 92' lang='lat' dir='ltr'>et</span> <span class='ocrx_word' id='word_1_439' title='bbox 815 2101 1004 2131; x_wconf 79' lang='lat' dir='ltr'>mendacem</span> <span class='ocrx_word' id='word_1_440' title='bbox 1030 2112 1098 2132; x_wconf 88' lang='lat' dir='ltr'>esse</span> <span class='ocrx_word' id='word_1_441' title='bbox 1122 2100 1328 2134; x_wconf 78' lang='lat' dir='ltr'>credendum,</span> <span class='ocrx_word' id='word_1_442' title='bbox 1353 2100 1413 2130; x_wconf 88' lang='lat' dir='ltr'>nisi</span> <span class='ocrx_word' id='word_1_443' title='bbox 1439 2110 1540 2141; x_wconf 89' lang='lat' dir='ltr'>usque</span> <span class='ocrx_word' id='word_1_444' title='bbox 1564 2099 1603 2130; x_wconf 88' lang='lat' dir='ltr'>ad</span> <span class='ocrx_word' id='word_1_445' title='bbox 1628 2100 1735 2140; x_wconf 84' lang='lat' dir='ltr'>proxi-</span> 
     </span>
    </p>
   </div>
   <div class='ocr_carea' id='block_1_3' title="bbox 37 2214 1732 2387">
    <p class='ocr_par' dir='ltr' id='par_1_7' title="bbox 194 2214 1732 2247">
     <span class='ocr_line' id='line_1_39' title="bbox 194 2214 1732 2247; baseline -0.002 -7"><span class='ocrx_word' id='word_1_446' title='bbox 194 2216 222 2247; x_wconf 86' lang='lat' dir='ltr'>a)</span> <span class='ocrx_word' id='word_1_447' title='bbox 243 2217 277 2240; x_wconf 88' lang='lat' dir='ltr'>ad</span> <span class='ocrx_word' id='word_1_448' title='bbox 298 2215 327 2241; x_wconf 87' lang='lat' dir='ltr'>S.</span> <span class='ocrx_word' id='word_1_449' title='bbox 393 2215 420 2246; x_wconf 85' lang='lat' dir='ltr'>b]</span> <span class='ocrx_word' id='word_1_450' title='bbox 442 2216 480 2240; x_wconf 80' lang='lat' dir='ltr'>ica</span> <span class='ocrx_word' id='word_1_451' title='bbox 501 2215 546 2244; x_wconf 81' lang='lat' dir='ltr'>S.,·</span> <span class='ocrx_word' id='word_1_452' title='bbox 567 2219 687 2239; x_wconf 71' lang='lat' dir='ltr'>sanctum</span> <span class='ocrx_word' id='word_1_453' title='bbox 710 2217 879 2239; x_wconf 84' lang='lat' dir='ltr'>Anastasium</span> <span class='ocrx_word' id='word_1_454' title='bbox 905 2217 926 2239; x_wconf 88' lang='grc'>1.</span> <span class='ocrx_word' id='word_1_455' title='bbox 948 2216 972 2238; x_wconf 76' lang='grc'>2.</span> <span class='ocrx_word' id='word_1_456' title='bbox 1037 2218 1060 2242; x_wconf 74' lang='lat' dir='ltr'>c)</span> <span class='ocrx_word' id='word_1_457' title='bbox 1085 2215 1176 2238; x_wconf 80' lang='lat' dir='ltr'>&lt;latum</span> <span class='ocrx_word' id='word_1_458' title='bbox 1198 2215 1222 2238; x_wconf 68' lang='grc'>2.</span> <span class='ocrx_word' id='word_1_459' title='bbox 1283 2215 1309 2245; x_wconf 92' lang='lat' dir='ltr'>d)</span> <span class='ocrx_word' id='word_1_460' title='bbox 1333 2223 1383 2246; x_wconf 88' lang='lat' dir='ltr'>quo</span> <span class='ocrx_word' id='word_1_461' title='bbox 1405 2215 1512 2238; x_wconf 82' lang='lat' dir='ltr'>numine</span> <span class='ocrx_word' id='word_1_462' title='bbox 1534 2215 1559 2238; x_wconf 70' lang='lat'>2.</span> <span class='ocrx_word' id='word_1_463' title='bbox 1617 2216 1641 2242; x_wconf 88' lang='lat' dir='ltr'>e)</span> <span class='ocrx_word' id='word_1_464' title='bbox 1665 2214 1732 2245; x_wconf 71' lang='lat' dir='ltr'>freq.</span> 
     </span>
    </p>

    <p class='ocr_par' dir='ltr' id='par_1_8' title="bbox 37 2260 1732 2387">
     <span class='ocr_line' id='line_1_40' title="bbox 83 2260 1732 2293; baseline -0.002 -6"><span class='ocrx_word' id='word_1_465' title='bbox 83 2263 133 2287; x_wconf 60' lang='lat' dir='ltr'>sol,</span> <span class='ocrx_word' id='word_1_466' title='bbox 154 2266 194 2287; x_wconf 87' lang='lat' dir='ltr'>est</span> <span class='ocrx_word' id='word_1_467' title='bbox 213 2263 251 2287; x_wconf 83' lang='lat' dir='ltr'>ire</span> <span class='ocrx_word' id='word_1_468' title='bbox 271 2263 297 2287; x_wconf 91' lang='grc'>3.</span> <span class='ocrx_word' id='word_1_469' title='bbox 353 2262 376 2293; x_wconf 83' lang='lat' dir='ltr'>f)</span> <span class='ocrx_word' id='word_1_470' title='bbox 397 2263 432 2286; x_wconf 83' lang='grc' dir='ltr'>ἱια</span> <span class='ocrx_word' id='word_1_471' title='bbox 456 2264 480 2286; x_wconf 87' lang='grc'>1.</span> <span class='ocrx_word' id='word_1_472' title='bbox 502 2264 533 2289; x_wconf 55' lang='lat' dir='ltr'>‘L&#39;</span> <span class='ocrx_word' id='word_1_473' title='bbox 554 2262 638 2286; x_wconf 81' lang='lat' dir='ltr'>fracta</span> <span class='ocrx_word' id='word_1_474' title='bbox 658 2262 706 2286; x_wconf 85' lang='lat' dir='ltr'>sub</span> <span class='ocrx_word' id='word_1_475' title='bbox 727 2266 758 2286; x_wconf 87' lang='lat' dir='ltr'>tr.</span> <span class='ocrx_word' id='word_1_476' title='bbox 779 2262 871 2285; x_wconf 85' lang='lat' dir='ltr'>tabula</span> <span class='ocrx_word' id='word_1_477' title='bbox 892 2263 917 2286; x_wconf 83' lang='lat'>3.</span> <span class='ocrx_word' id='word_1_478' title='bbox 940 2261 966 2286; x_wconf 78' lang='lat' dir='ltr'>S.</span> <span class='ocrx_word' id='word_1_479' title='bbox 1031 2267 1059 2292; x_wconf 65' lang='lat' dir='ltr'>g)</span> <span class='ocrx_word' id='word_1_480' title='bbox 1081 2261 1178 2285; x_wconf 73' lang='lat' dir='ltr'>eccidit</span> <span class='ocrx_word' id='word_1_481' title='bbox 1199 2261 1222 2285; x_wconf 77' lang='lat'>2.</span> <span class='ocrx_word' id='word_1_482' title='bbox 1288 2260 1315 2291; x_wconf 87' lang='lat' dir='ltr'>h)</span> <span class='ocrx_word' id='word_1_483' title='bbox 1336 2261 1440 2292; x_wconf 82' lang='lat' dir='ltr'>penitus</span> <span class='ocrx_word' id='word_1_484' title='bbox 1462 2263 1509 2284; x_wconf 87' lang='lat' dir='ltr'>est.</span> <span class='ocrx_word' id='word_1_485' title='bbox 1550 2261 1636 2284; x_wconf 75' lang='lat' dir='ltr'>Huius</span> <span class='ocrx_word' id='word_1_486' title='bbox 1657 2261 1681 2283; x_wconf 78' lang='grc'>3.</span> <span class='ocrx_word' id='word_1_487' title='bbox 1704 2261 1732 2284; x_wconf 60' lang='lat' dir='ltr'>S.</span> 
     </span>
     <span class='ocr_line' id='line_1_41' title="bbox 37 2305 1731 2341; baseline -0.001 -9"><span class='ocrx_word' id='word_1_488' title='bbox 37 2312 64 2332; x_wconf 77' lang='lat'>40</span> <span class='ocrx_word' id='word_1_489' title='bbox 83 2308 102 2341; x_wconf 83' lang='lat' dir='ltr'>i)</span> <span class='ocrx_word' id='word_1_490' title='bbox 122 2312 306 2340; x_wconf 81' lang='lat' dir='ltr'>cognoverunt</span> <span class='ocrx_word' id='word_1_491' title='bbox 324 2307 351 2334; x_wconf 87' lang='lat' dir='ltr'>S.</span> <span class='ocrx_word' id='word_1_492' title='bbox 454 2309 484 2339; x_wconf 83' lang='lat' dir='ltr'>k)</span> <span class='ocrx_word' id='word_1_493' title='bbox 506 2316 521 2332; x_wconf 88' lang='lat' dir='ltr'>a</span> <span class='ocrx_word' id='word_1_494' title='bbox 541 2316 606 2333; x_wconf 85' lang='lat' dir='ltr'>secr.</span> <span class='ocrx_word' id='word_1_495' title='bbox 629 2309 653 2332; x_wconf 92' lang='lat'>3.</span> <span class='ocrx_word' id='word_1_496' title='bbox 674 2308 702 2332; x_wconf 84' lang='lat' dir='ltr'>S.</span> <span class='ocrx_word' id='word_1_497' title='bbox 803 2308 822 2337; x_wconf 76' lang='lat' dir='ltr'>l)</span> <span class='ocrx_word' id='word_1_498' title='bbox 846 2308 991 2331; x_wconf 80' lang='lat' dir='ltr'>debeamus</span> <span class='ocrx_word' id='word_1_499' title='bbox 1012 2308 1036 2332; x_wconf 71' lang='lat'>2.</span> <span class='ocrx_word' id='word_1_500' title='bbox 1138 2308 1173 2338; x_wconf 87' lang='lat' dir='ltr'>m)</span> <span class='ocrx_word' id='word_1_501' title='bbox 1197 2307 1375 2330; x_wconf 78' lang='lat' dir='ltr'>damnationis</span> <span class='ocrx_word' id='word_1_502' title='bbox 1398 2308 1421 2329; x_wconf 71' lang='lat'>2.</span> <span class='ocrx_word' id='word_1_503' title='bbox 1519 2307 1547 2333; x_wconf 85' lang='grc' dir='ltr'>ιι)</span> <span class='ocrx_word' id='word_1_504' title='bbox 1569 2307 1639 2330; x_wconf 72' lang='lat' dir='ltr'>deest</span> <span class='ocrx_word' id='word_1_505' title='bbox 1661 2308 1684 2330; x_wconf 73' lang='lat'>3.</span> <span class='ocrx_word' id='word_1_506' title='bbox 1707 2305 1731 2330; x_wconf 74' lang='lat' dir='ltr'>S.</span> 
     </span>
     <span class='ocr_line' id='line_1_42' title="bbox 85 2352 1731 2387; baseline -0.002 -8"><span class='ocrx_word' id='word_1_507' title='bbox 85 2356 112 2385; x_wconf 87' lang='lat' dir='ltr'>o)</span> <span class='ocrx_word' id='word_1_508' title='bbox 131 2355 159 2379; x_wconf 85' lang='lat' dir='ltr'>in</span> <span class='ocrx_word' id='word_1_509' title='bbox 179 2355 205 2379; x_wconf 79' lang='lat'>2.</span> <span class='ocrx_word' id='word_1_510' title='bbox 303 2356 331 2387; x_wconf 89' lang='lat' dir='ltr'>p)</span> <span class='ocrx_word' id='word_1_511' title='bbox 351 2354 466 2379; x_wconf 82' lang='lat' dir='ltr'>habente</span> <span class='ocrx_word' id='word_1_512' title='bbox 487 2355 511 2379; x_wconf 88' lang='lat'>3.</span> <span class='ocrx_word' id='word_1_513' title='bbox 611 2354 636 2386; x_wconf 87' lang='lat' dir='ltr'>q)</span> <span class='ocrx_word' id='word_1_514' title='bbox 659 2354 693 2378; x_wconf 86' lang='lat' dir='ltr'>ad</span> <span class='ocrx_word' id='word_1_515' title='bbox 714 2354 763 2378; x_wconf 88' lang='lat' dir='ltr'>hoc</span> <span class='ocrx_word' id='word_1_516' title='bbox 783 2363 822 2386; x_wconf 86' lang='lat' dir='ltr'>pr.</span> <span class='ocrx_word' id='word_1_517' title='bbox 846 2355 869 2378; x_wconf 69' lang='grc'>2.</span> <span class='ocrx_word' id='word_1_518' title='bbox 968 2354 990 2383; x_wconf 81' lang='lat' dir='ltr'>r)</span> <span class='ocrx_word' id='word_1_519' title='bbox 1011 2354 1084 2377; x_wconf 85' lang='lat' dir='ltr'>iilum</span> <span class='ocrx_word' id='word_1_520' title='bbox 1107 2354 1131 2379; x_wconf 69' lang='lat'>2.</span> <span class='ocrx_word' id='word_1_521' title='bbox 1225 2353 1249 2384; x_wconf 85' lang='lat' dir='ltr'>s)</span> <span class='ocrx_word' id='word_1_522' title='bbox 1271 2354 1488 2376; x_wconf 64' lang='lat' dir='ltr'>existimaverunt</span> <span class='ocrx_word' id='word_1_523' title='bbox 1507 2352 1535 2376; x_wconf 83' lang='lat' dir='ltr'>S.</span> <span class='ocrx_word' id='word_1_524' title='bbox 1630 2355 1652 2377; x_wconf 65' lang='lat' dir='ltr'>tl</span> <span class='ocrx_word' id='word_1_525' title='bbox 1673 2361 1731 2384; x_wconf 85' lang='lat' dir='ltr'>pro-</span> 
     </span>
    </p>
   </div>
   <div class='ocr_carea' id='block_1_4' title="bbox 84 2399 995 2433">
    <p class='ocr_par' dir='ltr' id='par_1_9' title="bbox 84 2399 995 2433">
     <span class='ocr_line' id='line_1_43' title="bbox 84 2399 995 2433; baseline -0.001 -8"><span class='ocrx_word' id='word_1_526' title='bbox 84 2400 193 2433; x_wconf 84' lang='lat' dir='ltr'>phetata</span> <span class='ocrx_word' id='word_1_527' title='bbox 212 2401 238 2425; x_wconf 88' lang='grc'>3.</span> <span class='ocrx_word' id='word_1_528' title='bbox 258 2400 286 2425; x_wconf 83' lang='lat' dir='ltr'>S.</span> <span class='ocrx_word' id='word_1_529' title='bbox 361 2401 389 2431; x_wconf 93' lang='grc' dir='ltr'>ιι)</span> <span class='ocrx_word' id='word_1_530' title='bbox 411 2401 573 2433; x_wconf 79' lang='lat' dir='ltr'>presumpsit</span> <span class='ocrx_word' id='word_1_531' title='bbox 593 2400 617 2425; x_wconf 78' lang='lat'>2.</span> <span class='ocrx_word' id='word_1_532' title='bbox 639 2401 664 2424; x_wconf 85' lang='lat'>3.</span> <span class='ocrx_word' id='word_1_533' title='bbox 686 2399 714 2424; x_wconf 81' lang='lat' dir='ltr'>S.</span> <span class='ocrx_word' id='word_1_534' title='bbox 792 2401 819 2425; x_wconf 74' lang='grc' dir='ltr'>ν)</span> <span class='ocrx_word' id='word_1_535' title='bbox 841 2399 879 2424; x_wconf 71' lang='lat' dir='ltr'>bis</span> <span class='ocrx_word' id='word_1_536' title='bbox 899 2409 949 2423; x_wconf 62' lang='lat' dir='ltr'>scr.</span> <span class='ocrx_word' id='word_1_537' title='bbox 974 2401 995 2424; x_wconf 92' lang='lat'>1.</span> 
     </span>
    </p>
   </div>
   <div class='ocr_carea' id='block_1_5' title="bbox 2 2506 1734 2800">
    <p class='ocr_par' dir='ltr' id='par_1_10' title="bbox 192 2506 1731 2542">
     <span class='ocr_line' id='line_1_44' title="bbox 192 2506 1731 2542; baseline -0.002 -8"><span class='ocrx_word' id='word_1_538' title='bbox 192 2508 221 2542; x_wconf 88' lang='lat'>1)</span> <span class='ocrx_word' id='word_1_539' title='bbox 248 2508 345 2535; x_wconf 76' lang='lat' dir='ltr'>Presb.</span> <span class='ocrx_word' id='word_1_540' title='bbox 369 2509 448 2535; x_wconf 81' lang='lat' dir='ltr'>card.</span> <span class='ocrx_word' id='word_1_541' title='bbox 471 2509 546 2534; x_wconf 74' lang='lat' dir='ltr'>tituli</span> <span class='ocrx_word' id='word_1_542' title='bbox 568 2508 599 2535; x_wconf 71' lang='lat' dir='ltr'>S.</span> <span class='ocrx_word' id='word_1_543' title='bbox 615 2507 785 2534; x_wconf 64' lang='lat' dir='ltr'>Anastasiae</span> <span class='ocrx_word' id='word_1_544' title='bbox 813 2508 841 2533; x_wconf 76' lang='lat' dir='ltr'>in</span> <span class='ocrx_word' id='word_1_545' title='bbox 871 2508 1002 2541; x_wconf 72' lang='lat' dir='ltr'>Reffl&#39;stro</span> <span class='ocrx_word' id='word_1_546' title='bbox 1025 2507 1156 2541; x_wconf 75' lang='lat' dir='ltr'>Greyoriz&#39;</span> <span class='ocrx_word' id='word_1_547' title='bbox 1182 2507 1246 2532; x_wconf 79' lang='lat' dir='ltr'>VII.</span> <span class='ocrx_word' id='word_1_548' title='bbox 1271 2506 1391 2532; x_wconf 72' lang='lat' dir='ltr'>occurrit</span> <span class='ocrx_word' id='word_1_549' title='bbox 1419 2515 1446 2533; x_wconf 85' lang='lat' dir='ltr'>a.</span> <span class='ocrx_word' id='word_1_550' title='bbox 1473 2506 1563 2533; x_wconf 81' lang='lat'>1076.</span> <span class='ocrx_word' id='word_1_551' title='bbox 1593 2510 1616 2531; x_wconf 80' lang='lat' dir='ltr'>et</span> <span class='ocrx_word' id='word_1_552' title='bbox 1644 2506 1731 2532; x_wconf 58' lang='lat' dir='ltr'>low.</span> 
     </span>
    </p>

    <p class='ocr_par' dir='ltr' id='par_1_11' title="bbox 85 2557 1734 2595">
     <span class='ocr_line' id='line_1_45' title="bbox 85 2557 1734 2595; baseline -0.002 -9"><span class='ocrx_word' id='word_1_553' title='bbox 85 2558 184 2593; x_wconf 83' lang='lat' dir='ltr'>(Jaffe&#39;</span> <span class='ocrx_word' id='word_1_554' title='bbox 204 2560 246 2595; x_wconf 86' lang='lat' dir='ltr'>II,</span> <span class='ocrx_word' id='word_1_555' title='bbox 265 2569 298 2594; x_wconf 80' lang='lat' dir='ltr'>p.</span> <span class='ocrx_word' id='word_1_556' title='bbox 316 2559 386 2586; x_wconf 78' lang='lat'>233.</span> <span class='ocrx_word' id='word_1_557' title='bbox 404 2559 488 2594; x_wconf 78' lang='lat'><em>259).</em></span> <span class='ocrx_word' id='word_1_558' title='bbox 523 2560 555 2586; x_wconf 76' lang='lat' dir='ltr'>S.</span> <span class='ocrx_word' id='word_1_559' title='bbox 637 2560 666 2594; x_wconf 77' lang='lat'>2)</span> <span class='ocrx_word' id='word_1_560' title='bbox 691 2559 745 2589; x_wconf 72' lang='lat' dir='ltr'>Qui</span> <span class='ocrx_word' id='word_1_561' title='bbox 767 2560 795 2585; x_wconf 81' lang='lat' dir='ltr'>in</span> <span class='ocrx_word' id='word_1_562' title='bbox 819 2559 890 2584; x_wconf 71' lang='lat' dir='ltr'>Anu.</span> <span class='ocrx_word' id='word_1_563' title='bbox 916 2559 1006 2591; x_wconf 59' lang='lat' dir='ltr'>Rom„</span> <span class='ocrx_word' id='word_1_564' title='bbox 1029 2559 1085 2585; x_wconf 81' lang='lat' dir='ltr'>SS.</span> <span class='ocrx_word' id='word_1_565' title='bbox 1109 2558 1138 2588; x_wconf 89' lang='lat' dir='ltr'>V,</span> <span class='ocrx_word' id='word_1_566' title='bbox 1158 2567 1189 2592; x_wconf 79' lang='lat' dir='ltr'>p.</span> <span class='ocrx_word' id='word_1_567' title='bbox 1208 2558 1277 2590; x_wconf 73' lang='grc'>472,</span> <span class='ocrx_word' id='word_1_568' title='bbox 1302 2557 1417 2592; x_wconf 85' lang='lat' dir='ltr'>Suppus</span> <span class='ocrx_word' id='word_1_569' title='bbox 1441 2558 1530 2584; x_wconf 73' lang='lat' dir='ltr'>audit.</span> <span class='ocrx_word' id='word_1_570' title='bbox 1619 2558 1648 2592; x_wconf 88' lang='lat'>3)</span> <span class='ocrx_word' id='word_1_571' title='bbox 1672 2558 1734 2583; x_wconf 82' lang='lat' dir='ltr'>Hoc</span> 
     </span>
    </p>

    <p class='ocr_par' dir='ltr' id='par_1_12' title="bbox 2 2603 1733 2800">
     <span class='ocr_line' id='line_1_46' title="bbox 2 2603 1731 2646; baseline 0.001 -12"><span class='ocrx_word' id='word_1_572' title='bbox 2 2603 3 2631; x_wconf 68' lang='grc' dir='ltr'>Ῐ</span> <span class='ocrx_word' id='word_1_573' title='bbox 37 2614 66 2634; x_wconf 77' lang='grc'>45</span> <span class='ocrx_word' id='word_1_574' title='bbox 85 2610 281 2637; x_wconf 78' lang='lat' dir='ltr'>monasterium</span> <span class='ocrx_word' id='word_1_575' title='bbox 304 2611 452 2646; x_wconf 66' lang='lat' dir='ltr'>hospitismz</span> <span class='ocrx_word' id='word_1_576' title='bbox 475 2612 606 2638; x_wconf 66' lang='lat' dir='ltr'>abbatum</span> <span class='ocrx_word' id='word_1_577' title='bbox 631 2611 857 2637; x_wconf 68' lang='lat' dir='ltr'>Cluniacensitcm</span> <span class='ocrx_word' id='word_1_578' title='bbox 880 2611 1036 2636; x_wconf 78' lang='lat' dir='ltr'>Romanum</span> <span class='ocrx_word' id='word_1_579' title='bbox 1053 2610 1123 2643; x_wconf 78' lang='lat' dir='ltr'>fuit.</span> <span class='ocrx_word' id='word_1_580' title='bbox 1159 2610 1190 2636; x_wconf 89' lang='lat' dir='ltr'>S.</span> <span class='ocrx_word' id='word_1_581' title='bbox 1274 2609 1303 2643; x_wconf 87' lang='grc'>4)</span> <span class='ocrx_word' id='word_1_582' title='bbox 1329 2609 1373 2642; x_wconf 83' lang='lat' dir='ltr'>Cf.</span> <span class='ocrx_word' id='word_1_583' title='bbox 1398 2609 1485 2635; x_wconf 78' lang='lat' dir='ltr'>Vitam</span> <span class='ocrx_word' id='word_1_584' title='bbox 1511 2609 1642 2635; x_wconf 76' lang='lat' dir='ltr'>Ileinricz‘</span> <span class='ocrx_word' id='word_1_585' title='bbox 1663 2619 1686 2635; x_wconf 83' lang='lat' dir='ltr'>c.</span> <span class='ocrx_word' id='word_1_586' title='bbox 1707 2609 1731 2635; x_wconf 77' lang='lat' dir='ltr'>T.</span> 
     </span>
     <span class='ocr_line' id='line_1_47' title="bbox 3 2660 1731 2697; baseline -0.002 -8"><span class='ocrx_word' id='word_1_587' title='bbox 3 2662 6 2688; x_wconf 78' lang='lat' dir='ltr'>l</span> <span class='ocrx_word' id='word_1_588' title='bbox 86 2661 156 2696; x_wconf 88' lang='lat' dir='ltr'><em>(SS.</em></span> <span class='ocrx_word' id='word_1_589' title='bbox 178 2662 256 2695; x_wconf 89' lang='lat' dir='ltr'>XII,</span> <span class='ocrx_word' id='word_1_590' title='bbox 284 2672 315 2697; x_wconf 84' lang='lat' dir='ltr'>p.</span> <span class='ocrx_word' id='word_1_591' title='bbox 340 2663 430 2696; x_wconf 77' lang='grc'>276),</span> <span class='ocrx_word' id='word_1_592' title='bbox 465 2663 544 2689; x_wconf 74' lang='lat' dir='ltr'>cuius</span> <span class='ocrx_word' id='word_1_593' title='bbox 575 2666 673 2689; x_wconf 79' lang='lat' dir='ltr'>auctor</span> <span class='ocrx_word' id='word_1_594' title='bbox 703 2672 736 2688; x_wconf 69' lang='lat' dir='ltr'>em</span> <span class='ocrx_word' id='word_1_595' title='bbox 766 2663 880 2688; x_wconf 68' lang='lat' dir='ltr'>Berzone</span> <span class='ocrx_word' id='word_1_596' title='bbox 909 2662 1035 2688; x_wconf 70' lang='lat' dir='ltr'>hausisse</span> <span class='ocrx_word' id='word_1_597' title='bbox 1063 2661 1181 2688; x_wconf 74' lang='lat' dir='ltr'>videtur.</span> <span class='ocrx_word' id='word_1_598' title='bbox 1305 2662 1334 2693; x_wconf 83' lang='lat'>5)</span> <span class='ocrx_word' id='word_1_599' title='bbox 1368 2661 1411 2694; x_wconf 72' lang='lat' dir='ltr'>Cf.</span> <span class='ocrx_word' id='word_1_600' title='bbox 1444 2660 1594 2686; x_wconf 53' lang='lat' dir='ltr'>mathildis</span> <span class='ocrx_word' id='word_1_601' title='bbox 1625 2661 1731 2694; x_wconf 53' lang='lat' dir='ltr'>epzktd.</span> 
     </span>
     <span class='ocr_line' id='line_1_48' title="bbox 86 2711 1731 2749; baseline -0.002 -10"><span class='ocrx_word' id='word_1_602' title='bbox 86 2712 154 2747; x_wconf 87' lang='lat' dir='ltr'><em>(SS.</em></span> <span class='ocrx_word' id='word_1_603' title='bbox 176 2713 258 2746; x_wconf 85' lang='lat' dir='ltr'>VIII,</span> <span class='ocrx_word' id='word_1_604' title='bbox 279 2723 311 2748; x_wconf 79' lang='lat' dir='ltr'>p,</span> <span class='ocrx_word' id='word_1_605' title='bbox 328 2713 421 2747; x_wconf 84' lang='lat'><em>463):</em></span> <span class='ocrx_word' id='word_1_606' title='bbox 443 2714 581 2741; x_wconf 84' lang='lat' dir='ltr'>Preterea</span> <span class='ocrx_word' id='word_1_607' title='bbox 606 2714 774 2749; x_wconf 82' lang='lat' dir='ltr'>episcopum</span> <span class='ocrx_word' id='word_1_608' title='bbox 798 2713 987 2739; x_wconf 87' lang='lat' dir='ltr'>Portuensem</span> <span class='ocrx_word' id='word_1_609' title='bbox 1012 2721 1109 2739; x_wconf 86' lang='lat' dir='ltr'>secum</span> <span class='ocrx_word' id='word_1_610' title='bbox 1135 2712 1214 2738; x_wconf 80' lang='lat' dir='ltr'>ducit</span> <span class='ocrx_word' id='word_1_611' title='bbox 1235 2712 1307 2747; x_wconf 79' lang='lat' dir='ltr'>(scil.</span> <span class='ocrx_word' id='word_1_612' title='bbox 1332 2719 1401 2743; x_wconf 56' lang='lat' dir='ltr'>rexi,</span> <span class='ocrx_word' id='word_1_613' title='bbox 1428 2712 1562 2746; x_wconf 83' lang='lat' dir='ltr'>qnoniam</span> <span class='ocrx_word' id='word_1_614' title='bbox 1588 2712 1654 2737; x_wconf 85' lang='lat' dir='ltr'>olim</span> <span class='ocrx_word' id='word_1_615' title='bbox 1679 2711 1731 2736; x_wconf 72' lang='lat' dir='ltr'>fuir</span> 
     </span>
     <span class='ocr_line' id='line_1_49' title="bbox 86 2762 1733 2800; baseline -0.002 -10"><span class='ocrx_word' id='word_1_616' title='bbox 86 2762 236 2791; x_wconf 81' lang='lat' dir='ltr'>familiaris</span> <span class='ocrx_word' id='word_1_617' title='bbox 261 2765 369 2792; x_wconf 88' lang='lat' dir='ltr'>domini</span> <span class='ocrx_word' id='word_1_618' title='bbox 391 2774 496 2800; x_wconf 85' lang='lat' dir='ltr'>papae.</span> <span class='ocrx_word' id='word_1_619' title='bbox 532 2767 571 2792; x_wconf 89' lang='lat' dir='ltr'>D.</span> <span class='ocrx_word' id='word_1_620' title='bbox 665 2766 694 2799; x_wconf 79' lang='lat'>6)</span> <span class='ocrx_word' id='word_1_621' title='bbox 720 2765 764 2798; x_wconf 86' lang='lat' dir='ltr'>Cf.</span> <span class='ocrx_word' id='word_1_622' title='bbox 790 2765 896 2790; x_wconf 70' lang='lat' dir='ltr'><em>Boniw</em></span> <span class='ocrx_word' id='word_1_623' title='bbox 919 2765 957 2791; x_wconf 85' lang='lat' dir='ltr'>ad</span> <span class='ocrx_word' id='word_1_624' title='bbox 980 2765 1099 2791; x_wconf 84' lang='lat' dir='ltr'>amicum</span> <span class='ocrx_word' id='word_1_625' title='bbox 1122 2765 1141 2791; x_wconf 84' lang='lat' dir='ltr'>Z.</span> <span class='ocrx_word' id='word_1_626' title='bbox 1159 2774 1182 2792; x_wconf 89' lang='lat' dir='ltr'>c.</span> <span class='ocrx_word' id='word_1_627' title='bbox 1206 2765 1310 2790; x_wconf 78' lang='lat' dir='ltr'>Libellz·</span> <span class='ocrx_word' id='word_1_628' title='bbox 1332 2765 1355 2796; x_wconf 81' lang='lat' dir='ltr'>I,</span> <span class='ocrx_word' id='word_1_629' title='bbox 1376 2774 1407 2798; x_wconf 78' lang='lat' dir='ltr'>p.</span> <span class='ocrx_word' id='word_1_630' title='bbox 1426 2764 1504 2797; x_wconf 77' lang='lat'>(516;</span> <span class='ocrx_word' id='word_1_631' title='bbox 1535 2763 1571 2796; x_wconf 76' lang='lat' dir='ltr'>ef.</span> <span class='ocrx_word' id='word_1_632' title='bbox 1598 2773 1621 2791; x_wconf 74' lang='grc' dir='ltr'>η,</span> <span class='ocrx_word' id='word_1_633' title='bbox 1648 2765 1674 2788; x_wconf 70' lang='grc' dir='ltr'>ὅ.</span> <span class='ocrx_word' id='word_1_634' title='bbox 1700 2763 1733 2787; x_wconf 66' lang='lat' dir='ltr'>tle</span> 
     </span>
    </p>
   </div>
   <div class='ocr_carea' id='block_1_6' title="bbox 8 2817 868 2970">
    <p class='ocr_par' dir='ltr' id='par_1_13' title="bbox 8 2817 868 2970">
     <span class='ocr_line' id='line_1_50' title="bbox 8 2817 868 2873; baseline 0.002 -33"><span class='ocrx_word' id='word_1_635' title='bbox 8 2844 11 2873; x_wconf 65' lang='grc' dir='ltr'>Ι</span> <span class='ocrx_word' id='word_1_636' title='bbox 86 2818 214 2850; x_wconf 80' lang='lat' dir='ltr'>tempore.</span> <span class='ocrx_word' id='word_1_637' title='bbox 259 2817 420 2851; x_wconf 67' lang='lat' dir='ltr'>Siqeberzus</span> <span class='ocrx_word' id='word_1_638' title='bbox 443 2827 470 2844; x_wconf 87' lang='grc' dir='ltr'>α.</span> <span class='ocrx_word' id='word_1_639' title='bbox 491 2818 579 2849; x_wconf 80' lang='lat'>1080,</span> <span class='ocrx_word' id='word_1_640' title='bbox 604 2818 658 2843; x_wconf 84' lang='lat' dir='ltr'>SS.</span> <span class='ocrx_word' id='word_1_641' title='bbox 683 2817 728 2849; x_wconf 78' lang='lat' dir='ltr'>Vl,</span> <span class='ocrx_word' id='word_1_642' title='bbox 747 2826 779 2851; x_wconf 78' lang='lat' dir='ltr'>p.</span> <span class='ocrx_word' id='word_1_643' title='bbox 799 2817 868 2843; x_wconf 82' lang='lat'>364.</span> 
     </span>
     <span class='ocr_line' id='line_1_51' title="bbox 10 2888 12 2913; baseline 0 0"><span class='ocrx_word' id='word_1_644' title='bbox 10 2888 12 2913; x_wconf 80' lang='lat' dir='ltr'>l</span> 
     </span>
     <span class='ocr_line' id='line_1_52' title="bbox 12 2946 13 2970; baseline 0 0"><span class='ocrx_word' id='word_1_645' title='bbox 12 2946 13 2970; x_wconf 79' lang='lat' dir='ltr'>l</span> 
     </span>
    </p>
   </div>
   <div class='ocr_carea' id='block_1_7' title="bbox 1450 2870 1500 2892">
    <p class='ocr_par' dir='ltr' id='par_1_14' title="bbox 1450 2870 1500 2892">
     <span class='ocr_line' id='line_1_53' title="bbox 1450 2870 1500 2892; baseline -0.02 0"><span class='ocrx_word' id='word_1_646' title='bbox 1450 2870 1500 2892; x_wconf 66' lang='lat'>47⁴-</span> 
     </span>
    </p>
   </div>
   <div class='ocr_carea' id='block_1_8' title="bbox 1757 1318 1823 1337">
    <p class='ocr_par' dir='ltr' id='par_1_15' title="bbox 1757 1318 1823 1337">
     <span class='ocr_line' id='line_1_54' title="bbox 1757 1318 1823 1337; baseline -0.015 -1"><span class='ocrx_word' id='word_1_647' title='bbox 1757 1318 1782 1336; x_wconf 73' lang='lat'>10</span> <span class='ocrx_word' id='word_1_648' title='bbox 1788 1318 1823 1337; x_wconf 64' lang='lat'>113.</span> 
     </span>
    </p>
   </div>
   <div class='ocr_carea' id='block_1_9' title="bbox 1756 1347 1853 1366">
    <p class='ocr_par' dir='ltr' id='par_1_16' title="bbox 1756 1347 1853 1366">
     <span class='ocr_line' id='line_1_55' title="bbox 1756 1347 1853 1366; baseline 0.01 -1"><span class='ocrx_word' id='word_1_649' title='bbox 1756 1347 1824 1366; x_wconf 56' lang='lat' dir='ltr'>Febr.</span> <span class='ocrx_word' id='word_1_650' title='bbox 1833 1348 1853 1366; x_wconf 80' lang='grc'>2.</span> 
     </span>
    </p>
   </div>
  </div>
 </body>
</html>
