2132 3067
77 723 103 742 10

75 979 101 999 1⁵

74 1236 101 1255 20

73 1494 100 1514 2⁶

74 1751 102 1771 ³0

75 2009 103 2028 ³5

77 2266 105 2285 40

757 162 809 190 III.
849 162 1153 191 APOLOGETICUS.
1732 164 1772 195 83

233 248 391 278 ΧΨΙΙΠ.ι
437 248 577 287 Quidam
603 254 710 279 tamen
734 251 810 280 satis
835 251 984 292 imperite
1014 258 1121 282 nostro
1145 254 1320 294 apostolico
1347 254 1488 286 obiciunt
1513 262 1660 296 quartum
1687 255 1771 286 Gan-

124 300 301 340 g1·ensis²-2
331 299 459 330 concilii
486 299 678 341 capitulum:
726 299 926 342 Quicumque
957 303 1113 334 discernit
1143 316 1163 334 a
1187 305 1374 344 presbitero,
1405 308 1461 347 qui
1492 318 1622 337 umorem
1648 307 1771 347 hahuit,

123 351 210 393 quod
240 362 306 382 non
337 357 481 392 oporteat
510 363 545 382 eo
576 353 785 383 ministrante
821 353 858 383 <le
890 353 1047 384 oblatione
1074 357 1251 395 percipere.
1281 358 1453 388 anathema
1485 359 1534 388 sit.
1582 358 1652 388 Hoc
1675 360 1770 389 ctiam

124 401 298 444 capitulum
329 403 419 434 iuxta
444 403 528 434 Petri
559 403 697 444 apostoli
721 405 958 434 attestationem
986 406 1018 434 in
1050 416 1138 435 suam
1171 408 1311 447 ipsorum
1344 409 1534 448 pernitiemb
1559 408 1771 450 depravantes

124 455 170 485 ita
198 455 420 495 pronuntiant:
448 453 663 495 ‘Quicumque
698 456 894 486 recusaverit
928 457 1058 486 missam
1093 457 1254 498 coniugati
1290 458 1474 499 presbiteri,
1509 462 1678 491 anatliema
1714 462 1770 499 sit',

124 505 250 537 scilicet
279 511 313 536 ut
341 517 396 536 eos
426 505 714 536 anathematizatos
745 517 814 536 esse
844 507 1072 547 demonstrent,
1102 509 1155 549 qui
1187 510 1372 549 apostolicis
1402 511 1556 541 institutis
1585 512 1770 543 obedientes

123 558 413 588 incontinentiumc
443 557 695 598 presbiterorum
727 558 843 587 missas
872 559 1015 599 recipere
1047 559 1257 591 detrectantd.
1311 560 1373 591 Sed
1406 562 1532 592 frustra.
1586 563 1665 593 Nam
1702 574 1770 604 pre-

124 608 244 640 dictum
276 607 453 650 capitulum
482 608 552 639 illos
582 614 705 639 tantum
730 609 988 650 anathematizat,
1020 611 1073 652 qui
1097 618 1252 652 respuunt
1277 613 1457 653 ‘presbiteri
1483 613 1684 647 oblationem.
1709 624 1771 644 non

124 661 178 702 qui
208 659 303 691 modo
333 659 438 699 habet,
469 659 526 690 sed
557 660 612 702 qui
645 660 807 702 quondam
839 660 951 692 habuit
981 672 1124 695 uxorem.
1175 662 1220 692 Eo
1251 664 1334 693 enim
1367 669 1520 705 tempore,
1551 671 1583 694 ut
1613 656 1771 705 'prologus

124 711 345 753 Gangrensisa
367 711 493 742 concilii
517 716 660 751 testatur,
693 718 783 743 erant
807 713 936 743 heretici
961 718 1135 743 sectatores
1165 714 1332 745 cuiusdam
1358 715 1508 753 Eustasii,
1533 717 1587 757 qui
1612 716 1771 756 legitimas

122 764 251 804 nuptias
275 767 366 805 quasi
390 762 523 793 mortale
547 763 668 793 crimen
693 763 965 804 condemnabant,
989 771 1168 796 asserentes
1193 765 1314 796 nullum
1338 767 1369 796 in
1387 766 1547 807 coniugali
1569 768 1671 807 grzulu
1689 769 1771 809 posi-

122 820 190 846 tum
215 825 307 856 spem
332 814 448 846 habere
471 814 555 856 apud
580 814 698 845 Deum.
733 815 827 845 Unde
852 820 882 846 et
905 815 1082 846 oblationes
1108 816 1359 857 presbiterorum
1384 819 1479 848 etiam
1503 826 1576 848 ante
1601 819 1771 849 ordinatio-

121 871 194 897 nem
217 865 360 907 legitime
383 867 628 906 coniugatorum
653 867 817 908 respuisse
842 868 1019 905 traduntur,
1044 868 1164 909 quippe
1189 867 1366 909 legitimum
1400 870 1585 909 coniugium
1611 880 1667 910 pro
1692 880 1771 900 mor-

122 917 178 949 tali
208 918 341 949 crimine
370 917 571 959 deputantes,
604 917 697 959 quale
727 919 824 948 etiam
855 920 880 949 si
905 920 977 961 quis
1002 920 1061 950 hoc
1087 925 1231 960 tempore
1255 927 1457 961 perpetrasse
1481 920 1651 960 detegitur,
1681 919 1771 950 altari

121 969 302 1000 ministrare
319 970 408 1000 iuxta
420 980 560 1000 canones
578 980 641 1000 non
659 970 863 1011 permittitur.
900 971 1014 1001 Merito
1031 971 1150 1011 igiture
1167 970 1427 1002 anathematizati
1445 976 1517 1001 sunt
1534 971 1616 1002 idem
1637 972 1770 1002 heretici

121 1020 394 1061 dogmatizantesf
426 1027 538 1051 contra
572 1020 648 1052 illud
680 1021 832 1062 apostoli:
870 1022 908 1053 Si
939 1024 1104 1063 acceperis
1138 1034 1287 1062 umorem,
1322 1034 1386 1054 non
1417 1024 1577 1063 peccasti,
1616 1030 1645 1052 et
1682 1022 1772 1053 illud:

127 1072 258 1113 Oportet
274 1073 462 1114 episcopum
479 1074 580 1103 unius
598 1074 712 1103 uxoris
729 1085 794 1104 esse
810 1075 925 1104 virum.
965 1073 1049 1115 Sepe
1066 1075 1204 1115 positum
1223 1081 1328 1105 autem
1347 1075 1445 1104 nostri
1463 1073 1629 1114 apostolici
1648 1074 1770 1104 institu-

121 1129 211 1155 tum&
233 1123 312 1154 nulli
335 1124 485 1166 prohibet
507 1124 620 1155 audire
645 1125 774 1155 missam
799 1125 884 1155 illius
908 1124 1088 1166 presbiteri,
1113 1126 1166 1167 qui
1192 1127 1283 1156 iuxta
1299 1125 1508 1167 apostolicam
1528 1126 1769 1166 permissionem

121 1181 195 1206 ante
226 1185 352 1206 sacrum
382 1176 525 1206 ordinem
558 1187 653 1206 unam
685 1181 807 1207 tantum
838 1188 970 1208 uxorem
1002 1177 1124 1213 habuit,
1153 1177 1282 1218 quando
1312 1185 1342 1208 et
1380 1178 1446 1207 sine
1476 1177 1608 1207 crimine
1637 1187 1769 1207 uxorem

122 1226 240 1257 ducere
263 1228 377 1268 potuit,
401 1227 457 1258 sed
479 1227 565 1258 illius
589 1228 769 1269 presbiteri,
802 1229 856 1270 qui
887 1235 1000 1259 contra
1022 1228 1204 1269 apostolum
1229 1230 1261 1259 in
1285 1230 1416 1259 crimine
1440 1228 1659 1259 fornicationis
1683 1228 1767 1259 dcte-

121 1278 207 1320 gitur
236 1279 352 1318 iacere,
386 1291 481 1321 quem
512 1280 604 1321 ipseh
636 1279 802 1321 apostolus
826 1287 858 1311 et
881 1278 994 1322 reliqui
1020 1281 1122 1311 sancti
1146 1287 1251 1322 patres
1276 1291 1506 1322 successorque
1530 1291 1638 1310 eorum
1663 1285 1771 1310 noster

120 1329 316 1372 apostolicus
339 1341 358 1361 a
380 1331 597 1362 sacratissimo
621 1331 726 1362 officio
752 1343 976 1373 segregavere.
1022 1332 1125 1373 Igitur
1149 1333 1342 1373 quicumque
1372 1331 1552 1362 huiusmodi
1579 1331 1769 1372 presbitero-

121 1392 193 1412 rum
224 1383 340 1413 missas
369 1383 500 1424 respuit,
530 1382 712 1414 nullatenus
742 1389 848 1414 tamen
880 1384 1037 1425 superiori
1062 1383 1328 1414 Eustasianorum
1360 1383 1555 1414 anathemati
1580 1382 1768 1420 subiacebit,

121 1443 193 1464 cum
218 1435 355 1475 optimei
378 1434 546 1476 apostolok
570 1435 755 1475 consentiat,
780 1436 834 1476 qui
858 1440 888 1465 et
911 1435 1132 1466 sacerdotibus
1156 1436 1383 1466 continentiam
1408 1434 1529 1473 indicit,
1560 1439 1589 1464 et
1621 1433 1769 1464 fidelibus

119 1484 412 1526 prevaricatoribus
434 1497 616 1517 sermonum
641 1486 709 1517 eius
732 1487 904 1517 admisceri
928 1498 990 1517 non
1008 1487 1173 1528 permittit.
1212 1486 1394 1517 Notandum
1418 1492 1535 1523 autem,
1559 1485 1642 1526 quod
1664 1492 1771 1515 noster

122 1536 301 1578 Gregorius
331 1537 422 1569 iuxta
451 1542 634 1569 sanctorum
664 1543 793 1580 patrum
825 1543 946 1569 statuta
970 1539 1058 1579 prius
1083 1539 1319 1569 incontinentes
1344 1537 1556 1579 presbiteros¹
1580 1536 1684 1567 officio
1709 1536 1769 1578 pri-

120 1589 218 1627 vavit,
248 1588 454 1630 postmodum
482 1589 613 1631 popule,
644 1601 684 1620 ne
715 1600 823 1620 eorum
856 1590 964 1621 officia
988 1591 1155 1631 reciperet,
1185 1589 1362 1621 interdixit.
1409 1588 1500 1620 Unde
1525 1600 1586 1618 non
1611 1594 1702 1618 tam¹¹¹
1727 1588 1769 1617 in-

122 1641 354 1671 continentium
379 1651 474 1682 quam
499 1652 556 1682 pro
581 1641 813 1673 incontinentia
836 1641 1059 1672 damnatorum
1085 1642 1200 1672 missas
1223 1641 1335 1672 audire
1356 1640 1529 1682 prohibuit,
1552 1645 1615 1669 ne¹¹
1632 1639 1770 1680 populus

122 1703 156 1723 se
179 1692 272 1722 iuxta
295 1692 508 1723 Antiocenum
533 1692 704 1723 concilium
729 1693 789 1724 sub
815 1694 1147 1724 excommunicatione
1165 1698 1305 1733 poneret,
1329 1692 1354 1722 si
1373 1702 1481 1722 eorum
1500 1690 1604 1721 officia
1627 1691 1771 1731 recipere

122 1749 333 1785 presumeret.
377 1743 473 1786 Ipse⁰
497 1750 602 1775 autem
629 1744 768 1786 Spiritus
794 1750 924 1775 sanctus
955 1756 1013 1786 per
1037 1743 1242 1775 Samueleml’
1272 1743 1460 1785 prophetam
1490 1742 1583 1772 docet
1607 1741 1771 1783 populum,

122 1800 157 1826 ut
180 1795 345 1826 canonicis
369 1795 625 1826 institutionibus
642 1797 742 1827 nostri
758 1796 926 1838 apostolici
944 1797 1051 1837 potius
1075 1795 1214 1836 obediat,
1239 1801 1355 1837 quamq
1372 1794 1554 1825 huiusmodi
1573 1798 1771 1835 presumpto-

123 1858 192 1877 rum
217 1846 375 1877 sacrificia
398 1847 429 1877 in
453 1847 631 1889 periculum
663 1859 756 1878 suurn
781 1848 926 1889 recipiat.
972 1847 1060 1878 Dicit
1083 1848 1206 1878 enimv:
1238 1847 1357 1878 Melior
1387 1851 1431 1877 est
1463 1846 1641 1876 obedientia
1675 1856 1771 1886 quam

122 1899 272 1930 victimae
296 1903 324 1929 et
347 1899 533 1930 auscultare
555 1900 661 1941 magis
685 1911 780 1941 quam
810 1899 924 1941 offerre
954 1899 1086 1939 adipem
1115 1900 1265 1937 arietum,
1297 1899 1449 1940 quoniam
1483 1897 1580 1938 quasi
1600 1901 1770 1936 peccatum

124 1950 297 1982 ariolandi
320 1955 365 1981 est
388 1961 579 1992 repufflzare
603 1956 630 1982 et
653 1953 751 1993 quasi
773 1950 896 1982 scelus-⁵
921 1950 1096 1981 idolatriae
1130 1950 1211 1981 nolle
1242 1950 1454 1991 acquiescere.
1501 1948 1602 1988 Igitur
1634 1946 1772 1988 populus

123 2001 308 2043 apostolicis
332 2002 485 2032 institutis
510 2002 665 2034 obediens
692 2002 974 2033 inobedienciumt
999 2002 1203 2032 sacerdotum
1233 2000 1360 2031 officiau
1391 1999 1439 2030 vel
1469 2010 1559 2030 sacra
1589 1999 1702 2028 merito
1727 2008 1772 2028 re-

124 2057 224 2092 cusat,
255 2059 316 2083 nev
340 2053 462 2094 etipse
486 2054 606 2084 crimen
637 2053 805 2085 idolatriae
836 2065 892 2095 per
923 2053 1175 2083 inobedientiam
1203 2053 1354 2082 incurrat.
1400 2050 1487 2081 Idem
1514 2050 1672 2080 Dominus
1695 2048 1772 2079 alibi

124 2109 337 2146 protestatur:
362 2105 627 2136 Misericordiam
651 2105 719 2137 volo
743 2111 770 2136 et
793 2117 859 2137 non
883 2105 1094 2144 sacrificium,
1118 2103 1240 2134 scilicet
1263 2110 1297 2133 ut
1321 2103 1452 2144 quivisw
1476 2100 1604 2142 placens
1621 2100 1692 2131 Deo
1716 2111 1773 2141 per

124 2155 341 2187 obedientiam
366 2157 472 2198 potius
495 2157 622 2188 animae
647 2167 723 2187 suae
747 2157 945 2195 misereatur,
970 2156 1021 2186 cui
1046 2155 1247 2197 potissimum
1272 2160 1320 2185 est
1337 2153 1564 2192 miserendum,
1590 2162 1685 2193 quani
1699 2162 1771 2181 cum

123 2207 365 2239 inobedientia¹
392 2207 444 2239 vel
474 2219 531 2250 per
561 2219 594 2239 se
628 2207 677 2239 vel
701 2219 757 2249 per
783 2207 881 2238 alium
906 2207 1046 2237 Domino
1071 2206 1182 2237 offerat
1205 2206 1407 2237 sacrificium.
1453 2203 1547 2234 Libet
1570 2208 1675 2234 autem
1701 2213 1771 2233 con-

125 2259 276 2301 siderare,
300 2270 397 2301 quam
421 2258 597 2291 clementer
620 2264 729 2290 noster
751 2258 948 2301 apostolicus
971 2259 1064 2289 etiam
1090 2258 1177 2299 ipsos
1195 2262 1433 2298 contemptores
1451 2266 1607 2285 canonum
1632 2256 1662 2284 in
1681 2265 1772 2295 supe-

123 2311 264 2342 rioribus
294 2311 421 2342 statutis
449 2311 605 2350 tractarit,
644 2322 725 2352 quos
756 2315 881 2342 tantum
912 2322 931 2341 a
960 2309 1017 2341 tali
1041 2309 1147 2340 officio
1171 2308 1319 2346 removit,
1349 2307 1435 2349 quod
1463 2311 1569 2337 tamen
1592 2305 1772 2336 nullatenus

125 2363 187 2393 nisi
217 2363 250 2393 in
279 2363 448 2404 pernitiem
479 2373 570 2393 suam
595 2362 756 2393 celebrare
780 2367 922 2403 possent,
948 2361 974 2392 si
997 2361 1158 2392 canonicis
1182 2359 1401 2391 sanctionibus
1425 2362 1641 2399 repugnantes
1665 2357 1770 2398 ipsum

238 2500 266 2530 a)
287 2499 386 2532 Grang.
408 2500 434 2524 2.
510 2500 539 2527 b)
561 2500 736 2532 perditionem
758 2499 782 2523 3.
860 2499 886 2529 c)
907 2507 938 2523 ea:
958 2498 1180 2522 incontinentiam
1201 2505 1268 2520 corr.
1285 2496 1313 2525 23
1335 2494 1555 2519 incontinentiam
1577 2494 1608 2517 G.
1677 2492 1705 2519 d)
1727 2491 1771 2515 de-

128 2549 242 2570 trectent
261 2545 286 2570 3.
308 2546 334 2570 4.
355 2545 387 2570 G.
463 2546 487 2577 e)
511 2553 573 2577 ergo
594 2545 619 2570 4.
695 2546 715 2576 f)
739 2546 824 2570 docm.
846 2545 870 2568 2.
957 2544 985 2575 g)
1009 2547 1135 2568 statutum
1156 2544 1181 2567 4.
1266 2542 1294 2566 h)
1315 2542 1365 2573 ipsi
1386 2541 1500 2572 apostoli
1522 2540 1552 2563 G.
1629 2539 1647 2567 i)
1671 2538 1724 2562 obt.
1746 2537 1770 2563 2.

81 2603 109 2623 45
128 2592 157 2624 k)
185 2592 213 2616 i‘n
232 2600 316 2624 marg.
337 2592 363 2616 4.
448 2592 469 2621 1)
496 2592 594 2624 probos
615 2592 639 2616 2.
734 2592 769 2622 m)
798 2594 887 2615 tamen
909 2591 933 2614 2.
1029 2590 1056 2621 n)
1077 2592 1102 2613 et
1122 2588 1187 2613 add.
1209 2589 1239 2618 ‘23
1260 2596 1293 2612 ne
1314 2596 1375 2619 pop.
1396 2588 1469 2610 iuxta
1491 2605 1495 2610 .
1518 2604 1524 2610 .
1546 2604 1551 2609 .
1574 2587 1717 2616 poneretur
1740 2581 1769 2606 G.

129 2640 158 2670 o)
183 2638 211 2662 in
231 2646 315 2670 marg.
336 2638 368 2661 4:
392 2640 465 2662 nota.
561 2637 587 2669 p)
617 2637 786 2662 Samuhelem
808 2637 832 2660 3.
928 2637 954 2668 q)
980 2635 1051 2667 quod
1072 2635 1096 2659 4.
1191 2634 1213 2664 r)
1241 2634 1371 2665 scriptura
1392 2632 1454 2655 add.
1478 2632 1508 2655 G.
1603 2636 1627 2653 s)
1654 2629 1725 2653 zelus
1746 2629 1769 2651 4.

129 2684 149 2716 t)
170 2684 340 2717 inobeneium
361 2683 386 2707 2.
452 2683 482 2714 u)
503 2682 634 2708 sacrificia
653 2683 746 2707 merito
767 2684 791 2706 4.
813 2682 845 2706 R.
867 2681 898 2706 G.
966 2681 991 2712 v)
1015 2684 1040 2705 et
1060 2688 1093 2705 ne
1115 2681 1138 2705 2.
1205 2680 1238 2711 w)
1262 2679 1354 2711 quibus
1375 2678 1399 2702 ⁶2.
1471 2678 1497 2708 x)
1519 2675 1725 2700 inobedientiam
1746 2674 1770 2696 4.

240 2819 267 2852 l)
292 2819 388 2845 Totum
405 2827 424 2845 a
440 2818 556 2852 Maneq.
573 2818 603 2844 in
618 2827 642 2844 c.
662 2816 709 2850 73,
728 2826 759 2851 p.
778 2816 848 2843 425.
865 2815 924 2841 426
942 2815 1118 2849 ezserz'ptum.
1206 2813 1236 2846 2)
1258 2811 1375 2847 (Dion.)
1399 2810 1497 2836 Mami
1512 2813 1530 2835 t.
1548 2809 1589 2841 II,
1612 2808 1663 2834 col.
1683 2806 1770 2832 1106.

1495 2865 1543 2887 ll*

1793 622 1820 640 '‘1'.
1834 622 1888 640 160⁴.

1794 1035 1813 1052 1.
1822 1034 1873 1053 (for.
1883 1034 1939 1058 792³.

1795 1088 1813 1105 1.
1822 1086 1881 1105 Tim.
1890 1086 1911 1104 3.
1923 1088 1940 1105 2,

1794 1843 1811 1860 1.
1822 1841 1875 1863 Rog.
1889 1841 1920 1863 15,

1821 1872 1856 1890 22.
1867 1871 1900 1889 23.

1793 2115 1870 2134 Matth.
1882 2115 1940 2138 9,13.
