2101 3072
49 731 74 750 10

45 989 72 1008 15

41 1245 68 1265 2⁰

39 1504 66 1524 2⁵

38 1761 64 1781 30

35 2019 62 2040 ³5

0 2330 60 2363 ¹¹11⁴)

28 2559 60 2579 ⁴5

605 168 816 196 EPISTOLAE
841 171 892 196 DE
914 171 1101 199 PASCHALI
1124 173 1232 200 PAPA.
1677 177 1735 208 671

100 255 263 295 sequentis
286 253 341 284 filii
366 255 487 286 rabiem
520 257 611 297 fugit,
641 258 903 299 exprobrantium
930 262 1158 302 equanimiter²
1182 264 1315 294 iniurias
1339 265 1452 306 ferens,
1484 266 1578 298 domo
1604 268 1685 299 Iuda
1708 274 1737 301 et

97 305 231 336 fortibus
253 306 353 337 Israel
377 307 582 348 postmodum
607 310 804 348 convocatis,
835 311 939 352 ipsum
971 312 1063 343 simul
1095 319 1125 344 et
1157 314 1332 356 complices
1362 317 1431 347 eius
1461 319 1609 350 acerbius
1631 321 1738 352 fudit‘?

97 357 240 398 Impetus
271 368 348 388 sane
378 364 538 399 properat,
570 360 623 390 atb
652 371 714 390 non
746 363 852 392 statim
884 365 1031 403 pervenit
1059 364 1098 395 ad
1131 376 1291 397 coronam.
1341 368 1535 410 Inpatientia
1563 382 1636 402 mox
1666 384 1736 414 pro-

97 409 250 450 rumpite,
279 409 334 439 ath
362 420 451 440 more
482 412 631 441 torrentis
662 419 792 453 repente
824 414 971 445 siccatur.
1017 415 1192 447 Tormenta
1216 416 1329 449 baliste
1353 430 1416 461 quo
1440 421 1576 462 amplius
1602 424 1736 455 retrahis

95 459 208 491 fortius
232 460 360 491 feriunt.
406 461 541 499 Quodsi,
566 468 601 492 ut
619 463 718 502 aiunt,
743 465 828 505 qnod
851 465 891 495 ad
916 465 1025 496 horam
1045 466 1132 497 licuit
1147 468 1281 500 tolerare
1303 481 1373 500 cum
1392 471 1499 506 voluit,
1525 477 1734 514 permutavit,

96 512 122 542 si
145 512 288 542 auditum
312 512 388 542 fecit
410 512 441 542 in
466 511 559 554 plebe
583 519 614 544 et
637 519 863 546 testamentum
887 517 959 547 filiis
977 517 1148 560 dereliquit
1163 524 1202 559 et,
1228 523 1378 561 quoniam
1397 522 1484 557 illud.
1510 526 1569 555 nisi
1585 527 1615 556 in
1634 534 1735 558 morte

93 563 286 602 testatorisd‚
309 569 394 594 none
417 564 633 603 confirmatur,
658 567 843 598 renuntians
867 568 972 607 domo,
1001 570 1133 610 patrias,
1162 571 1267 611 rebus,
1297 573 1413 613 officio,
1438 576 1679 608 mortificandus·
1703 579 1733 609 in

95 625 200 654 carue,
230 614 420 646 Pontianam
446 616 501 645 ing
524 616 660 647 insulam
692 619 958 660 commig1·avit¹:
991 621 1077 662 quid,
1107 621 1250 661 obsecro,
1280 625 1355 665 quid
1386 626 1482 657 habet
1505 628 1536 658 in
1561 629 1619 660 hac
1644 638 1733 670 parte

94 665 164 697 vele
181 666 347 708 improbus
364 667 453 707 livor,
477 672 513 698 ut
529 667 754 710 obloquaturh,
778 671 830 700 uti
856 671 970 702 rodat?
1015 673 1047 702 Si
1067 684 1141 703 vero
1164 675 1247 705 inter
1264 679 1429 707 extremak
1446 679 1613 710 nobiscum
1630 693 1734 712 novus

92 717 278 760 infrequens
305 729 415 749 rumor
446 719 591 758 obtinuit,
622 721 733 762 populi
765 722 897 753 vocibus
926 728 957 753 et
985 724 1193 756 cardinalium
1217 725 1358 758 lacrimis
1381 736 1550 762 revocatus
1574 732 1604 762 in
1629 733 1735 763 cathe-

93 769 193 809 dram,
217 769 387 811 apostolici
411 770 560 801 culminis
583 772 696 802 iterum
722 774 906 805 moderatur
929 775 1080 814 habenas,
1105 777 1212 807 vices¹
1239 786 1376 818 exercet,
1401 781 1426 811 si
1443 789 1622 813 sanctorum
1641 795 1733 825 syno-

93 821 166 852 dum
179 827 190 842 2
207 823 302 863 cogit,
326 821 513 853 aecclesiam
533 829 700 862 convocat,
724 831 828 855 cetum
846 826 929 862 facit,
954 833 984 858 et
1007 838 1025 857 a
1042 827 1136 858 domo
1152 828 1214 859 Dei
1233 832 1372 861 omnium
1391 832 1458 863 vult
1473 844 1604 865 assensu
1622 835 1731 867 falcem

92 873 202 904 iudicii
233 873 385 904 scandala
414 885 572 912 resecare,
604 876 689 916 quod
721 884 862 918 equumn
892 884 922 908 et
954 878 1073 909 bonum
1105 886 1152 910 est
1184 892 1224 911 ex
1254 882 1380 913 iusticia
1411 885 1616 926 confirmare,
1646 887 1731 928 quod

91 923 242 955 differens
270 924 374 968 [est⁰],
405 937 446 956 ex
477 927 700 957 misericordia
729 928 865 959 tolerare
889 929 939 960 vel
969 936 1101 972 mutare,
1134 933 1218 974 quod
1242 934 1436 965 confractum
1462 941 1509 966 est
1532 937 1732 969 discretionis

90 975 216 1006 fasciisp
238 975 379 1018 alligare,
409 978 436 1008 si
465 989 499 1009 se
521 978 597 1009 cleri
620 978 788 1021 plebisque
812 981 930 1012 iudicio
955 983 1000 1012 sic
1024 984 1193 1024 commisit,
1224 991 1258 1015 ut
1281 997 1320 1016 ex
1345 997 1453 1017 corum
1477 990 1635 1019 sententia
1659 1001 1732 1031 pcn-

90 1027 172 1067 deat,
201 1038 243 1058 an
265 1039 351 1059 nova
374 1028 513 1070 capitula
537 1029 643 1068 cudat,
667 1041 707 1061 an
731 1038 840 1062 vetera
863 1033 1016 1072 destruat,
1046 1041 1101 1066 ant
1129 1046 1190 1077 que
1214 1038 1381 1067 constituit
1404 1039 1542 1078 roboret,
1571 1047 1626 1071 aut
1655 1047 1731 1071 tcm-

89 1089 204 1121 porum
235 1081 381 1111 rationeq
410 1082 456 1111 sic
485 1081 675 1112 inconvulsa
708 1088 921 1125 pertranseat,
956 1087 985 1116 in
1019 1086 1192 1118 cathedrar
1223 1095 1437 1120 commoretur
1460 1096 1515 1122 aut
1545 1092 1731 1134 deportetur

89 1130 200 1162 exilio:
223 1132 399 1174 numquidS
424 1133 505 1163 hoct
531 1145 659 1175 quoque
682 1134 791 1176 lingua
815 1147 985 1177 pravorum
1010 1140 1167 1170 sermonis
1195 1140 1312 1171 aculeis
1336 1152 1397 1171 non
1421 1142 1607 1174 formidabit
1631 1145 1730 1175 inces-

88 1193 168 1222 sere,
190 1185 352 1225 persequi,
377 1184 637 1226 condempnare?
675 1186 778 1225 Nolis,
803 1188 876 1225 noli,
901 1189 1033 1220 obsecro
1045 1196 1066 1228 ¹¹,
1091 1192 1237 1233 quisquis
1263 1203 1305 1231 es,
1329 1194 1505 1235 irrumpere
1528 1195 1729 1237 temulenter,

88 1240 214 1276 patrum
243 1235 391 1266 instituta
418 1235 587 1277 discutere,
619 1248 752 1279 carpere
784 1250 898 1280 mores,
928 1252 1080 1272 accusare
1111 1243 1298 1275 doctrinam.
1346 1246 1465 1287 Argue,
1490 1247 1545 1277 sed
1571 1259 1642 1278 cum
1668 1249 1728 1289 pri-

87 1297 172 1316 mum
205 1287 270 1317 reiv
301 1288 422 1318 exitum
455 1289 757 1330 comprobaveris==·.
804 1292 939 1328 Accusa,
972 1293 1027 1324 sed
1056 1304 1126 1324 cum
1158 1297 1365 1336 perpenderis
1389 1298 1565 1329 aberrasse.
1612 1299 1674 1330 Sed
1699 1307 1728 1331 et

87 1343 163 1368 tunc
191 1338 224 1368 in
252 1339 369 1380 spiritu
397 1339 548 1379 lenitatis,
580 1340 678 1372 multa
709 1353 748 1372 ex
779 1342 859 1380 loco,
891 1343 990 1374 multa
1019 1356 1059 1375 ex
1092 1351 1246 1387 tempore,
1278 1347 1377 1379 multa
1400 1361 1440 1380 ex
1464 1351 1610 1391 personis
1641 1351 1727 1381 diffc-

86 1390 207 1420 rentius
230 1390 319 1422 fiunt.
371 1391 490 1422 Rector
511 1392 667 1423 aecclesie
692 1404 920 1437 nonnunquam
945 1402 1001 1427 aut
1023 1397 1250 1437 dissimulabit,
1280 1405 1335 1430 ant
1360 1401 1455 1432 faciet
1481 1402 1565 1444 quod
1588 1410 1726 1434 accusat.

86 1440 168 1473 Cum
191 1442 310 1473 viderit
331 1442 450 1473 malum
468 1445 628 1474 scismatis
644 1445 819 1487 imminere,
844 1458 1000 1478 canonum
1019 1449 1097 1480 scita
1115 1451 1259 1481 mutabit.
1306 1452 1411 1483 Debet
1435 1464 1559 1484 cessare
1583 1465 1726 1495 censura,

85 1504 156 1524 cum
182 1493 371 1525 dissolvitur
393 1495 508 1531 unitas,
532 1497 648 1527 caritas
670 1497 796 1535 leditur,
822 1510 885 1539 pax
904 1499 1040 1530 vacillat.
1080 1501 1208 1532 Audisti
1225 1503 1310 1544 quod
1334 1503 1463 1545 legitur:
1489 1506 1625 1537 Turbati
1640 1513 1726 1544 sunt,
1747 1522 1890 1545 1¹s.106,27.

85 1550 112 1576 et
135 1547 210 1576 moti
230 1551 306 1577 sunt
329 1547 434 1577 sicutx
457 1547 574 1578 ebrius.
614 1547 784 1579 Delibutus
802 1552 973 1590 unguentis
991 1558 1141 1583 cruente·V
1158 1553 1288 1584 militem
1308 1555 1486 1587 formidinis
1503 1568 1566 1587 non
1584 1569 1725 1589 accuses.

83 1596 192 1628 Nescit
214 1597 404 1640 plerumque
429 1598 506 1640 quid
532 1599 700 1639 prohibere
723 1606 779 1631 aut
799 1602 1010 1641 dissimulare,
1035 1603 1111 1645 quid
1129 1605 1303 1646 precipere.
1328 1607 1403 1648 quid
1422 1608 1589 1650 indulgere
1613 1609 1727 1641 debeat

84 1648 296 1690 dispensator.
342 1650 462 1680 Servus
484 1650 587 1682 fidelis
611 1657 642 1682 et
665 1653 805 1693 prudens
829 1654 860 1684 in
885 1659 1029 1696 tempore
1052 1657 1149 1686 tritici
1170 1668 1350 1688 mensuram
1369 1662 1534 1690 conservis
1551 1663 1726 1703 precipitur
1748 1676 1800 1695 Luc.
1817 1677 1895 1700 1:242.

84 1711 227 1741 erogare.
271 1700 323 1731 Ad
347 1712 530 1732 mensuram
555 1703 718 1734 triticumZ
743 1705 846 1743 datur,
878 1716 948 1737 cum
974 1709 1084 1738 eadem
1110 1710 1226 1739 caritas
1252 1711 1335 1751 quod
1368 1711 1500 1742 rudibus
1530 1714 1642 1744 annuit
1665 1713 1725 1743 for-

83 1751 169 1783 tibus
199 1759 304 1794 negat,
335 1763 404 1783 cum
437 1754 509 1794 pios
539 1761 688 1786 exerceta
719 1762 750 1786 et
781 1756 893 1788 tolerat
923 1758 1032 1795 malos,
1063 1770 1134 1789 cum
1166 1761 1250 1802 quod
1275 1773 1360 1792 nunc
1384 1774 1423 1793 ex
1447 1764 1552 1804 rigore
1575 1776 1724 1807 precepe-

83 1808 133 1835 rat
160 1809 233 1846 post
262 1803 428 1845 paululum
467 1816 507 1836 ex
544 1807 743 1848 indulgentia
778 1808 967 1840 relaxabitb.
1019 1810 1138 1841 Paulus
1169 1812 1347 1853 apostolus,
1382 1820 1554 1846 evacuator
1584 1815 1663 1857 legis
1693 1823 1724 1848 et

83 1856 207 1897 gratie⁰
231 1855 422 1897 predicator,
450 1855 550 1888 libere
573 1858 810 1900 proclamabat:
837 1859 874 1891 St
896 1862 1214 1901 circumcidamini⁶,
1241 1864 1391 1896 Christus
1416 1867 1502 1897 vohis
1523 1869 1626 1899 nichil
1647 1881 1722 1909 pro-
1744 1885 1856 1908 ‹2⁸1.5,2‚

83 1908 167 1938 derit
176 1913 198 1938 Β.
236 1906 347 1938 Idems
369 1909 573 1948 postmodum
592 1910 677 1951 quod
694 1912 819 1941 vetuit&
839 1912 927 1951 fecit,
952 1914 1097 1943 comamh
1114 1915 1284 1955 nutriebat,
1303 1927 1341 1947 ex
1360 1923 1432 1948 voto
1450 1926 1547 1960 caput
1564 1921 1719 1952 totonditi

81 1959 114 1989 in
131 1958 316 1990 chencrisk.
356 1959 479 1998 Nescis,
504 1960 610 2000 frater,
634 1963 749 2001 nescis,
774 1973 868 2004 quam
895 1963 1074 2005 diligenter,
1099 1977 1193 2007 qnam
1212 1967 1346 1999 sollicite
1363 1975 1469 2010 patres
1493 1971 1615 2002 faciunt
1637 1973 1722 2014 quod

81 2011 216 2051 mireris,
230 2010 328 2052 [quod
345 2021 476 2042 accuses
484 2012 514 2053 ¹],
527 2013 612 2054 quod
631 2024 757 2054 arguas,
771 2015 855 2056 quod
873 2017 1102 2057 condempnes.
1127 2017 1257 2059 Desine,
1272 2020 1412 2061 inquam,
1426 2022 1638 2062 spiritualium
1654 2035 1721 2065 per-

81 2063 172 2104 sequi
187 2063 379 2101 sanctiones,
396 2070 518 2094 secreta
531 2066 650 2105 rimari,
664 2064 792 2096 decreta
805 2067 989 2108 dampnare.
1016 2068 1052 2099 In
1070 2070 1246 2101 canonibus
1263 2071 1413 2112 legum-⁴:
1435 2074 1514 2104 Oves
1523 2080 1541 2094 ¹¹¹
1554 2080 1720 2116 pastorem

191 2196 219 2213 ai
239 2190 316 2214 ininr.
337 2198 396 2222 aeq.
418 2191 450 2214 B.
563 2192 591 2218 b)
612 2196 638 2216 et
661 2194 683 2216 1,
708 2194 732 2217 ’2.
753 2193 844 2218 (l‘At-Jz.
865 2195 904 2219 ed.
927 2196 972 2219 alt.
1087 2203 1112 2223 e)
1134 2199 1279 2230 prerumpit
1302 2201 1322 2223 1.
1345 2200 1368 2224 2.
1483 2201 1511 2228 d)
1532 2204 1674 2228 testatoriis
1695 2206 1719 2228 2.

81 2235 108 2265 e)
128 2243 176 2259 om.
200 2237 224 2260 1.
317 2236 339 2267 s)
361 2237 444 2268 patrie
466 2237 480 2260 2
494 2237 526 2262 Β.
547 2237 639 2262 (rach.
660 2238 700 2262 ecl.
722 2240 767 2263 ale.
861 2246 890 2272 g)
910 2246 939 2265 ut
960 2242 988 2271 2;
1010 2242 1079 2266 dees!
1100 2243 1132 2267 Β.
1153 2243 1244 2269 d'Aclz.
1265 2245 1305 2269 ecl.
1328 2245 1374 2270 alf.
1474 2247 1500 2275 h)
1523 2248 1673 2281 obliquatur
1693 2250 1718 2274 2.

79 2281 100 2312 i)
122 2284 148 2305 et
171 2283 193 2305 l.
293 2281 322 2311 k)
343 2283 465 2314 exempla
485 2283 516 2307 B.
618 2285 638 2309 1›
658 2292 736 2308 voces
763 2287 782 2310 l.
804 2285 896 2311 d'Aclz.
917 2288 956 2312 ed.
979 2289 1023 2313 alt.
1128 2290 1164 2313 ml
1186 2290 1250 2314 salse
1276 2292 1296 2316 l.
1319 2291 1342 2316 ⁴2.
1446 2292 1475 2323 n)
1497 2294 1557 2319 bon.
1579 2298 1605 2319 et
1625 2304 1665 2327 eq.
1686 2296 1719 2321 B.

81 2326 108 2358 o)
129 2327 200 2352 deest
220 2326 281 2352 ΞΒ.
387 2332 416 2360 p)
437 2329 513 2353 faciis
536 2331 560 2355 ⁵2.
668 2336 693 2363 q)
716 2333 783 2356 ratio
804 2340 837 2356 ne
858 2334 872 2356 ‘2
888 2333 920 2358 B.
1028 2337 1050 2363 r)
1071 2335 1213 2360 chathedra
1235 2338 1262 2366 ‘23
1290 2337 1441 2362 cathedram
1466 2341 1488 2363 l.
1595 2343 1618 2367 s)
1644 2350 1718 2366 num-

79 2380 158 2404 quam
179 2373 212 2397 Β.
312 2374 332 2405 t)
355 2374 403 2398 hec
424 2374 515 2399 d‘Ach.
536 2376 577 2400 ed.
599 2377 643 2400 alt.
744 2382 770 2405 u)
793 2386 890 2410 quaeso
911 2379 1002 2405 d‘Ach.
1024 2381 1062 2405 ed.
1085 2382 1130 2406 alt.
1236 2385 1263 2413 v)
1285 2385 1382 2408 exitum
1403 2386 1439 2409 rei
1465 2387 1484 2410 l.
1592 2388 1627 2417 w)
1647 2396 1717 2413 com-

78 2419 204 2450 probabis
225 2421 248 2444 1.
270 2420 294 2444 2.
383 2421 411 2443 xi
431 2428 452 2444 s.
475 2429 497 2445 e.
518 2421 623 2447 abbrev.
647 2425 668 2448 l.
752 2424 780 2455 ννί
803 2429 938 2450 eruentem
964 2428 990 2455 l;
1012 2433 1147 2452 cruentum
1165 2429 1197 2453 B.
1218 2428 1309 2455 d'Aclz.
1330 2431 1370 2454 ed.
1391 2432 1436 2456 ale.
1524 2434 1550 2463 z)
1570 2435 1673 2458 triticus
1694 2436 1717 2459 2.

79 2464 107 2495 a)
127 2469 249 2490 excercet
268 2466 292 2490 2.
369 2467 397 2496 b)
417 2467 547 2492 relaxavit
570 2469 592 2494 1.
613 2469 637 2493 2.
658 2469 749 2494 ιιἈεΙι.
771 2471 810 2494 ed.
832 2472 877 2495 alt.
954 2473 980 2503 e)
1000 2465 1049 2503 ἑῇ
1071 2475 1095 2499 2.
1165 2475 1191 2507 d)
1214 2477 1432 2501 circumcidimini
1456 2479 1478 2503 1.
1499 2478 1524 2504 2.
1592 2480 1618 2510 e)
1638 2481 1716 2512 prod-

79 2514 120 2535 est
138 2511 163 2536 2.
236 2512 259 2543 f)
278 2512 345 2537 Item
367 2514 392 2537 2.
466 2516 496 2545 g)
518 2517 591 2538 vetat
610 2514 643 2539 B.
719 2515 748 2546 11)
769 2518 893 2548 quoniam
915 2518 939 2543 ⁶2.
1025 2519 1046 2550 i)
1066 2521 1194 2545 tondebat
1214 2521 1238 2546 2.
1323 2523 1353 2554 k)
1374 2525 1475 2548 ceucris
1496 2525 1520 2549 2.
1607 2527 1626 2557 l)
1647 2527 1717 2559 quod

77 2563 134 2582 ace.
155 2557 219 2583 add.
243 2559 264 2582 l.
339 2558 377 2590 m)
399 2559 480 2584 duces
503 2561 525 2584 l.
546 2561 571 2584 2.

187 2670 214 2706 l)
245 2671 289 2704 Cf.
318 2672 446 2699 Historia
470 2674 634 2708 pontzficum
665 2678 688 2701 et
719 2677 846 2702 comitum
877 2677 1047 2713 Enyolz'sm.‚
1079 2680 1134 2706 SS.
1163 2689 1217 2709 rer.
1243 2682 1319 2709 Gall.
1344 2683 1420 2716 XII,
1446 2693 1477 2718 p.
1502 2684 1580 2719 392,-
1613 2685 1717 2719 Suqeri

84 2720 114 2746 V.
129 2721 270 2748 Ludovici
290 2723 336 2750 VI.
360 2725 402 2750 ed.
420 2725 556 2752 Molinier
574 2735 606 2760 p.
624 2726 680 2760 3l,·
703 2727 741 2759 cf.
758 2728 868 2760 Schum,
894 2729 961 2755 ‘Die
984 2730 1087 2757 Politik
1110 2731 1256 2760 Pasa-halis
1278 2734 1334 2768 II',
1358 2735 1461 2768 Erfurt
1487 2736 1575 2769 1877,
1596 2746 1626 2771 p.
1645 2738 1714 2763 221.

79 2771 271 2806 2)A.1112,
296 2774 385 2801 Mart.
406 2776 451 2802 18.
475 2777 607 2803 habitam.
737 2779 766 2813 3)
795 2780 899 2806 Iterum
928 2781 1080 2816 alloquitur
1109 2784 1289 2812 adversarios
1319 2788 1469 2813 acerrimos
1497 2788 1643 2815 Paschalz's
1672 2789 1714 2815 II.

77 2822 108 2857 4)
132 2823 177 2857 Cf.
202 2825 326 2852 Cornelii
347 2827 426 2860 episc.
444 2828 485 2863 II,
508 2837 530 2855 c.
549 2829 576 2861 4,
600 2829 751 2856 Himchius
770 2839 798 2864 p.
821 2831 887 2859 173.
