2132 3067
209 1260 264 1277 Gen,
277 1258 309 1276 18Α
325 1259 358 1278 21,

259 1827 362 1850 154455.

215 2084 368 2103 νὶκνιιιῑιοῦέ.

307 1881 311 1889 ’
359 1894 362 1898 .
384 1869 439 1899 Ait
463 1870 547 1900 enim
571 1870 683 1900 Petro:
714 1870 784 1911 qu
811 1882 874 1911 pro
897 1874 925 1900 te
947 1869 1075 1910 rogavi,
1100 1868 1202 1907 Perre,
1232 1872 1268 1898 ut
1291 1879 1358 1899 non
1380 1868 1512 1908 deficiat
1531 1867 1618 1907 fides
1641 1872 1710 1907 tua,
1741 1872 1768 1898 et
1790 1873 1826 1899 tu
1849 1867 2034 1910 aliquando

368 127 431 159 4⁶20
727 126 890 155 BENONIS
914 125 1172 158 ALIORUMQUE
1195 123 1470 152 CARDINALIUM
1493 123 1664 151 SCRIPTA.

369 228 502 259 vestem,
525 218 615 248 cuius
632 217 768 257 figuram
788 214 904 246 milites
920 213 1026 254 Pilati,
1049 219 1168 246 sortem
1185 214 1361 253 mittentes,
1385 213 1541 254 integram
1559 212 1790 255 reliqueruntt,
1813 213 2018 256 antiquarum

371 271 541 302 liert->uma
565 273 781 305 renovatores,
813 267 960 297 scindere
985 277 1048 297 non
1072 266 1257 298 timuerunt.
1303 264 1385 296 Cum
1411 263 1695 295 innumerabilium
1719 265 1885 296 hominum
1909 275 2021 307 corpo-

371 322 443 352 ralis
475 319 653 350 interfectio
685 319 779 349 morti
810 318 904 348 unius
927 318 1064 357 animae,
1095 317 1179 348 sicut
1210 316 1323 348 beatus
1347 316 1549 357 Augustinus
1572 316 1604 346 in
1629 315 1766 358 epistola
1788 315 1829 347 ad
1853 315 2031 347 Auxilium*

371 373 516 411 scribit2,
547 369 752 412 equipperari
782 380 845 400 non
876 370 986 411 possit,
1018 369 1093 400 novi
1121 369 1355 410 propiciatores
1379 368 1564 398 innumeras
1588 368 1793 399 innocentum
1818 367 1953 407 animas,
1983 366 2024 398 ab

371 422 657 454 excommunicatis
683 420 839 463 baptizari
865 421 1090 461 concedentes,
1113 420 1238 451 inferno
1261 424 1292 451 et
1315 424 1464 450 aeternae
1481 419 1575 450 morti
1598 418 1844 461 prodiderunw.
1888 418 2024 461 Insuper
2039 431 2053 450 5

372 483 401 506 et
426 473 626 515 euangelicas
650 477 680 503 et
703 472 781 503 alias
806 471 916 503 fideles
940 472 1119 513 scripturas
1143 471 1353 502 reclamantes
1376 470 1417 501 ad
1441 469 1637 502 intellectum
1661 471 1778 502 erroris
1801 470 1957 502 violenter
1978 471 2024 502 in-

373 531 542 563 torserunt,
575 525 666 566 quasi
692 524 806 555 Petrus
838 529 1028 566 potestatem
1057 523 1224 565 acceperit
1251 521 1385 563 ligandi,
1416 533 1499 564 quae
1521 521 1615 563 ligari
1637 533 1701 553 non
1725 522 1868 564 expedit,
1892 521 1943 554 vel
1964 521 2022 554 sol-

373 577 483 616 vendi,
516 577 606 618 quasi
637 575 831 617 generaliter
862 575 1071 616 intelligenda
1102 575 1167 605 sint
1197 574 1304 605 dietab
1337 573 1477 604 Ennodii
1506 573 1674 616 Papiensis
1705 574 1865 616 episcopi,
1897 574 2025 616 quibus,

373 627 582 671 personaliter
611 638 670 670 pro
704 629 817 658 beatoc
842 627 1014 669 Symaeho,
1045 627 1085 657 de
1108 625 1189 657 falso
1213 626 1345 656 crimine
1368 625 1513 666 inpetsto,
1545 636 1654 666 agens,
1686 625 1769 657 inter
1792 631 1920 658 caetera
1941 626 2024 657 ait⁴e

377 681 459 716 Quis
483 685 633 711 sanctum
658 690 723 710 esse
747 680 877 719 dubitet,
902 690 993 720 quem
1018 689 1104 720 opem
1126 682 1238 709 lamae
1256 678 1432 719 dv'yvzilatis
1449 676 1598 708 adtollit?
1637 676 1728 708 Haec
1751 677 1965 719 personaliter
1986 676 2026 708 de

374 738 484 763 sancto
502 730 653 762 simacho
671 731 756 761 dicta
773 730 903 773 quidam
929 729 1075 761 subversi
1099 734 1131 760 et
1153 729 1288 760 aliorum
1313 729 1522 761 subversores
1545 728 1587 760 ad
1609 728 1794 770 generalem
1817 728 2026 770 intellectum,

373 783 444 824 lege
477 783 538 813 Dei
570 781 777 821 reclamante,
809 781 966 812 violenter
1000 782 1226 820 intorserunt⁵,
1261 781 1353 822 quasi
1384 779 1607 818 Marcellinus,
1638 779 1803 821 Liberius,
1835 781 2026 812 Anastasius

375 835 528 867 canonice
551 833 643 865 electi
667 845 730 865 non
753 834 881 872 fuerint,
905 844 986 875 quos
1009 833 1210 875 subsequens
1233 843 1322 863 error
1345 833 1458 864 merito
1482 831 1609 863 deiecit.
1654 832 1815 875 Exemplo
1840 832 1927 864 beati
1949 833 2026 864 Am-

376 887 474 918 brosii
498 886 591 918 abusi
611 891 693 925 sunt,
717 886 888 927 episcopos
913 890 944 916 et
968 885 1131 926 principes
1156 883 1267 924 seculi,
1291 894 1396 925 neque
1413 888 1527 926 sponte
1543 883 1707 915 confessos
1724 885 1756 915 in
1773 883 1907 916 concilio
1923 895 2028 927 neque

375 938 517 980 legitime
541 938 714 976 convictos,
747 943 933 979 prepostero
964 936 1073 978 potius
1104 946 1201 977 quam
1231 935 1401 967 iudiciario
1432 935 1542 966 ordine
1574 936 1776 978 precipitatis
1802 935 1929 978 legibus
1955 947 2026 967 con-

377 991 599 1032 dempnanteS,
632 990 725 1031 quasi
756 989 869 1021 beatus
893 988 1086 1020 Ambrosius
1110 988 1337 1029 imperatorem
1361 987 1591 1027 Theodosium,
1622 994 1793 1030 antequam
1818 993 1933 1030 sponte
1956 997 2028 1019 con-

378 1042 532 1081 fiteretur,
555 1041 706 1082 ligaverit
729 1040 781 1072 vel
804 1041 844 1072 de
868 1045 996 1071 extorta
1019 1039 1222 1070 confessione
1244 1039 1448 1079 iudicaverit,
1479 1050 1575 1081 quem
1598 1038 1674 1071 licet
1696 1038 1933 1082 presentialiter
1955 1050 2028 1071 con·

378 1094 497 1124 victum
529 1098 560 1124 et
591 1099 706 1135 sponte
735 1093 917 1124 confessum
948 1092 1037 1123 salvo
1070 1097 1178 1123 tamen
1213 1091 1333 1122 honore
1364 1091 1688 1123 excommunicaviw.
1740 1091 1892 1123 Testatur
1920 1096 2028 1122 autem

380 1145 519 1186 Spiritus
536 1149 666 1175 sanctus
678 1151 698 1186 ⁷,
722 1149 843 1186 quanta
865 1145 907 1175 sit
930 1144 1052 1175 heresis
1075 1149 1106 1174 et
1130 1142 1280 1174 idolatria
1301 1143 1503 1184 distorquere
1526 1149 1680 1185 precepta
1702 1143 1784 1185 legis
1807 1141 1859 1175 vel
1881 1142 2029 1186 exempla

380 1203 562 1227 sanctorum
591 1196 693 1236 aliter,
724 1208 820 1239 quam
845 1196 1006 1227 convenit.
1050 1195 1092 1226 Et
1114 1194 1188 1226 licet
1211 1194 1356 1226 Sodoma
1379 1194 1562 1236 predicaret
1586 1201 1718 1236 peecata
1741 1205 1809 1234 sua,
1840 1200 1958 1236 tamen,
1987 1205 2028 1226 ne

379 1248 479 1279 iudex
503 1249 673 1290 quisquam
698 1248 815 1279 absens
839 1248 1003 1279 absentem
1028 1251 1194 1289 presumat
1216 1245 1369 1286 iudicare,
1400 1246 1458 1277 ait:
1489 1246 1695 1278 Descendam
1718 1251 1747 1277 et
1768 1247 1890 1287 videbo,
1920 1251 2028 1278 utrum

380 1300 562 1340 clamorem,
585 1301 641 1342 qni
663 1301 750 1331 venit
773 1300 818 1331 ad
840 1312 897 1340 me,
921 1311 1016 1340 opere
1039 1299 1279 1340 compleverint.
1325 1298 1410 1329 Hinc
1430 1304 1487 1339 est,
1512 1297 1598 1340 quod
1615 1309 1689 1329 reus
1705 1297 1872 1330 homicidii
1895 1303 2031 1336 tenetur,

381 1352 528 1393 quisquis
559 1363 687 1383 servum
718 1363 811 1383 suum
841 1351 965 1393 absque
995 1351 1100 1382 iudice
1130 1350 1326 1382 necaverit&
1371 1349 1456 1382 Sunt
1485 1351 1598 1390 etiam,
1633 1351 1688 1392 qui
1718 1349 1897 1381 abutuntur
1924 1349 2031 1382 verbis

382 1403 467 1435 beati
482 1403 570 1434 Petri
593 1403 768 1436 dicentis⁹:
796 1403 922 1439 Quibus
941 1403 1084 1436 Clemens
1106 1414 1173 1433 non
1192 1402 1347 1444 loquitur,
1371 1413 1429 1433 ‘nec
1452 1413 1506 1433 vos
1529 1402 1576 1433 eis
1599 1401 1785 1443 loquimini,
1809 1402 1902 1444 quasi
1925 1406 2032 1434 tantus

380 1461 490 1496 pastor
506 1454 644 1497 aliquem
660 1455 805 1497 absqued
829 1455 999 1486 iudiciario
1024 1455 1136 1486 ordine
1159 1452 1402 1496 dampnandum
1425 1453 1475 1484 vel
1498 1452 1667 1484 vitandum
1685 1452 1840 1492 docuerit,
1865 1463 1938 1484 cum
1961 1454 2031 1495 ipse

381 1507 478 1538 Iudas
494 1506 534 1538 ab
551 1508 622 1549 ipso
642 1507 780 1537 Domino
805 1507 876 1538 ideo
893 1517 956 1538 non
975 1506 1015 1538 sit
1030 1507 1162 1546 eiectus,
1186 1506 1262 1547 quia
1278 1504 1515 1547 presentialiter
1538 1516 1601 1536 non
1625 1510 1674 1536 est
1695 1511 1864 1536 accusatus
1877 1511 1912 1537 ¹⁰.
1950 1504 2034 1537 Sunt

382 1559 488 1599 etiam,
520 1559 636 1600 quibus
667 1559 738 1600 ipsa
762 1559 880 1590 veritas
903 1563 1072 1600 reputatur
1102 1558 1135 1588 in
1160 1556 1368 1597 mendatium,
1400 1556 1476 1587 dum
1507 1555 1546 1587 de
1572 1556 1679 1588 verbis
1702 1557 1848 1588 veritatis
1878 1556 2034 1588 deludunt

383 1616 504 1641 mentes
536 1610 741 1652 simplicium,
773 1611 933 1642 dicentes:
964 1609 1076 1641 ‘Nemo
1107 1609 1229 1641 iudicet
1259 1609 1395 1650 primam
1427 1607 1554 1647 sedem,
1584 1609 1748 1639 iusticiam
1781 1608 2033 1651 temperantem'.

383 1663 474 1703 quasi
506 1663 675 1704 quisquam
707 1672 782 1693 sane
811 1662 926 1693 mentis
957 1662 1094 1704 primam
1124 1661 1233 1693 sedem
1265 1665 1379 1702 arguat
1406 1661 1439 1691 in
1467 1659 1528 1699 his,
1559 1671 1643 1702 quae
1674 1659 1763 1692 salva
1790 1659 1853 1692 fide
1877 1660 2034 1703 possuntb

383 1714 564 1755 temperari.
612 1714 673 1745 l’ro
704 1714 888 1745 huiusmodi
918 1713 1051 1756 quidam
1074 1724 1093 1744 a
1116 1712 1219 1754 nobis,
1250 1713 1349 1743 immo
1373 1723 1392 1743 a
1414 1711 1484 1753 lege
1508 1711 1571 1743 Dei
1601 1711 1793 1744 inexorabili
1816 1711 1890 1744 odio
1913 1711 2034 1744 dissen-

382 1765 474 1805 tiunt,
499 1765 574 1796 dum
600 1777 656 1807 per
680 1777 738 1797 nos
762 1765 941 1797 libertatem
963 1765 1106 1796 docende
1122 1764 1272 1796 hereseos
1295 1775 1329 1795 se
1354 1763 1536 1806 perdidisse
1558 1762 1773 1805 intelligunte.
1818 1763 1883 1795 Sed
1906 1764 2032 1796 verbum

385 1817 522 1848 Domini
545 1823 652 1848 manet
676 1819 711 1848 in
737 1823 914 1856 aeternnm,
939 1817 1026 1859 quod
1049 1816 1082 1847 in
1102 1815 1246 1848 menbris
1268 1814 1467 1858 apostolicae
1490 1815 1576 1847 sedis
1601 1820 1811 1847 conservatur
1833 1820 2035 1858 perpetuum.

384 1932 560 1952 conversus
584 1922 740 1961 confirma
754 1921 886 1962 fratres
909 1926 992 1952 tuos.

491 1972 557 2003 Oro
595 1978 701 2003 autem
741 1983 798 2013 per
835 1971 978 2010 labores,
1022 1982 1102 2012 quos
1142 1982 1200 2012 pro
1238 1969 1397 2002 aecclesia
1434 1969 1625 2012 pertulistiS,
1671 1982 1711 2002 ne
1749 1971 1892 2013 ipsorum
1929 1970 2034 2002 fructu

385 2023 531 2055 laborum
568 2035 624 2054 vos
662 2024 783 2066 privari
822 2023 1000 2066 patiamini.
1059 2022 1103 2054 Et
1140 2022 1256 2064 quibus
1293 2021 1361 2053 zelo
1395 2021 1457 2052 Dei
1495 2021 1652 2053 auxilium
1688 2027 1719 2053 et
1753 2021 1922 2054 consilium
1960 2022 2036 2054 totis

386 2075 507 2105 viribus
542 2082 606 2107 toto
642 2076 739 2107 corde
774 2075 964 2117 prebuistis,
997 2074 1118 2106 eisdem
1154 2073 1446 2116 apostatantibuss,
1481 2073 1594 2105 eodem
1630 2073 1698 2105 zelo
1730 2073 1905 2105 secundum
1936 2074 2037 2105 seien-

388 2128 462 2158 tiam
488 2138 544 2157 vos
569 2128 675 2168 potius
699 2126 773 2158 fidei
797 2127 976 2158 catholicae
999 2137 1096 2168 quam
1121 2126 1271 2168 cuiquam
1296 2126 1379 2167 parti
1403 2126 1606 2157 deservissess
1629 2125 1816 2166 ostendatis,
1838 2131 1870 2158 et
1892 2125 2035 2157 favorem

389 2185 528 2209 vestrum
563 2177 796 2217 subtrahendo,
831 2189 899 2219 eos,
934 2179 988 2220 qui
1023 2183 1132 2209 erecta
1165 2178 1292 2219 cervice
1327 2183 1439 2209 contra
1468 2177 1575 2208 Deum
1610 2177 1853 2209 inexorabiliter
1882 2177 2038 2216 nituntur,

389 2242 406 2259 a
433 2230 535 2260 tocius
568 2230 678 2260 mundi
710 2230 891 2271 proditione
918 2229 1112 2269 revocetish,
1143 2240 1202 2260 nec
1233 2229 1379 2271 paciatur
1409 2229 1520 2261 inclita
1547 2229 1679 2261 libertas
1710 2230 1809 2261 animi
1839 2229 1948 2270 vestri,
1977 2228 2037 2261 sub

391 2282 503 2311 umbra
519 2280 642 2312 alarum
661 2289 837 2312 vestrarum
856 2292 955 2313 novos
979 2292 1104 2313 errores
1127 2280 1308 2312 coalescere
1333 2280 1383 2312 vel
1405 2282 1556 2324 antiquos
1571 2281 1782 2314 reviviscerei
1808 2285 1840 2313 et
1861 2281 2038 2324 antiquitus

391 2332 532 2374 sepultos
556 2343 733 2373 resurgere.
780 2333 866 2372 Quid
891 2333 975 2364 valet
998 2338 1109 2364 contra
1132 2332 1339 2364 simoniacam
1364 2332 1499 2364 heresim
1525 2332 1646 2364 viribus
1670 2334 1768 2365 tantis
1789 2332 1981 2373 decertasse,
2010 2331 2036 2364 si

503 2428 525 2442 a:
552 2420 586 2442 ita
613 2421 640 2445 l:
673 2420 783 2444 heresim
805 2422 828 2443 ·.'.
916 2421 941 2446 b')
965 2420 1035 2444 ‹iccst
1057 2420 1080 2444 2.
1158 2422 1182 2450 c)
1205 2423 1300 2444 saneto
1322 2420 1345 2443 2.
1430 2420 1460 2449 d)
1480 2428 1504 2444 a.
1525 2424 1600 2445 tanto
1621 2421 1637 2446 i.
1661 2422 1683 2446 l.
1760 2421 1785 2453 e)
1803 2419 1994 2446 intellexerunt
2011 2419 2036 2444 2.

393 2465 411 2495 ι’)
439 2466 622 2497 apos-tantilms
652 2468 675 2489 -ὲ,
789 2467 817 2497 g)
846 2464 881 2489 im
906 2468 927 2489 1.
950 2466 964 2488 2
990 2474 1039 2496 pro
1066 2465 1224 2490 deserviisse
1251 2466 1321 2497 quod
1348 2465 1401 2489 iam
1427 2465 1492 2491 Snd.
1518 2466 1634 2491 coniecit.
1756 2466 1783 2498 h)
1812 2466 1944 2492 revoceris
1967 2466 1991 2492 1.
2011 2465 2036 2491 2.

393 2513 411 2541 i)
434 2512 601 2535 reminiscor<=
623 2512 646 2535 ¹2.

504 2586 529 2613 1)
555 2585 598 2617 (ss.
619 2594 650 2619 ρ.
668 2586 737 2610 -104,
806 2585 834 2615 2)
854 2586 941 2619 Epist.
960 2586 1029 2616 250,
1047 2588 1060 2615 ,S
1078 2586 1104 2616 2,
1133 2584 1225 2619 Opera
1243 2585 1283 2617 II,
1305 2586 1356 2611 col.
1374 2586 1433 2612 879
1450 2588 1483 2613 A.
1551 2587 1581 2619 3)
1599 2586 1643 2620 Cf.
1661 2587 1801 2613 Benonem
1818 2587 1860 2621 11,
1880 2586 1926 2620 12,
1948 2595 2037 2622 cupra

393 2646 422 2670 p.
440 2637 510 2662 350.
598 2637 627 2662 θ
651 2637 768 2670 Apulo-sp
790 2646 842 2670 pra
867 2637 893 2664 ⁴3.
917 2637 1020 2669 synodo
1046 2637 1134 2668 Rorn.,
1168 2637 1267 2663 ,tiamsi
1290 2636 1369 2669 VIII,
1398 2637 1450 2663 col.
1475 2638 1534 2664 2'6'5
1553 2639 1588 2664 A.
1684 2639 1714 2672 5)
1739 2637 1783 2671 Cf.
1806 2647 1894 2674 supra
1914 2647 1945 2673 p.
1967 2637 2036 2665 400.

396 2689 425 2722 6)
451 2687 494 2720 (γ’,
516 2688 653 2713 Βνιιωιεηι
679 2687 718 2720 II,
742 2689 764 2719 l,
788 2697 873 2720 supra
897 2698 924 2721 1).
944 2688 1014 2713 314.
1033 2688 1102 2713 2391.
1172 2687 1200 2721 7)
1225 2687 1269 2720 Cf,
1294 2697 1380 2722 supra
1402 2698 1432 2722 p.
1451 2689 1520 2716 370.
1539 2689 1608 2716 35⁹4.
1677 2690 1705 2723 S)
1732 2689 1814 2717 Cone.
1831 2689 1933 2724 Ayalh.
1951 2689 2036 2722 affl,

396 2739 493 2765 Munsi
513 2739 592 2771 VIII,
615 2739 665 2766 col.
684 2739 753 2771 335,
780 2739 882 2765 Ifurvlu.
900 2739 973 2765 decr.
994 2738 1039 2771 1⁷1,
1061 2739 1104 2770 ts,
1131 2739 1180 2765 Iro
1196 2739 1270 2766 decr.
1288 2739 1325 2772 X,
1347 2739 1412 2766 147.
1481 2740 1510 2773 9)
1535 2740 1681 2768 Clementis
1704 2741 1783 2774 epist.
1804 2742 1828 2767 1.
1852 2749 1899 2776 ap.
1917 2740 2037 2768 Pecunio-

399 2792 467 2817 leid.
491 2791 508 2817 l.
527 2800 548 2818 c.
571 2801 599 2824 Ji.
619 2790 666 2816 38.
760 2791 806 2815 lm
833 2790 876 2822 Cf.
898 2799 927 2824 ρ.
946 2790 1015 2815 35⁴7.

2119 518 2126 552 l

2048 945 2075 965 15

2052 1462 2079 1482 2⁵
2125 1463 2128 1470 “
