2132 3067
592 146 709 172 LIBER
731 147 782 172 DE
805 146 961 173 HONORE
983 145 1199 172 ECCLESIAE.
1657 143 1718 173 ⁴339

78 244 154 265 suae
177 244 272 264 verae
297 233 477 265 dilectionis
506 234 684 275 pascendas
714 246 788 265 suas
816 246 891 265 oves
915 235 1084 265 commisit.
1131 234 1215 274 Quia
1238 236 1284 266 si³
1308 245 1365 276 pro
1389 235 1438 266 his
1462 236 1720 273 occubuerimus,

77 296 134 328 pro
166 285 294 316 iusticia
324 287 417 316 morti
450 287 623 317 trademur.
670 286 763 317 Beati
795 292 915 323 autem,
946 291 980 316 ut
1011 287 1080 327 ipse
1105 286 1265 317 Dominus
1294 289 1348 327 ait,
1380 289 1437 328 qui
1463 289 1719 329 persecutionem

74 342 210 378 propter
230 338 396 368 iusticiam
415 339 606 378 patiuntur,
630 340 783 380 quoniam
804 339 951 379 ipsorum
976 343 1020 368 est
1042 350 1178 379 refluum
1195 338 1366 369 caelorum.
1412 339 1537 370 Iustum
1562 344 1610 369 est
1633 339 1718 369 enim

79 399 136 430 pro
165 387 286 418 honore
314 394 445 419 sanctae
475 390 586 419 matris
615 388 791 419 aecclesiae
816 389 877 419 Dei
900 400 1031 429 gregem
1056 389 1216 430 pascendo
1241 400 1342 431 usque
1365 389 1405 421 ad
1429 397 1561 421 mortem
1587 397 1719 429 certare,

45 452 58 471 ⁵
77 440 268 472 adhortante
291 450 349 470 nos
373 441 468 471 etiam
493 440 678 471 beatissimo
697 440 839 470 Iohanne
863 439 1065 480 euangelista
1088 448 1183 482 atque
1207 441 1351 472 dicente:
1377 441 1467 472 Sicut
1491 441 1638 472 Christus
1657 453 1720 483 pro

78 492 170 523 nobis
193 493 338 522 animam
361 503 455 522 suam
475 493 600 533 posuit,
625 493 670 522 ita
695 497 723 522 et
747 504 804 522 nos
829 491 981 522 am'masb
1005 497 1133 522 nostras
1153 504 1216 532 pro
1230 493 1400 533 fratribus
1420 505 1540 534 ponere
1564 493 1720 524 debemus.

79 543 294 585 Omnipotens
315 549 422 574 autem
447 543 546 583 Deus,
578 544 655 584 quic
678 554 736 584 per
758 554 816 573 nos
840 542 990 572 infimosd
1013 549 1043 573 et
1067 542 1194 574 ultimos
1219 555 1327 574 servos
1351 555 1425 575 suos
1450 544 1528 575 haec
1550 545 1581 575 in
1605 545 1719 575 vestris

77 595 231 626 auribuse
255 594 406 636 loquitur,
431 605 488 635 per
512 606 544 625 se
569 595 671 625 sancti
695 595 834 635 Spiritus
858 595 961 635 gratia
984 595 1016 624 in
1034 595 1149 625 vestris
1173 595 1324 626 cordibus
1349 596 1459 627 eadem
1484 596 1571 638 loqui
1595 605 1625 627 et
1649 607 1720 626 con-

79 646 204 678 firmare
227 647 387 687 dignetur,
417 646 472 687 qui
500 657 558 687 pro
588 657 696 677 amore
726 656 803 676 suae
827 650 955 675 sanctae
983 645 1156 677 aecclesiae
1185 646 1224 677 de
1248 648 1319 678 sinu
1344 648 1447 678 Patris
1471 647 1665 679 descendere
1689 654 1721 678 et

31 709 58 728 ιο
78 704 214 729 mortem
243 704 373 739 gustare
402 697 552 738 dignatus
576 703 634 736 est,
663 699 717 739 qui
742 698 822 728 vivit
845 703 875 727 et
898 703 1012 738 regnat
1035 708 1106 728 cum
1130 698 1225 729 Patre
1253 699 1284 728 in
1310 700 1430 730 unitate
1455 700 1594 741 Spiritus
1619 701 1719 730 sancti

78 749 168 781 Deus
193 760 250 791 per
271 750 379 781 omnia
403 749 510 780 secula
533 749 725 780 seculorum.
772 750 886 780 Amen.

182 801 255 833 Deo
279 802 363 842 patri
386 806 418 832 et
440 800 506 832 filio
531 806 562 832 et
585 800 721 842 Spiritui
745 807 855 831 saneto
878 802 1009 841 gratiaS.
1055 801 1169 831 Amen.

314 871 592 920 [EXPLICIT‘
617 872 770 908 LIBER
798 872 868 908 DE
895 871 1108 909 HONORE
1135 871 1482 920 AECCLESIAE.]

189 975 215 1007 a)
237 983 368 1007 superscr.
389 975 465 1001 1322.
532 976 561 1006 b)
581 977 697 1000 animam
718 979 835 1000 nostram
856 975 929 999 B·2³.
999 976 1023 1006 c)
1046 975 1116 999 deest
1136 971 1214 999 ΒΞῙ).
1279 975 1305 1005 d)
1328 974 1446 999 infirmos
1466 975 1541 1000 Βῗὸ.
1606 976 1632 999 θἸ
1654 985 1720 1000 corr.

33 1028 58 1047 15
79 1030 111 1047 ex
131 1022 244 1047 aurebus
264 1021 339 1047 3⁶2³.
414 1022 438 1053 f)
457 1022 535 1054 Expl.
558 1036 590 1040 —
612 1022 676 1047 eccl.
697 1022 752 1046 des.
774 1021 849 1047 1322.

1741 299 1819 317 Manu.
1827 299 1847 322 5,
1857 299 1888 317 ιο.

1743 454 1761 472 1.
1770 452 1889 475 Ioh.3‚1‹;.
