2132 3067
67 739 93 758 10

68 996 94 1016 15

68 1255 95 1274 20

67 1515 94 1534 25

66 1775 95 1793 ³0

66 2031 93 2051 ³5

68 2289 96 2308 10

69 2548 98 2568 45

72 2844 99 2864 50

536 171 586 197 DE
611 170 780 197 UNITATE
803 169 1010 197 ECCLESIAE
1033 171 1329 198 CONSERVANDA.
1697 169 1764 200 253

219 262 268 293 29.
316 261 404 292 Haec
429 267 585 291 memorat
608 266 738 290 sanctus
764 258 948 300 Cyprianus
973 261 1156 301 episcopus,
1185 262 1343 292 veraciter
1366 261 1555 293 describens
1579 273 1662 304 quae
1686 262 1767 292 fiunt

112 314 229 343 nostris
253 323 381 354 quoque
405 313 615 353 temporibus.
660 310 730 340 Non
748 310 851 341 solum
869 312 952 341 enim
975 311 1115 342 ecclesia
1139 323 1196 354 per
1220 313 1348 344 hereses
1372 318 1403 344 et
1426 314 1577 344 scismata
1601 313 1765 353 dividitur,

113 372 145 396 et
168 375 230 406 pax
256 365 396 405 undique
420 365 580 401 turbatur,
604 363 659 393 sed
683 363 779 393 etiam
803 362 959 393 adversae
984 364 1082 404 partis
1104 365 1249 405 episcopi
1266 364 1409 405 gaudent
1432 370 1463 396 et
1486 365 1646 396 laetantur
1668 376 1767 407 super

113 416 268 448 effusione
299 415 429 446 humani
461 415 637 456 sanguiniS,
670 415 745 455 quia
776 424 838 444 non
870 414 989 445 liabent
1019 416 1144 446 viscera
1176 415 1335 447 fraternae
1365 416 1557 448 dilectionis.
1611 417 1766 459 Quisquis

113 475 220 499 autem
246 473 424 498 creaturam
444 467 506 497 Dei
524 466 684 497 hominem
703 477 766 496 non
784 466 899 505 diligit,
924 466 1005 505 odit;
1031 478 1135 508 neque
1160 469 1243 498 enim
1269 468 1342 498 odio
1367 468 1498 509 dignum
1523 470 1682 508 aestimat,
1707 470 1767 500 nisi

114 520 200 562 quod
224 519 340 550 malum
367 530 436 550 esse
460 518 591 549 iudicat.
637 518 767 548 Heresis
792 517 921 559 quidem
946 517 1209 549 Manichaeorum
1235 526 1326 560 putat
1356 520 1514 551 humanae
1543 527 1677 552 naturae
1708 521 1768 551 ori-

113 572 220 613 ginem
246 582 316 602 esse
340 582 359 600 a
382 571 529 612 principe
553 569 771 607 tenebrarum,
802 580 970 600 assumens
1001 571 1032 600 in
1062 571 1280 601 testimonium
1311 573 1358 602 sui
1383 573 1499 603 erroris
1524 572 1609 614 quod
1634 572 1712 603 dicit
1734 574 1766 603 in

114 622 283 663 euangelio
311 623 485 653 Dominus:
516 622 571 652 Vos
602 633 641 652 σω
671 627 765 662 patre
797 621 926 652 diaholo
957 623 1043 653 estis.
1090 622 1180 652 Bona
1204 628 1253 653 est
1276 623 1396 664 quippe
1422 625 1526 654 omnis
1556 630 1678 663 natura,
1708 625 1765 656 sed

114 685 171 716 per
193 674 390 705 voluntatem
416 673 530 704 malam
554 674 665 704 vitiata
682 679 730 703 est
747 672 884 703 hominis
902 679 1026 704 natura.
1065 674 1129 704 Sed
1147 674 1232 704 unde
1248 674 1367 705 dixerit
1384 675 1544 706 Dominus
1560 676 1600 707 ad
1616 676 1765 710 Iudaeos.

114 727 168 768 qui
198 727 260 757 iam
293 725 494 768 quaerebant
523 737 596 756 eum
630 724 793 755 occidere:
828 725 882 755 Vos
912 737 952 755 eae
979 725 1110 756 diabolo
1141 727 1226 764 estis,
1257 726 1342 757 unde
1366 727 1436 766 hoc,
1467 727 1608 769 inquam,
1638 728 1766 767 dixerit,

114 777 312 809 ostendendo
336 777 519 817 subiungit:
550 777 592 807 Ee
614 777 778 807 desideria
800 778 909 818 patris
933 778 1031 807 vestri
1054 777 1152 808 vultis
1176 778 1308 818 {fac-ere.
1355 778 1447 816 Quae
1472 784 1546 810 sunt
1570 779 1655 810 illius
1683 780 1764 811 desi-

113 829 225 861 deria?
269 829 340 867 Ille,
365 830 478 871 inquit,
504 829 669 860 homicida
692 833 762 859 erat
787 829 825 859 ab
851 829 957 859 initio.
1011 829 1182 860 Imitantur
1205 836 1311 860 autem
1337 841 1408 860 eum
1435 831 1489 871 qui
1514 837 1588 862 sunt
1612 843 1652 862 cx
1676 838 1767 873 parte

113 880 209 920 illius,
233 892 271 912 ac
295 881 427 923 perinde
451 881 601 911 dicuntur
623 879 680 910 filii
703 880 782 920 eius,
808 881 883 921 quia
907 886 982 911 sunt
997 881 1174 912 imitatores
1191 881 1355 912 homicidii
1373 881 1468 922 illius,
1493 883 1547 924 qui
1572 893 1635 913 non
1659 883 1768 923 gladio

114 939 268 972 armatus,
299 944 360 964 non
392 933 474 964 ferro
506 933 670 963 accinctus
699 931 738 961 ad
767 932 905 972 primum
932 932 1091 963 hominem
1119 933 1205 964 venit
1228 933 1429 975 verbumque
1454 934 1571 964 malum
1598 935 1769 966 seminavit

114 991 146 1016 et
169 985 297 1016 oceidit.
344 985 497 1016 Similiter
529 990 560 1015 et
591 983 710 1014 occidit
740 994 812 1013 eum
845 985 898 1025 qui
930 984 1103 1025 persuadet
1126 985 1222 1014 alicui
1252 984 1345 1023 mala,
1377 985 1554 1016 secundum
1580 986 1667 1028 quod
1691 986 1768 1017 dicit

115 1036 297 1079 psalmista:
330 1036 410 1068 Filii
441 1037 617 1075 hominum,
649 1035 758 1066 dentes
788 1047 894 1066 eorum
926 1047 1017 1066 arma
1049 1042 1077 1066 et
1107 1037 1258 1077 sayittae,
1290 1042 1316 1067 et
1346 1037 1466 1078 linqua
1495 1049 1604 1068 eorum
1632 1038 1768 1080 yladius

116 1094 241 1120 acutus.
286 1089 373 1120 Ecce
397 1089 481 1119 enim
506 1087 557 1118 ille
580 1087 730 1128 Hartvig,
755 1087 860 1117 dictus
883 1087 1045 1129 quondam
1066 1087 1378 1129 Magadaburgensis
1402 1088 1669 1131 metropolitanae
1693 1091 1768 1120 civi-

115 1141 188 1171 tatis
213 1141 396 1182 episcopus‚
420 1140 583 1182 persuasit
606 1139 753 1181 plurimis
777 1144 863 1170 certe
886 1139 1049 1170 effundere
1074 1140 1265 1181 sanguinem
1288 1140 1464 1179 hominum,
1489 1141 1542 1183 qui
1561 1147 1591 1172 et
1607 1141 1682 1172 feeit
1699 1153 1768 1173 cae--

115 1191 188 1223 dem
213 1192 423 1234 plurimorum
451 1203 507 1233 per
531 1203 643 1222 manus
668 1191 728 1221 sibi
754 1191 1012 1232 obsequentium⁷
1041 1202 1113 1222 cum
1139 1192 1256 1233 quibus
1280 1197 1312 1223 et
1335 1199 1408 1233 post
1431 1194 1612 1233 victoriam,
1640 1194 1680 1224 de
1704 1205 1767 1235 qua

115 1254 214 1286 supra
231 1243 384 1284 diximus,
408 1243 589 1274 introduxit
605 1243 841 1274 Adelberouem
860 1243 890 1273 in
906 1243 1104 1284 XVirziburg,
1122 1244 1283 1274 civitatem
1301 1244 1463 1286 quondam
1482 1246 1530 1275 sui
1547 1246 1766 1287 episcopatus,

115 1306 210 1337 quam
235 1296 387 1326 amiserat
410 1296 514 1337 primo
539 1295 669 1337 quidem
695 1295 827 1336 proprio
852 1295 972 1325 iudicio
997 1295 1181 1334 damnatus,
1208 1295 1324 1326 deinde
1348 1296 1504 1327 ecclesiae
1528 1298 1623 1327 etiam
1648 1297 1767 1328 iudicio

115 1347 347 1378 condemnatus
379 1353 474 1389 atque
504 1347 680 1388 depositus,
712 1352 882 1388 postquam
908 1348 1015 1388 posuit
1038 1353 1161 1389 partem
1187 1359 1276 1378 suam
1302 1359 1374 1379 cum
1400 1348 1579 1390 hypocritis
1602 1354 1698 1391 atque
1723 1351 1767 1380 in-

115 1399 275 1439 fidelibus,
306 1400 468 1441 quoniam,
500 1400 582 1429 sicut
611 1398 817 1440 Cyprianus·
850 1399 1022 1440 episcopus
1054 1399 1175 1438 scribit,
1207 1400 1354 1441 quisquis
1387 1402 1527 1432 unitatis
1556 1403 1766 1433 concordiam

114 1452 247 1491 scindit,
262 1451 364 1490 fidem
384 1452 528 1492 primam
543 1450 899 1491 pmfidiafiposteriore
923 1452 1070 1481 mutavit.
1112 1451 1173 1481 Hic
1196 1462 1273 1481 sane
1295 1451 1458 1483 Adelbero
1482 1452 1678 1494 praeclarior
1701 1459 1769 1484 erat

113 1503 248 1534 caeteris
265 1513 341 1533 suae
358 1503 458 1543 partis
475 1502 638 1543 episcopis
662 1508 693 1533 et
715 1501 883 1533 nobilitate
907 1502 1028 1543 pariter
1051 1507 1082 1533 et
1104 1503 1237 1533 scientia
1261 1514 1298 1533 ac
1323 1503 1478 1544 religione
1495 1504 1588 1535 simul
1606 1510 1637 1535 et
1653 1512 1768 1546 aetate,

113 1559 225 1596 utpote
255 1555 309 1596 qui
340 1555 403 1585 iam
436 1554 515 1584 obiit
547 1555 632 1584 circa
664 1554 947 1596 quadragesimum
981 1565 1099 1584 annum
1131 1555 1343 1586 ordinationis
1374 1566 1459 1588 suae.
1505 1555 1569 1587 Hic
1593 1568 1670 1597 ergo
1694 1568 1766 1588 eum

114 1606 227 1637 fuisset
249 1606 343 1637 etiam
370 1607 531 1647 particeps
555 1605 721 1636 electionis
746 1607 866 1647 pariter
888 1611 919 1636 et
943 1606 1153 1637 ordinationis
1174 1606 1320 1637 Ruodolfi
1344 1608 1430 1648 regis
1455 1613 1564 1638 contra
1588 1608 1766 1650 legitimum

115 1670 222 1700 regem
240 1657 451 1697 Henriehum,
476 1670 514 1688 ne
538 1669 610 1688 eum
636 1669 668 1687 sc
694 1659 897 1699 contingeret
912 1658 1023 1688 videre
1044 1657 1094 1689 vel
1118 1657 1248 1700 alloqui,
1273 1665 1387 1700 sponte
1404 1659 1526 1691 dimisit
1543 1661 1766 1702 episcopatum

115 1721 207 1741 suum
232 1715 263 1740 et
285 1709 368 1751 fugit
389 1709 429 1740 ad
453 1709 639 1740 altitudines
664 1710 832 1745 montium,
866 1709 985 1740 oblitus
1015 1721 1101 1743 sane.
1132 1711 1293 1752 quomodo
1325 1710 1405 1742 solet
1431 1711 1566 1742 ecelesia
1590 1724 1662 1743 cum
1688 1713 1771 1754 psal-

115 1761 210 1792 mista
233 1761 340 1792 dicere
369 1768 481 1792 contra
509 1761 710 1792 altitudinem
743 1761 909 1793 doctrinae
934 1761 1166 1793 hereticorum:
1196 1763 1235 1793 1⁷1
1262 1763 1402 1794 Domino
1433 1765 1580 1803 consid&
1613 1766 1768 1806 quomodo

115 1814 227 1844 dicitis
251 1815 382 1844 animae
405 1825 503 1853 meae,
526 1815 732 1854 transmigra
755 1815 791 1844 in
815 1819 950 1845 montem
973 1815 1057 1845 sicut
1079 1817 1220 1856 passer?
1243 1814 1273 1845 id
1299 1820 1348 1845 est
1370 1816 1453 1846 sicut
1473 1816 1623 1856 prudens
1662 1816 1771 1847 Latuit

115 1865 200 1896 enim
224 1865 276 1895 hic
298 1864 461 1895 Adelbero
484 1865 516 1895 in
540 1864 698 1895 altissima
722 1865 860 1906 quadam
885 1866 1074 1902 munitione,
1105 1877 1186 1908 quae
1211 1866 1327 1897 dicitur
1351 1866 1463 1897 Latine
1488 1867 1710 1907 Mons-vini2,
1739 1874 1769 1899 et

114 1917 189 1948 licet
219 1917 349 1958 saepius
380 1916 547 1947 offerretur
578 1917 606 1947 ei
638 1916 756 1957 legatio
780 1916 939 1948 Henrichi
964 1918 1168 1959 imperatoris
1192 1922 1222 1948 et
1246 1917 1438 1959 supplicatio
1464 1920 1628 1949 commissi
1653 1920 1773 1960 gregis,

114 1974 149 2000 ut
172 1973 388 2000 reverteretur
410 1968 451 1999 ad
476 1968 655 1999 custodiam
680 1969 886 2010 episcopatus
910 1970 971 2008 sui,
994 1969 1097 2000 noluit
1122 1976 1230 2000 tamen
1250 1971 1377 2003 reverti,
1425 1970 1509 2000 Ecce
1533 1971 1647 2002 scribit
1670 1971 1772 2002 Isido-

113 2031 167 2052 rus
190 2021 387 2062 episcopus3
409 2021 442 2050 in
468 2020 558 2050 VIII.
582 2019 666 2050 libro
690 2020 985 2062 Etymologiarum:
1018 2021 1182 2061 Montani,
1212 2022 1372 2062 inquiens,
1403 2022 1536 2053 lmetici
1564 2023 1653 2053 dicta
1683 2029 1771 2065 sunt,

114 2073 200 2114 quod
222 2077 362 2114 tempore
380 2073 622 2113 persecutionis
640 2073 674 2103 in
692 2072 855 2103 montibus
879 2072 1048 2103 latuerunt
1071 2077 1099 2103 et
1122 2084 1160 2103 ea
1186 2075 1355 2104 occasione
1378 2085 1409 2104 se
1433 2087 1451 2104 a
1477 2074 1656 2105 catholicae
1677 2076 1769 2106 eccle-

113 2125 183 2156 siae
207 2135 342 2166 corpore
366 2124 560 2157 diviserunt,
613 2124 708 2162 Quod
739 2125 765 2154 si
789 2123 868 2155 tales
899 2124 1028 2154 fuerunt
1057 2124 1190 2155 heretici
1215 2126 1373 2165 fugientes
1398 2126 1669 2167 persecutionem,
1691 2127 1769 2168 quid

113 2174 170 2216 illi,
201 2175 254 2217 qui
285 2174 421 2206 oderunt
450 2185 562 2216 pacem
593 2180 625 2206 et
653 2181 767 2216 sponte
791 2175 982 2206 dimiserunt
1005 2175 1159 2206 ecclesiae
1184 2176 1363 2207 unitatem?
1408 2177 1489 2216 Quis
1512 2188 1588 2208 vero
1613 2178 1772 2209 custodiet

115 2237 191 2258 oves
222 2238 241 2258 a
269 2226 419 2268 luporum
451 2226 587 2267 insidiis,
620 2227 749 2268 quando
780 2226 900 2258 deserit
930 2238 984 2257 eas
1009 2238 1086 2257 cura
1110 2228 1274 2269 pastoris?
1318 2228 1407 2264 'Qua
1432 2229 1643 2267 conscientia,
1667 2231 1772 2272 inquit

115 2277 182 2310 Leo
205 2283 322 2321 papa4,
353 2278 504 2310 honorem
527 2279 592 2309 sibi
615 2279 793 2310 sacerdotii
813 2280 1009 2320 praestitum
1034 2280 1218 2320 vindicant,
1249 2281 1307 2321 qui
1329 2292 1396 2322 pro
1420 2281 1594 2312 animabus
1619 2281 1682 2312 sibi
1706 2294 1771 2313 cre-

115 2331 194 2363 ditis
217 2341 282 2362 non
304 2330 478 2362 laborant?
526 2330 748 2370 Considment,
772 2331 826 2369 ait,
850 2330 968 2361 milites
987 2330 1120 2371 Christi,
1146 2331 1270 2362 idcirco
1294 2343 1327 2363 se
1350 2332 1467 2363 cotidie
1491 2332 1624 2364 calicem
1649 2333 1773 2366 Christi

116 2383 296 2424 sanquim's
326 2382 441 2423 bibere,
472 2387 507 2413 ut
533 2383 662 2424 possint
693 2386 721 2411 et
752 2383 820 2423 ipsi
846 2387 982 2424 propter
1008 2382 1168 2414 Christum
1201 2386 1399 2424 sanquinem
1421 2384 1581 2424 fundere.
1629 2385 1700 2416 Hoc
1724 2390 1772 2416 est

115 2435 200 2466 enim
225 2432 306 2465 velle
330 2445 403 2464 cum
428 2433 557 2465 Christo
581 2433 728 2467 inveniri,
757 2434 786 2464 id
813 2433 898 2475 quod
923 2432 1070 2465 Christus
1096 2441 1126 2465 et
1150 2434 1261 2466 docuit
1284 2442 1316 2466 et
1338 2435 1415 2466 feeit
1438 2436 1566 2474 imitari,
1591 2436 1768 2468 secundum

115 2485 292 2516 Iohannem
324 2485 506 2527 apostolum
537 2485 717 2516 dicentem:
751 2485 817 2521 Qui
847 2485 928 2516 dicit
958 2497 989 2516 se
1022 2487 1055 2516 in
1085 2486 1214 2517 Christo
1244 2498 1385 2527 munere,
1417 2487 1503 2518 debet
1532 2489 1690 2529 quomodo
1720 2488 1771 2519 ille

117 2537 296 2569 ambulavit
320 2542 347 2568 et
369 2538 440 2578 ipse
464 2536 643 2568 ambulare.
690 2537 777 2578 Ergo
802 2535 948 2568 Christus
973 2537 1106 2568 daturus
1130 2539 1320 2578 sanguinem
1345 2549 1440 2569 suum
1465 2550 1522 2580 pro
1548 2539 1649 2571 salute
1673 2541 1771 2571 totius

117 2588 225 2620 mundi
250 2589 384 2620 intravit
400 2588 603 2619 Hierusalem
627 2599 700 2619 cum
724 2588 838 2628 turbis,
863 2599 946 2630 quae
971 2589 1207 2630 praecedebant
1231 2597 1261 2620 et
1284 2601 1367 2632 quae
1391 2591 1611 2632 sequebantur
1635 2590 1771 2622 claman-

228 2666 256 2693 α’)
280 2666 416 2698 perfidiam
441 2668 462 2691 l.

225 2736 252 2770 1)
276 2737 322 2762 De
345 2737 417 2763 cath.
442 2737 509 2763 eccl.
532 2738 601 2764 nuit.
625 2740 639 2769 ξ
665 2739 720 2772 21,·
743 2737 782 2770 cs.
809 2738 948 2772 Cypriani
972 2737 1066 2772 Opera
1084 2747 1115 2772 p.
1135 2738 1204 2764 229.
1280 2738 1309 2773 2)
1333 2739 1475 2765 Lambaclz
1500 2739 1527 2764 in
1552 2740 1668 2765 Austria
1691 2748 1769 2772 supe-

118 2786 202 2820 riore,
226 2787 273 2813 ubi
295 2788 454 2814 coenobium
477 2789 656 2822 condida-rat,-
680 2789 717 2822 cf.
743 2789 880 2815 Bernoldi
903 2789 966 2816 Chr.
990 2799 1019 2823 p.
1038 2789 1107 2815 450.
1223 2790 1253 2821 3)
1278 2790 1310 2816 L.
1335 2790 1415 2822 VIII,
1439 2800 1462 2818 c.
1488 2790 1514 2822 4,
1540 2790 1595 2823 35‚-
1620 2790 1656 2823 cf.
1681 2799 1767 2824 snpra

115 2847 145 2872 p.
163 2839 233 2868 221,
322 2839 351 2872 4)
377 2840 466 2873 Epist.
490 2840 593 2866 Leonis
616 2841 654 2866 ad
680 2840 849 2872 anribium,
875 2850 897 2867 c.
927 2841 971 2872 16,
999 2840 1069 2875 Opp.
1096 2841 1118 2872 I,
1145 2842 1194 2868 col.
1223 2842 1300 2874 708‚-
1323 2842 1360 2874 cf,
1386 2842 1463 2874 infra
1487 2851 1510 2867 c.
1536 2842 1585 2868 43.

1788 638 1835 657 1011v
1847 639 1866 662 s,
1878 639 1912 657 44.

1788 790 1878 816 ‘p‚103.

1789 1049 1817 1067 ικ
1836 1049 1870 1070 56,
1882 1049 1900 1066 5.

1787 1570 1850 1588 1000.

1790 1776 1826 1794 ΡΒ.
1839 1776 1902 1799 10,1.

1792 2237 1825 2261 ¹1⁵.
1834 2239 1882 2257 104.

1793 2501 1810 2519 1Δ
1824 2500 1863 2518 loli
1883 2500 1902 2521 ἵ,
1913 2500 1932 2518 G.
