2101 3072
73 792 99 811 10

70 1050 96 1069 1⁵

66 1308 93 1327 20

65 1568 92 1588 2⁵

65 1827 93 1847 ³0

65 2133 92 2152 ³5

64 2363 92 2382 40

65 2593 93 2612 45

626 154 835 182 EPISTOLAE
859 155 909 181 DE
931 155 1121 182 PASCHALI
1146 157 1255 186 PAPA.
1701 157 1761 187 669

122 243 262 273 imitator
285 242 375 272 fieri²
399 243 590 273 mereretur!
635 242 727 273 Felix
745 244 872 274 vinctus
890 244 963 275 Iesu
981 244 1114 283 Christi,
1140 246 1211 276 cuib
1235 245 1311 278 licet
1334 247 1430 288 pedes
1453 254 1484 279 et
1507 259 1619 280 manus
1643 250 1761 280 etiamc

121 295 311 332 vinciantur,
335 293 467 324 verbum
492 294 623 324 tamend
647 295 779 325 Domini
803 307 965 338 nunquam
991 303 1059 327 este
1083 297 1258 338 alligatum.
1311 298 1373 337 Qui
1397 304 1502 331 autem
1529 299 1621 331 huius
1645 303 1761 342 capitis

121 346 310 378 menbrumr
340 356 409 376 esse
432 344 571 376 voluerit
600 347 697 387 capiti
727 357 784 377 suo
808 353 866 378 seg
889 347 985 378 debet
1015 349 1162 379 estimare
1193 351 1409 381 coniunctum.
1455 351 1589 393 Spectat
1617 353 1699 383 enirn
1729 353 1760 383 in

121 396 346 429 contumeliam
371 396 520 433 filiorum,
544 397 569 428 si
594 409 657 439 qua
681 399 825 439 patribus
849 399 1030 440 irrogeturh
1054 400 1178 432 iniuria.
1225 400 1297 431 Non
1321 403 1424 432 enimi
1445 409 1493 434 est
1509 405 1644 445 capitisk
1668 404 1761 435 huius

122 450 302 488 menbrum,
332 459 395 479 non
419 455 467 479 est
491 448 583 479 huius
607 450 707 490 patris
730 449 822 487 filius,
854 461 916 481 non
940 457 988 481 est
1010 450 1102 481 huius
1134 451 1263 492 prelati¹
1291 452 1449 493 subditus,
1481 456 1533 497 qui
1563 467 1626 486 non
1655 457 1760 495 sentit,

121 503 175 545 qui
199 512 262 532 non
287 500 443 540 condolet,
468 502 522 542 qui
546 500 716 532 insultatm.

191 603 523 653 [EXCUSATIOn
552 603 968 642 DISPENSATIONIS
996 605 1124 641 PAPE
1152 606 1250 643 PRO
1281 606 1536 645 CAPTIONE
1565 610 1690 658 SUA.]

225 672 396 715 Nunquam
420 671 545 702 felicius
575 672 613 702 ad
645 672 839 703 desiderium
871 684 976 703 meum
1001 674 1096 704 sortis
1119 673 1256 706 adverse
1280 675 1444 716 respondit
1467 678 1633 718 asperitas7
1665 689 1759 720 quam

119 735 190 755 cum
215 724 292 755 mihi
317 724 356 755 de
380 735 475 766 papa,
500 724 539 755 de
562 736 636 766 rege
660 729 712 755 et⁰
736 724 888 755 Romanis
912 724 1250 756 lamentatiunculamp
1275 728 1506 768 conscripsisti.
1559 729 1649 759 Adeo
1674 741 1760 760 nam-

119 787 181 819 que
205 787 265 814 me,
290 786 362 807 care
386 787 485 815 meus,
510 777 629 818 pagina
652 782 707 807 tua
730 776 821 807 nodis
845 776 1011 807 cuiusdam
1036 778 1237 809 necessitatis
1261 779 1454 810 astrinxerat
1464 785 1487 817 ⁴1,
1511 785 1554 818 ut,
1579 781 1604 811 si
1629 780 1667 810 ad
1692 782 1760 812 eius

119 828 257 869 primum
281 828 438 869 impetum
462 827 579 859 vellem
603 828 830 869 responderet,
854 833 930 858 auts
955 834 1070 868 tecum,
1094 828 1179 870 quod
1203 840 1266 860 non
1290 829 1414 871 vellem,
1438 842 1545 871 regem
1571 832 1758 863 Saxonum⁸

117 885 336 919 accusa1·em'¹‚
359 884 415 910 aut
437 885 549 910 contra
572 886 611 918 te,
637 879 722 921 quod
746 891 807 910 non
833 879 994 918 deberem,
1017 879 1103 910 illam
1121 880 1206 911 domi
1223 881 1363 924 forisque
1379 883 1577 913 notissimam
1587 890 1599 903 ⁸·
1623 885 1759 925 gratiam

116 931 287 963 lederemw
317 932 468 963 caritatis.
520 931 608 962 Inter
641 931 697 961 has
732 942 808 972 ergo
842 932 979 962 iactatus
1010 933 1185 972 angustias,
1217 944 1289 963 cum
1320 944 1379 965 nec
1411 940 1543 965 contra*
1573 935 1758 967 dominum1

117 988 206 1014 tuum
231 982 381 1014 ducerem
405 984 582 1020 assentiri¹,
614 994 672 1014 nec
698 990 828 1025 propter
849 984 989 1013 amicum
1016 982 1205 1014 honestumi*
1229 984 1375 1016 refellere
1399 986 1484 1028 quod
1513 986 1653 1026 dicebas,
1685 987 1760 1018 diuz

117 1046 244 1066 mecum
269 1034 346 1077 quid
370 1045 498 1076 agerem
524 1034 704 1066 sollicitusv
727 1035 930 1077 pertractavi.
969 1034 1020 1065 Ex
1045 1036 1261 1067 imminentis³
1284 1036 1413 1068 tandem
1439 1039 1604 1069 occasione
1627 1040 1760 1071 tristicie

116 1087 282 1118 materiam
314 1093 436 1128 nactus,
468 1087 512 1117 ita
542 1086 728 1118 domesticis
759 1088 945 1128 angariatus
976 1087 1130 1127 iniuriisb,
1162 1094 1196 1119 ut
1226 1088 1265 1119 de
1297 1088 1484 1120 criminibus
1515 1092 1666 1132 conqueri
1697 1102 1758 1121 non

116 1144 255 1179 vacaret,
278 1139 403 1170 interim
429 1137 530 1170 obtuli
553 1139 612 1170 tibi
636 1150 693 1180 pro
718 1140 927 1180 responsione
951 1138 1122 1170 silentium.
1176 1139 1239 1171 Sed
1271 1151 1343 1171 ecce
1368 1151 1439 1171 cum
1464 1142 1581 1172 veritas
1605 1143 1757 1184 aperitur,

115 1195 147 1222 et
162 1191 301 1232 erumpit
314 1191 369 1220 jue
385 1190 488 1221 lucem
510 1191 690 1221 canonumd
708 1191 823 1232 rigore,
849 1190 1018 1232 disciplina
1041 1191 1176 1231 iusticie,
1201 1192 1288 1223 scola
1305 1193 1474 1224 virtutum:
1498 1199 1529 1224 et
1548 1194 1725 1236 iniquitatis
1737 1195 1757 1234 f,

114 1243 140 1274 si
172 1254 235 1273 non
266 1242 458 1284 respondeo,
490 1247 521 1273 et
550 1241 658 1273 livoris
681 1248 764 1282 estg‚
796 1244 821 1273 si
851 1253 914 1273 non
944 1242 1072 1274 laudob.
1126 1243 1205 1275 Cum
1239 1255 1315 1285 ergo
1345 1244 1481 1275 fatorum
1511 1244 1562 1276 vel
1593 1245 1758 1287 paulisper

113 1295 228 1326 iniurie
252 1293 417 1333 siluerunt,
441 1298 473 1325 et
494 1295 576 1325 inter
598 1295 764 1335 angustias
786 1293 876 1325 licuit
898 1296 1068 1336 respirare,
1092 1296 1140 1327 eti
1161 1296 1278 1327 veritas
1294 1297 1363 1337 ipsa
1380 1307 1470 1327 suam
1489 1307 1616 1338 quoque
1633 1299 1760 1339 peragit

113 1347 313 1378 actionemk:
337 1352 369 1377 et
391 1347 515 1376 iusticie
539 1345 632 1376 simul
656 1357 775 1377 morem
799 1347 961 1388 gerimus¹
988 1352 1048 1378 et¹¹¹
1074 1347 1182 1386 Deo¹²;
1214 1353 1245 1378 et
1275 1354 1305 1378 te
1337 1359 1475 1390 quoque,
1505 1359 1599 1390 quem
1623 1349 1757 1380 forsitan

113 1398 390 1437 exacerbavimus,
421 1397 670 1439 complacemus.
715 1398 796 1437 Quis
828 1398 939 1430 fecerit
969 1404 1102 1440 strages,
1134 1399 1203 1441 quis
1234 1405 1365 1430 sancta⁰
1397 1399 1554 1441 polluerit,
1585 1401 1656 1442 quis
1688 1412 1758 1442 pro-

113 1450 304 1493 phanaverit
332 1454 569 1488 testamentum,
601 1456 631 1480 et
655 1460 726 1480 cum
752 1450 904 1491 superbia
927 1451 1143 1481 sanctuarium
1171 1450 1256 1482 Dein
1281 1451 1321 1482 sit
1344 1452 1518 1492 ingressus,
1550 1458 1627 1483 autp
1650 1453 1675 1483 si
1700 1453 1757 1484 hec

113 1503 272 1545 quispiam
304 1502 431 1540 fecerit,
469 1501 528 1532 hoc
560 1500 694 1532 obsecro
728 1500 819 1532 loeoq
851 1501 946 1533 liceat
979 1502 1056 1533 mihi
1091 1503 1254 1544 preterire.
1316 1502 1388 1542 Que
1423 1502 1548 1544 singula
1583 1515 1658 1534 sane
1692 1510 1756 1535 tam

113 1555 245 1596 copiose
268 1559 299 1585 et
322 1559 386 1585 tam
410 1551 607 1583 luculenterr
631 1552 797 1594 explanas,
829 1558 858 1584 et
885 1559 947 1584 tam
981 1553 1208 1585 solleinnibus⁵
1234 1555 1340 1585 vocis‘
1366 1560 1418 1585 tue
1450 1554 1588 1586 lacrimis
1619 1555 1757 1598 complo-

112 1608 200 1646 rasti,
232 1610 267 1637 ut
295 1611 424 1636 earumu
448 1615 498 1635 me
529 1615 655 1646 quoque
686 1603 818 1635 rivulisv
842 1606 994 1636 irrorares
1025 1611 1056 1636 et
1085 1607 1220 1636 invitum
1249 1611 1353 1637 tecum
1379 1617 1508 1649 raperes
1537 1609 1568 1638 in
1599 1608 1756 1649 querelas.

112 1658 204 1690 Licet
226 1657 380 1700 profecto,
403 1655 478 1688 licet
500 1655 594 1687 simul
618 1667 702 1698 pape
720 1656 912 1688 Paschalisw
936 1663 1039 1688 tecum
1065 1658 1216 1699 preconia
1239 1669 1301 1688 non
1326 1664 1440 1697 tacere,
1464 1664 1495 1689 et
1518 1670 1580 1690 non
1605 1671 1756 1691 accusare

113 1721 194 1752 quos
217 1720 300 1742 amo.
341 1709 445 1748 Quam
470 1707 606 1747 felicem,
632 1709 734 1739 sicut¹
757 1709 833 1749 ais²‚
856 1720 973 1750 papam
992 1709 1177 1740 Paschalem
1189 1715 1220 1750 W,
1244 1710 1298 1751 qui
1322 1709 1439 1751 gradus
1463 1716 1522 1741 acy
1546 1712 1684 1742 nominis
1708 1713 1756 1742 sui

113 1763 160 1793 sic
184 1761 323 1792 obtinuit
344 1761 557 1797 sanctitatem,
582 1766 617 1791 ut
641 1760 747 1802 quodz
772 1765 802 1791 et
825 1761 963 1791 nominis
981 1761 1060 1791 ratio
1082 1760 1265 1801 designaret
1288 1766 1319 1792 et
1342 1772 1381 1792 ex
1406 1761 1503 1792 officii
1525 1773 1645 1794 canone
1670 1774 1756 1794 man·

113 1814 244 1845 daretur
266 1823 367 1855 usque
391 1812 430 1842 ad
455 1812 643 1853 sanguinem
670 1816 701 1842 et
724 1811 860 1843 docerea
885 1817 915 1842 et
938 1812 1043 1843 facere
1067 1823 1129 1843 non
1153 1814 1288 1851 timeret,
1320 1812 1507 1844 benedictus
1532 1814 1642 1845 Iesush
1668 1814 1757 1846 Chri-

112 1870 190 1905 stus,
215 1866 269 1907 qui
293 1865 339 1896 sic
363 1864 503 1895 nondum
527 1864 700 1894 christiane
723 1869 848 1894 castrac
873 1863 982 1905 militie
1005 1864 1088 1895 inter
1111 1864 1249 1895 hostium
1273 1875 1394 1895 cuneos
1411 1864 1610 1907 dereliquitd,
1634 1871 1668 1897 ut
1691 1877 1754 1897 non

112 1918 158 1949 eis
180 1918 294 1948 fortem
318 1915 470 1948 athletam
502 1921 533 1946 et
564 1915 679 1946 ducem
711 1916 866 1956 optimum
892 1915 1084 1957 provideret.
1129 1916 1200 1946 Non
1225 1916 1440 1947 scortabiture
1464 1917 1495 1947 in
1520 1917 1617 1948 Israel
1642 1919 1754 1949 Amor-

112 1969 216 2007 reusf‚
246 1974 278 2000 et
306 1968 345 1999 de
375 1968 491 1998 sortis&
514 1966 612 1998 electe
637 1978 711 2008 pars
733 1967 863 1997 inimica
886 1967 1020 2009 spoliish
1043 1978 1105 1998 non
1129 1967 1296 2008 gaudebit,
1329 1969 1403 1998 dum
1428 1968 1522 2000 Iosue
1555 1970 1655 2000 nostri
1685 1981 1753 2012 per-

111 2021 259 2063 vigilabit
283 2020 442 2051 instantia.
488 2019 595 2050 Stabit
624 2019 664 2049 ad
695 2019 763 2050 eius
794 2018 886 2049 nobis
916 2019 999 2050 fixus
1031 2019 1078 2049 ini
1106 2019 1213 2050 ethere
1237 2019 1283 2050 sol
1307 2020 1487 2051 indefessus
1511 2022 1693 2063 imperium,
1723 2028 1753 2053 et

223 2126 251 2151 a}
272 2134 329 2150 esse
351 2125 383 2149 B.
479 2125 505 2155 b)
528 2133 586 2149 curu
608 2124 632 2148 2.
721 2132 746 2149 c»
767 2124 837 2148 dees!
861 2126 882 2149 1.
973 2125 1000 2148 d!
1022 2129 1107 2149 autern
1131 2125 1154 2149 2,
1250 2134 1274 2149 v·
1296 2128 1345 2151 erit
1368 2129 1388 2151 1.
1478 2128 1498 2152 st
1520 2135 1577 2151 esse
1599 2128 1705 2152 membr.
1727 2128 1751 2153 2.

112 2172 142 2204 g)
163 2163 242 2196 dehet
261 2180 288 2196 se
309 2171 341 2195 B.
436 2171 465 2195 h>
487 2171 614 2202 ingeritur
633 2169 723 2194 d'Ach.
746 2170 784 2194 ed.
807 2170 851 2194 alr,
947 2171 965 2200 i)
987 2171 1056 2195 dees!
1079 2173 1101 2195 1.
1124 2171 1155 2195 B.
1255 2173 1283 2199 kt
1304 2173 1328 2197 hi
1351 2181 1408 2204 cap.
1430 2173 1462 2197 B.
1556 2174 1577 2204 l)
1599 2173 1707 2205 prelatis
1728 2174 1751 2197 2.

112 2220 149 2249 m)
169 2225 223 2242 non
243 2218 354 2242 insultat
373 2218 398 2241 2.
485 2217 512 2247 n]
535 2216 669 2248 inscriptio
690 2219 792 2240 lantum
814 2216 838 2239 in
864 2218 886 2240 1.
973 2225 1000 2242 Or
1021 2217 1091 2241 dees!
1116 2219 1135 2240 l⁴
1159 2219 1183 2241 2.
1272 2223 1299 2250 p)
1321 2221 1435 2244 lamente
1456 2220 1564 2244 vincula
1585 2220 1613 2249 23
1635 2221 1753 2244 lamenta

112 2264 243 2296 quaedam
265 2263 296 2288 Β.
411 2264 438 2295 q)
464 2263 544 2287 adstr.
565 2262 599 2287 B.
714 2262 736 2293 r)
763 2263 923 2294 respunderv
945 2263 969 2286 2.
1083 2270 1106 2286 s!
1133 2264 1203 2294 apud
1224 2268 1249 2288 tc
1271 2270 1309 2289 est
1330 2265 1367 2295 B;
1396 2266 1465 2298 apud
1486 2269 1511 2290 te
1533 2264 1624 2290 (I'Aclz.
1647 2266 1685 2290 ecl.
1708 2267 1752 2290 alt.

111 2308 134 2343 t)
155 2318 299 2335 saxsonum
321 2310 345 2333 2.
439 2317 465 2338 u)
488 2317 613 2333 accusare
634 2309 658 2332 2.
680 2308 712 2332 Β.
801 2315 829 2332 v»
850 2309 920 2333 deest
941 2308 973 2333 B.
1062 2310 1097 2340 w)
1119 2310 1214 2338 ledere,
1235 2311 1339 2336 laedere
1361 2312 1383 2336 2.
1406 2312 1438 2336 B.
1527 2312 1555 2343 x)
1576 2314 1705 2337 assentari
1730 2314 1752 2336 1.

111 2354 203 2381 d‘Ach.
225 2356 264 2380 ecl.
287 2355 332 2380 alt.
444 2356 472 2387 y)
498 2355 664 2379 honestatum
687 2356 711 2378 2.
823 2358 847 2385 z)
875 2355 982 2386 longum
1004 2355 1034 2385 23
1061 2356 1166 2387 longius
1192 2356 1225 2381 Β,
1246 2356 1336 2381 τΓΑι-Ιι,
1359 2357 1398 2383 ed.
1421 2358 1466 2382 alt.
1581 2364 1608 2384 a>
1632 2359 1705 2384 imin.
1727 2359 1752 2383 2.

111 2402 140 2434 b)
162 2402 291 2434 angustiis
311 2400 401 2428 d'Ach.
423 2401 462 2425 ed.
484 2401 529 2426 als.
617 2402 641 2430 e)
661 2402 688 2424 in
709 2401 760 2425 luc.
782 2409 830 2425 om.
852 2402 876 2424 2.
963 2401 989 2431 d)
1013 2403 1157 2426 canonicus
1178 2403 1202 2426 2.
1223 2402 1314 2427 d'Aclci
1337 2403 1377 2428 ed.
1399 2404 1442 2429 alt,
1529 2405 1555 2435 e)
1577 2405 1652 2436 vigor
1673 2406 1696 2428 2.
1719 2405 1751 2430 Β.

112 2449 134 2479 f)
155 2453 195 2473 est
214 2448 278 2473 add.
299 2448 337 2477 B;
358 2451 447 2471 tamen
470 2448 493 2472 2.
551 2451 580 2479 g)
602 2451 641 2471 est
661 2447 730 2471 deese
751 2447 809 2471 edd.
868 2447 893 2477 h)
917 2447 1040 2471 collaudo
1062 2448 1094 2472 B.
1116 2447 1206 2473 d'Aeh.
1229 2449 1268 2473 ed.
1284 2450 1330 2474 alt.
1389 2451 1408 2475 i)
1429 2450 1498 2474 deest
1519 2451 1542 2475 2.
1601 2451 1628 2481 k)
1651 2452 1751 2482 pactio>

112 2503 172 2519 nem
196 2496 218 2519 1-
294 2494 313 2524 1)
332 2502 454 2526 geramus
478 2495 500 2518 l.
521 2495 546 2518 2.
616 2499 653 2520 m)
675 2498 701 2517 et
721 2493 798 2521 deest,
820 2493 934 2517 Domino
958 2495 980 2518 l.
1004 2494 1026 2517 ⁵2.
1048 2493 1138 2518 (ὶἈεΙι.
1160 2495 1200 2519 ed.
1222 2495 1268 2520 alt.
1343 2501 1371 2525 n)
1392 2496 1462 2521 deest
1483 2497 1506 2521 2.
1528 2496 1560 2521 Β.
1629 2499 1655 2527 ο)
1677 2504 1751 2521 sacra

113 2539 204 2565 d'Ack.
226 2540 266 2565 ed.
287 2540 332 2564 alt.
409 2544 438 2572 p)
460 2547 490 2564 ac
513 2541 535 2564 1.
611 2540 637 2572 q)
661 2539 730 2563 dees-t
756 2541 776 2562 l.
859 2547 880 2569 r)
904 2539 982 2563 loeul.
1005 2540 1028 2563 2.
1110 2541 1135 2567 s)
1155 2541 1319 2566 sollennibus
1341 2544 1364 2566 1.
1446 2542 1468 2571 t)
1490 2544 1547 2567 voci
1570 2543 1593 2569 2.
1670 2546 1698 2571 u)
1719 2552 1750 2567 ex

113 2594 201 2611 earum
224 2588 248 2611 1.
346 2588 371 2617 v)
394 2586 492 2610 rivulus
515 2587 538 2610 ⁵2,
638 2591 671 2610 wi
693 2586 792 2617 pascal.
815 2586 838 2609 ’2.
942 2586 970 2611 x]
991 2587 1029 2609 sic
1050 2586 1141 2610 (ΖἈσΙι.
1164 2587 1204 2611 ειί.
1227 2588 1271 2612 alc.
1370 2590 1397 2620 y)
1419 2592 1444 2613 et
1467 2590 1488 2613 1.
1593 2589 1618 2613 Ζ”1
1640 2597 1704 2622 quos
1728 2591 1749 2613 1.

113 2632 138 2664 a)
162 2636 188 2657 et
206 2633 293 2657 facere
315 2636 340 2656 et
360 2633 418 2657 doc.
443 2634 463 2657 Ι.
571 2633 598 2656 b!
625 2631 678 2656 chr.
700 2632 749 2655 Ics.
774 2633 796 2655 l.
903 2636 930 2661 c)
955 2632 1007 2655 mil.
1034 2636 1121 2656 castra
1144 2634 1167 2657 1.
1275 2634 1303 2661 d)
1330 2634 1488 2667 derelinquit
1508 2634 1541 2658 B.
1649 2636 1674 2665 e]
1696 2639 1751 2660 so‘r-

111 2679 211 2703 tabitur
232 2679 255 2702 2.
340 2678 360 2708 f)
381 2686 455 2703 amor
476 2679 531 2702 eius
553 2679 576 2702 2.
597 2678 630 2702 B.
652 2677 743 2702 d‘Aclz.
765 2678 804 2702 ed.
827 2678 871 2701 all.
956 2683 985 2709 g»
1006 2678 1076 2702 deest
1100 2680 1120 2703 1.
1206 2679 1233 2710 h)
1257 2680 1347 2712 spoliis
1363 2685 1424 2712 pos!
1445 2681 1527 2705 electe
1549 2681 1582 2705 B.
1671 2683 1688 2711 i)
1710 2682 1750 2706 sol

111 2725 139 2749 in
159 2724 247 2749 ethere
271 2726 293 2748 l.

222 2821 248 2857 1)
273 2822 435 2848 Heinricum
459 2822 488 2848 1³.
577 2822 605 2856 ⁶2)
631 2822 660 2848 V.
683 2831 768 2856 snpra
790 2831 819 2855 p.
839 2822 907 2849 1368.
