2132 3067
66 735 93 754 1⁰

66 992 93 1011 15

66 1517 93 1535 20

65 1809 92 1828 25

64 2162 90 2181 30

63 2429 91 2448 85

64 2784 92 2803 ⁴0

582 173 633 200 VI.
667 174 718 200 DE
740 174 840 201 LEGE
861 175 1288 206 EXCOMMUNICATIONIS.
1699 179 1755 210 101

112 260 184 302 ipso
207 259 386 302 opitulante
409 271 562 302 umquam
592 261 830 301 erubescemus,
861 265 915 305 qui
940 265 971 295 in
995 266 1163 307 euangelio
1188 278 1222 298 se
1245 266 1284 299 de
1308 267 1360 299 illo
1384 268 1585 300 erubiturum
1609 269 1760 312 predixit,

113 311 300 354 quicunque
322 312 427 353 ipsum
452 313 585 354 eiusque
609 324 772 345 sermones
796 325 903 345 coram
930 316 1114 348 hominibus
1139 318 1310 350 erubuerit.
1356 319 1416 350 His
1441 331 1570 362 quoque
1595 322 1760 353 sententiis

112 368 144 394 et
165 374 223 394 vos
245 364 401 394 assentire
425 363 574 395 obtamus
598 364 772 407 Deumque
795 367 884 407 pacis
907 372 938 398 et
960 367 1076 406 solatii,
1100 374 1134 399 ut
1158 368 1211 400 det
1232 369 1325 400 vobis
1348 370 1490 412 idipsum
1515 382 1627 414 sapere
1654 372 1761 404 nobis-

113 425 198 454 cum,
220 415 319 445 immo
343 425 416 446 cum
440 416 559 446 sanctis
583 415 739 457 patribus,
767 417 986 449 indesinenter
1009 429 1170 460 rogamus.
1207 420 1271 451 Sed
1295 422 1378 452 inter
1401 422 1481 454 haec
1504 425 1611 454 onmia
1635 425 1760 464 caritas,

113 477 197 509 quae
225 477 289 497 non
319 467 463 497 irritatur
492 477 552 498 nec
582 468 709 509 quaerit
739 479 820 510 quae
852 480 909 500 sua
939 476 1023 505 sunt,
1053 482 1112 502 nec
1143 482 1295 513 umquam
1327 474 1454 513 excidit,
1483 474 1617 506 multum
1641 487 1698 506 nos
1722 475 1761 507 de

112 523 221 550 vestra
251 517 352 549 salute
382 517 539 549 sollicitos
568 519 655 550 facit.
713 519 838 551 Scimus
869 522 963 561 enim,
996 521 1090 553 beato
1120 523 1238 554 Iacobo
1269 530 1476 565 protestante,
1505 527 1579 567 quia
1614 527 1761 558 amicicia

112 569 207 601 huius
230 569 342 600 mundi
365 570 498 601 inimica
520 575 568 600 est
588 569 662 610 Dei,
687 576 719 602 et
741 572 938 614 quicumque
961 572 1099 604 voluerit
1125 575 1246 604 amicus
1270 585 1339 606 esse
1363 575 1456 606 huius
1480 576 1589 616 seculi,
1613 578 1760 608 inimicus

114 621 322 652 constituitur
344 621 418 653 Dei.
466 621 561 653 Unde
584 621 636 652 ille
660 621 849 664 discipulus,
883 634 977 665 quem
1002 624 1158 666 diligebat
1180 625 1281 664 Iesus,
1305 626 1417 657 hausto
1442 628 1573 659 consilio
1597 629 1636 660 de
1660 630 1760 670 ipsius

113 672 268 704 dominici
291 673 430 715 pectoris
454 673 592 704 archano
616 673 767 705 informat
789 685 847 705 nos
871 675 931 706 ita:
958 675 1077 714 Nolite,
1101 677 1215 719 inquit,
1239 677 1375 718 diliqere
1398 679 1555 710 *mundum
1584 692 1684 722 neque
1712 692 1760 721 ea,

113 737 198 768 quae
219 726 257 756 in
280 725 402 756 mundo
425 730 510 756 sunt.
556 725 597 756 Si
620 725 693 766 quis
714 725 827 767 diliqit
847 727 1015 766 mundum,
1039 739 1104 759 non
1129 733 1173 759 est
1197 729 1321 759 caritas
1337 729 1448 760 Patris
1472 731 1507 760 in
1531 742 1582 769 eo;
1606 733 1760 773 quoniam

114 788 214 817 omne,
245 776 331 818 quod
359 781 404 807 est
430 777 467 808 in
497 776 629 816 mundo,
660 779 926 819 concupiscentia
949 781 1061 809 carnis
1091 784 1144 817 est,
1176 785 1204 810 et
1234 782 1497 821 concupiscentia
1529 782 1703 821 oculorum,
1733 788 1760 814 et

113 827 269 870 superbia
291 829 389 868 vitae,
412 839 495 870 quae
518 839 585 859 non
609 832 653 858 est
677 840 698 859 a
718 828 826 869 Patre,
849 831 905 861 secl
929 841 968 860 εκ
992 831 1120 861 mundo.
1165 829 1207 860 Et
1230 831 1373 861 mundus
1396 833 1517 862 transit
1541 838 1568 862 et
1591 835 1761 874 concupis·

114 881 223 911 centia
242 881 332 918 eius;
356 881 414 922 qui
436 884 542 910 autem
553 880 646 920 facit
664 878 859 912 voluntatem
876 881 950 921 Dei,
973 887 1082 913 manet
1104 883 1139 912 in
1164 886 1316 912 eternum.
1355 882 1466 913 Filiolz‘
1482 885 1561 913 mei!
1584 886 1760 915 novissima

113 931 197 962 lzo‘ra
220 936 273 970 est,
297 936 325 962 et
346 935 429 962 totus
451 931 595 962 mundus
619 932 655 962 in
680 931 825 974 wzaliyno
846 934 975 973 positus
998 938 1051 964 est.
1108 932 1198 963 Haec
1221 933 1329 964 omnia
1351 943 1408 963 vos
1433 934 1552 975 optime
1576 936 1676 966 nostis
1699 946 1760 966 nec

112 981 155 1013 ad
178 981 256 1014 haec
276 982 471 1013 insinuanda
493 986 603 1014 nostra
625 982 780 1014 relatione
804 983 966 1025 indigetis.

217 1034 383 1075 Rogamus
405 1040 513 1066 autem
530 1045 588 1065 vos
605 1035 637 1065 in
653 1034 806 1076 Domino,
830 1042 864 1066 ut
887 1036 1100 1067 eruditionem
1121 1042 1261 1066 vestram
1279 1035 1320 1066 ad
1337 1035 1471 1067 salutem
1489 1037 1614 1068 animae
1637 1042 1761 1068 vestrae

113 1084 269 1117 studeatis
297 1096 458 1126 exercere,
486 1096 547 1117 nec
574 1085 657 1118 hanc
681 1087 790 1125 vitam,
820 1098 902 1129 quae
930 1088 1098 1129 temptatio
1122 1092 1170 1118 est
1194 1094 1223 1118 et
1248 1098 1349 1128 vapor
1378 1087 1419 1119 ad
1448 1088 1609 1119 modicum
1633 1099 1760 1130 parens,

112 1138 194 1169 tanti
216 1137 377 1179 pendatis,
401 1142 436 1168 ut
457 1137 609 1178 futuram,
634 1149 717 1180 quae
742 1144 870 1169 eternae
893 1138 1055 1170 felicitatis
1080 1145 1136 1178 est,
1160 1139 1330 1170 infeliciter
1352 1139 1517 1180 ‘perdatis

769 1431 1019 1468 LIBELLUS
1048 1432 1112 1467 VI.

464 1502 543 1542 DE
575 1501 731 1543 LEGE
766 1501 1364 1544 EXCOMMUNICATIONI

163 1634 166 1636 q
218 1594 360 1625 Easdem
391 1606 459 1634 res,
490 1607 571 1637 quas
600 1596 637 1626 in
665 1595 783 1626 libellis
814 1595 876 1626 III.
901 1594 955 1625 IV.
985 1594 1014 1624 V.
1042 1595 1288 1636 disputaverat,
1327 1595 1516 1627 Ber-ualdus
1545 1595 1661 1626 eisdem
1681 1596 1758 1636 fere

113 1647 317 1687 argumentis
339 1646 398 1677 hoc
422 1658 547 1689 quoque
569 1646 674 1678 libello
697 1651 825 1678 tractat.
867 1646 966 1682 Quem
989 1659 1061 1677 cum
1086 1648 1120 1677 in
1145 1647 1251 1678 codice
1273 1647 1302 1677 9.
1326 1646 1463 1688 epistola
1488 1647 1532 1677 ad
1548 1647 1759 1678 Adalbertum

108 1698 337 1738 praepositum
367 1697 587 1729 Nemetensem
617 1699 814 1740 praecedat,
844 1704 919 1740 post
954 1710 984 1729 a.
1011 1698 1100 1729 1086.
1129 1699 1287 1738 scriptum
1323 1710 1388 1729 esse
1421 1709 1542 1737 censeo,
1577 1710 1649 1729 cum
1688 1698 1758 1729 Otto

112 1748 340 1780 schismaticus
363 1749 516 1781 ecclesiae
540 1749 812 1792 Strassburyensi
834 1755 1007 1790 praeesset,
1031 1749 1086 1780 sed
1110 1754 1143 1780 ut
1168 1761 1232 1780 non
1257 1755 1328 1790 post
1353 1751 1435 1781 diem
1460 1750 1509 1781 30.
1529 1750 1614 1780 Maii
1640 1750 1758 1780 mensis

112 1812 143 1831 a.
161 1800 252 1832 1089.
276 1802 472 1843 compositus
494 1803 546 1841 sit,
570 1802 646 1832 inde
669 1802 826 1843 sequitur,
851 1802 936 1842 quod
960 1806 1025 1831 tum
1050 1802 1116 1831 iam
1138 1801 1356 1832 Barchardus
1377 1803 1615 1842 praepositura
1634 1801 1758 1832 Strass-

111 1852 269 1894 buryensi
281 1850 486 1894 fmiyeretur
497 1858 518 1882 1.

217 1904 272 1935 Ad
294 1904 454 1935 edendum
477 1915 549 1935 eum
572 1905 698 1936 codices
722 1906 750 1936 6.
775 1910 802 1934 et
826 1905 855 1935 9.
880 1903 1029 1942 adhibui,
1054 1905 1108 1935 cui
1131 1908 1237 1934 tamen
1260 1904 1317 1934 sul}
1333 1904 1435 1943 finem
1459 1904 1560 1934 *multa
1583 1904 1709 1934 desunt.

1386 1505 1392 1515 1

1368 1502 1395 1544 ΓΙ)

517 2026 588 2062 DE
616 2025 755 2061 LEGE
784 2024 1349 2062 EXCOMMUNICATIONIS.

215 2101 358 2134 Domino
382 2113 420 2134 ac
443 2103 630 2134 cautissimo
655 2102 850 2145 apostolicae
874 2103 1073 2133 auctoritatis
1101 2101 1302 2143 astipulatori
1325 2100 1500 2132 Adelberto
1526 2100 1753 2142 Argentinensi

111 2154 286 2196 preposito,
315 2165 380 2185 non
410 2160 474 2186 tam
504 2160 614 2185 mente
645 2165 740 2196 quam
765 2165 899 2195 corpore
922 2159 1040 2196 supera
1065 2152 1143 2184 ollas
1174 2154 1316 2184 carnium
1340 2152 1462 2194 Egypti
1487 2152 1650 2193 collocato,
1680 2152 1754 2182 Ber-

110 2204 224 2236 naldus
247 2207 418 2248 presbyter
441 2207 561 2237 utinam
586 2205 654 2237 solo
678 2216 812 2248 corpore
836 2205 994 2236 infirmus.

215 2265 297 2298 Cum
327 2278 432 2309 nuper
462 2267 632 2298 nobiscum
660 2267 783 2305 essetis,
815 2268 923 2297 omnia
953 2271 1072 2297 statuta
1103 2271 1285 2296 sanctorum
1316 2265 1532 2295 Romanorum
1566 2262 1753 2305 pontificum

110 2316 179 2348 sive
209 2318 419 2350 conciliorum
447 2319 540 2350 vobis
570 2318 697 2361 placere
726 2319 938 2349 monstrastis.
992 2317 1085 2349 Unde
1108 2317 1179 2348 Deo
1203 2316 1379 2357 condignas
1403 2322 1509 2357 grates
1534 2315 1662 2346 refferre
1690 2324 1753 2344 non

111 2368 299 2411 sufficimus,
323 2371 431 2413 quodb
455 2370 548 2402 vobis
571 2372 603 2401 in
627 2376 692 2401 tam
718 2370 897 2412 periculoso
925 2375 1069 2410 tempore
1099 2380 1174 2400 suae
1206 2367 1285 2409 legis
1315 2379 1457 2399 amorem
1483 2367 1667 2408 inspiravit3
1699 2365 1752 2407 qui

110 2419 303 2452 Danielem⁰
334 2433 408 2453 cum
439 2423 558 2453 sociisd
590 2423 655 2453 suis
684 2423 716 2452 in
740 2421 930 2452 Babilonica
959 2421 1192 2462 persecutione,
1222 2431 1260 2450 ne
1290 2426 1426 2450 statuam
1459 2418 1754 2449 Nabuchodonosor

109 2471 291 2513 adorarent,
315 2473 520 2506 confortavit.
565 2473 645 2504 Erat
668 2480 775 2504 tamen
798 2472 918 2515 aliquid
942 2472 1070 2503 adhuce
1096 2471 1181 2513 quod
1200 2483 1254 2501 vos
1272 2477 1423 2509 moveret,
1448 2470 1606 2506 videlicet,
1631 2469 1656 2498 si
1681 2467 1753 2498 sub-

109 2522 213 2555 iectus
236 2535 270 2556 se
293 2525 522 2567 quoquomodo
554 2525 593 2556 de
624 2524 809 2556 obedientia
838 2524 1012 2566 superioris
1045 2523 1212 2565 potcstatis
1235 2533 1390 2553 excusare
1414 2527 1532 2563 posset,
1562 2522 1587 2550 si
1613 2519 1752 2550 infcriori

110 2576 263 2616 potestati
287 2575 448 2609 obediret:
473 2577 559 2608 unde
581 2576 674 2607 vobis
699 2575 814 2607 multas
837 2576 978 2606 rationes
1001 2580 1031 2605 et
1055 2574 1203 2615 exempla
1227 2580 1409 2604 sanctorum
1434 2580 1559 2614 patrum
1584 2571 1659 2602 dare
1684 2581 1753 2611 pos-

221 2682 247 2711 a)
268 2689 326 2714 sup.
347 2681 392 2707 oll.
413 2690 495 2714 super
514 2690 613 2706 rasura
633 2682 658 2705 9.
734 2681 761 2709 b)
785 2682 828 2713 qui
849 2681 874 2705 9.
951 2682 974 2711 c)
997 2684 1022 2703 et
1041 2679 1198 2703 Danilielem
1221 2679 1244 2702 6.
1321 2678 1346 2703 d]
1370 2679 1458 2702 sociiis
1480 2677 1504 2700 6.
1591 2684 1613 2699 (¹1
1637 2676 1706 2699 dces!
1727 2677 1750 2697 θ.

219 2777 246 2811 l)
279 2778 322 2811 Cf.
345 2779 536 2813 fragmentum
573 2779 697 2813 cacaloqi
726 2779 949 2812 praepositorum
981 2776 1256 2810 Serasshuryensiam
1291 2775 1317 2800 ιἰι
1354 2776 1451 2801 Gallia
1486 2774 1638 2800 christiam
1673 2776 1690 2797 l.
1722 2772 1748 2797 1⁷v

111 2827 162 2853 col.
180 2827 257 2861 822,·
280 2829 483 2865 Straseburyer
509 2830 730 2858 Urkundenbuch
755 2835 773 2857 t.
791 2831 815 2862 Ι,
836 2839 866 2863 p.
884 2829 922 2854 49
947 2838 986 2863 sq-

1783 422 1860 442 reor.
1872 423 1905 446 18,

1811 452 1861 471 5.8.

1782 537 1883 560 iac.4‚4.

1783 678 1789 694 1
1812 676 1859 695 Iob.
1872 678 1890 697 22,

1797 706 1888 724 15)-ΙὲΔ

1781 895 1809 913 ib.
1822 895 1841 915 5),
1854 896 1885 912 19.

1781 1102 1905 1125 Iac 4,15.

1781 1150 1808 1169 Ἴ.
1822 1152 1841 1169 ιῑ.

1775 2162 1844 2180 fzxod.
1859 2163 1923 2185 ιῡ,3.
