2132 3067
520 141 706 169 EPISTOLA
730 141 872 169 UGONIS
896 141 1130 169 CARDINALIS
1155 142 1204 169 IV.
1230 142 1263 169 V.
1661 141 1722 170 400

75 234 204 264 hereses
221 231 456 263 renovantem?
491 231 688 262 Ieronimus:
711 231 897 271 Nonfacit,
914 231 1048 273 inquit1,
1065 231 1261 263 sacerdotem
1278 232 1446 272 cathedra,
1463 232 1519 263 secl
1535 232 1723 264 cathedram
1746 246 1808 266 10:⁷18.

75 284 232 316 sacerdos.
279 283 321 314 Et
345 293 470 313 rursus:
497 281 563 318 Qui
586 283 678 321 male,
709 283 844 324 inquit¹‚
875 283 1003 322 sederit,
1033 284 1193 314 iniuriam
1213 282 1306 324 facit
1329 283 1511 314 cathedrae.
1557 284 1723 326 Numquid

76 343 123 367 est
147 346 228 377 opus
250 340 440 365 accusatore
464 335 496 365 in
521 333 619 372 illum,
651 335 705 375 qui
737 340 768 365 et
798 333 888 365 factis
918 340 948 365 et
978 334 1105 375 scriptis
1130 345 1164 365 se
1187 339 1319 365 accusat
1343 335 1460 366 cotidie
1484 341 1515 366 et
1537 347 1570 367 se
1594 335 1723 367 demon-

75 392 174 419 strat*
197 397 216 417 a
238 386 301 417 fide
333 385 490 417 catholica
521 385 666 416 funditus
697 396 803 416 errare
834 390 865 417 et
895 386 926 416 in
956 385 1162 426 generalibus
1194 385 1337 416 conciliis
1369 385 1495 427 perdita
1525 387 1628 418 fronte
1659 398 1722 418 non

46 452 58 471 5
77 439 193 470 desinit
222 437 350 469 hereses
381 436 587 468 multimodas
619 436 811 478 predicare?
855 436 1021 478 Numquid
1052 437 1224 478 acephalus
1256 437 1411 468 dicendus
1440 444 1497 476 est,
1530 439 1585 480 qui
1616 439 1722 481 capud

76 489 259 522 huiusmodi
281 500 300 520 a
323 500 356 520 se
374 488 508 530 repellit,
532 489 586 531 qui
603 488 766 520 Christum
792 494 822 519 et
845 487 1033 519 aecclesiam
1052 489 1241 520 catholicam
1260 489 1400 520 heretico
1418 490 1589 531 preponit'?
1627 491 1725 521 Num-

77 542 152 585 quid
178 540 337 572 Eusebius
362 540 552 582 acephalum
570 551 603 571 se
621 540 770 579 ostendit,
795 541 860 582 qui,
884 539 1004 570 nullum
1022 541 1161 582 primum
1181 541 1240 570 nisi
1259 540 1421 572 Christum
1440 552 1587 583 sequens,
1612 543 1722 584 iugum

76 593 196 625 Liberii
226 592 363 624 fideliter
393 598 424 623 et
454 592 577 623 fortiter
600 604 618 622 a
642 592 768 623 cervice
792 603 850 622 sua
873 591 1012 633 repulit?
1057 592 1145 623 Haec
1177 592 1302 623 caritati
1333 598 1461 623 vestrae
1492 593 1630 625 scribere
1661 605 1724 625 non

77 646 116 677 ab
141 656 174 676 re
198 645 358 683 estimavi,
390 644 451 675 neb
476 644 523 674 ira
547 643 597 674 vel
621 643 694 674 odio
725 643 764 674 ad
797 648 885 674 tanta
914 643 1043 685 negotia
1075 644 1249 685 impulsum
1282 655 1332 674 mc
1365 644 1512 685 credatis,
1545 656 1617 676 cum
1649 657 1724 687 sepe

32 709 57 729 ιο
77 696 154 727 mihi
186 702 263 738 per‘²
294 707 328 727 se
358 696 465 737 ipsum
497 695 642 726 diversos
674 694 810 726 honores
838 696 1043 736 proposuerit
1067 702 1097 726 et
1120 695 1326 736 episcopatus
1350 696 1537 726 nominatim
1563 696 1725 739 optulerit,

76 748 132 780 sed
162 748 267 789 gratia
298 747 359 778 Dei
392 747 598 789 preveniente
629 757 806 788 numquam
837 746 944 786 aliquo
976 747 1104 787 ingenio
1136 746 1267 777 verbum
1299 747 1358 778 Dei
1392 747 1490 788 ligare
1520 748 1569 779 vel
1600 748 1639 779 ab
1671 759 1725 779 ore

76 804 184 831 nostro
215 804 366 830 excutere
398 799 568 840 prevaluit.
614 797 740 829 Nullam
772 799 935 840 propriam
968 799 1143 839 repetimus
1174 799 1334 837 iniuriam,
1367 799 1575 830 cottidianam
1607 806 1724 838 autem,

76 852 173 882 immo
197 851 364 882 continuas
390 851 451 882 Dei
475 851 608 881 iniurias
633 850 716 881 ferre
739 849 807 881 zelo
832 849 905 881 fidei
931 861 988 891 pro
1014 849 1084 880 loco
1109 849 1206 880 officii
1231 861 1293 880 uon
1318 861 1499 891 possumus,
1528 862 1617 892 quas,
1650 852 1726 893 quia

76 903 281 945 nequivimus
312 903 494 943 emendare,
523 901 656 933 ulterius
686 901 795 933 videre
826 902 916 932 nefas
947 901 1172 941 iudicavimus,
1208 913 1246 932 ne
1278 903 1308 932 iu
1342 902 1441 933 oculis
1472 902 1612 933 fidelium
1646 902 1725 934 fides

29 966 56 986 15
75 954 282 997 periclitetur.
316 954 410 986 Unde
433 954 501 985 zelo
518 953 638 985 zelatus
655 953 799 995 prolege
817 953 949 984 Domini
973 953 1131 995 supplico,
1156 952 1290 984 obsecro
1316 953 1435 993 fideles,
1460 961 1493 985 ut
1517 955 1726 995 accingantur

76 1008 107 1037 in
139 1006 245 1048 gladio
270 1005 381 1037 vei-bid
404 1006 467 1037 Dei
496 1005 537 1036 ad
567 1004 807 1047 persequendos
839 1005 1024 1036 manifestos
1056 1010 1278 1046 persecutores
1309 1005 1393 1036 fidei.
1440 1005 1473 1037 Si
1498 1007 1569 1047 quis
1592 1006 1726 1037 Domini
1747 1011 1896 1049 fflmhgffl,

76 1065 133 1097 est,
156 1059 309 1100 iungatur
325 1059 365 1094 ei,
389 1063 420 1089 et
443 1059 526 1088 sicut
541 1058 639 1088 fuerit
654 1056 803 1088 voluntas
820 1058 851 1087 in
869 1056 967 1096 coelo,
992 1057 1038 1087 sic
1054 1057 1119 1087 fiat.
1167 1056 1200 1087 Si
1219 1057 1290 1098 quis
1308 1057 1422 1088 Finees
1439 1059 1557 1088 nostris
1574 1058 1725 1099 tempori-

77 1110 136 1141 bus
165 1109 280 1140 datuse
304 1116 361 1148 est,
392 1120 455 1140 non
487 1115 636 1151 expectet
667 1110 854 1140 societatem
888 1107 1110 1141 multitudinis.
1158 1107 1212 1139 Ille
1237 1107 1323 1139 solus
1346 1114 1376 1139 et
1400 1110 1468 1140 sine
1493 1120 1582 1140 mora
1605 1109 1725 1140 adulte·
1747 1106 1895 1155 ‘'‘·‡⁴'¹³¹¹';‚·'³⁵·

76 1167 201 1193 rantem
224 1161 388 1203 pugionef
411 1161 581 1192 transfodit
604 1172 668 1191 non
692 1161 877 1201 recogitans
902 1160 1043 1201 undique
1067 1160 1281 1191 circumfusos
1313 1161 1431 1200 hostes,
1463 1171 1533 1191 cum
1567 1161 1727 1192 occideret

30 1225 57 1244 2⁰
77 1213 172 1245 filiam
197 1214 353 1255 principis
376 1213 626 1244 Madianitarum
651 1218 682 1244 et
706 1223 778 1242 cum
804 1223 842 1243 ea
865 1212 997 1243 Zambri
1028 1211 1127 1242 tilium
1154 1211 1285 1242 Salomi.
1331 1212 1372 1243 Et
1404 1213 1479 1254 quia
1510 1212 1577 1243 zelo
1606 1212 1725 1244 zelatus

76 1271 124 1297 est
145 1276 203 1307 pro
222 1265 373 1304 Domino,
398 1265 524 1307 accepit
547 1270 772 1296 testamentum
798 1262 972 1295 sacerdotii
996 1264 1127 1295 aeterni.
1171 1263 1301 1294 Nullum
1322 1265 1406 1295 enim
1425 1265 1636 1306 omnipotenti
1654 1265 1725 1295 Deo

77 1316 138 1349 tale
161 1322 210 1348 est
232 1317 437 1358 sacrificium,
469 1316 562 1359 quale
588 1322 635 1347 est
658 1315 744 1348 zelus
768 1317 959 1349 animarum,
1006 1316 1216 1357 Quapropter
1239 1321 1279 1353 te,
1311 1315 1497 1357 specialiter
1528 1321 1567 1355 te,
1600 1327 1724 1357 moneo,

77 1368 168 1400 miles
185 1368 316 1408 Christi,
338 1379 486 1410 propera,
510 1368 586 1399 dum
608 1374 747 1410 tempus,
772 1367 872 1408 locus,
896 1379 995 1398 causa
1018 1372 1048 1398 et
1073 1368 1180 1398 omnia
1203 1367 1379 1409 subpetunt
1402 1367 1630 1398 amminicula&
1653 1378 1726 1410 ope-

77 1420 167 1452 randi
200 1421 233 1451 in
264 1421 376 1451 castris
407 1421 547 1462 desuper
578 1421 685 1451 onmia
716 1421 889 1459 cernentis,
924 1419 1073 1461 tepidosh
1104 1420 1268 1461 arguentis
1299 1425 1330 1450 et
1361 1426 1507 1450 strenuos
1538 1419 1727 1460 regulariter

31 1483 58 1503 25
78 1473 282 1505 munerantis.
328 1473 487 1504 Memorcs
511 1483 570 1503 nos
595 1483 664 1502 esse
688 1471 790 1509 decet,
815 1476 849 1502 ut
866 1471 1018 1509 diximus,
1043 1470 1172 1512 quando
1196 1470 1264 1501 zelo
1283 1470 1393 1502 Helias
1417 1482 1476 1513 pro
1492 1470 1623 1501 domino
1647 1470 1727 1502 zela-

77 1531 127 1556 tus
151 1524 207 1564 sit;
232 1535 390 1556 memores
407 1535 463 1555 nos
481 1535 550 1556 esse
570 1523 670 1563 decet,
696 1523 832 1565 qualiter
856 1522 935 1554 salvi
960 1524 1036 1554 facti
1061 1523 1152 1554 sunti
1182 1530 1291 1564 patres
1314 1523 1415 1553 nostri
1439 1528 1470 1554 et
1494 1523 1569 1565 quia
1591 1534 1654 1553 non
1679 1528 1727 1554 est

77 1576 148 1608 Deo
172 1575 300 1607 difficile
324 1575 448 1607 salvare
472 1577 505 1606 in
529 1576 636 1607 multis
661 1574 710 1606 vel
735 1576 791 1605 ink
815 1576 936 1617 paucis.
982 1575 1023 1606 Et
1054 1575 1079 1605 si
1110 1579 1237 1616 tempus
1269 1580 1412 1605 nostrum
1443 1575 1727 1616 adpropinquavit,

79 1628 251 1659 moriamur
281 1628 312 1658 in
343 1628 461 1658 virtute
492 1638 549 1669 pro
581 1628 654 1666 fide,
689 1638 746 1669 pro
778 1626 914 1668 legibus,
950 1638 1007 1668 pro
1041 1627 1195 1658 fratribus
1231 1627 1358 1667 nostris,
1393 1638 1432 1657 ne
1464 1627 1559 1657 etiam
1592 1626 1726 1657 fratrum

78 1684 257 1710 nostrorum
293 1679 454 1710 homicide
492 1679 695 1710 inveniamur
724 1678 809 1721 apud
842 1679 960 1710 iustum
993 1678 1146 1711 iudicem.
1181 1679 1206 1708 si
1239 1679 1331 1710 uobis
1363 1678 1531 1709 silentibus
1565 1678 1726 1719 perierint.
1749 1686 1887 1725 mrumst„

31 1741 59 1760 so
79 1730 237 1763 Constans
261 1736 339 1770 esto,
364 1736 399 1762 ut
423 1730 532 1761 videas
557 1731 714 1762 auxilium
739 1731 872 1762 Domini
897 1742 994 1772 super
1019 1729 1152 1760 humiles
1177 1741 1261 1761 suos.

884 1824 921 1858 V,

182 1884 353 1925 Litterae1‚
379 1886 496 1927 quibus
521 1886 625 1916 vocati
650 1891 721 1916 sunt
747 1884 995 1916 Hildebrandini
1020 1885 1151 1916 heretici
1176 1884 1215 1915 ad
1240 1885 1438 1914 audientiam
1451 1890 1480 1915 ¹¹¹.

183 1936 389 1968 Adebertusn
423 1937 594 1979 episcopus
631 1937 767 1968 Sanctae
802 1937 970 1978 Ruphinae
1006 1936 1113 1968 Silvae
1148 1934 1326 1973 candidae,
1364 1935 1523 1966 Iohannes
1557 1935 1727 1976 episcopus
1750 1948 1812 1967 1025.

80 1988 249 2028 Ostiensis,
272 1987 370 2030 Hugo
395 1990 566 2031 episcopus
590 1990 806 2027 Prenestinus,
831 1988 982 2020 Albertus
1007 1989 1181 2030 episcopus
1204 1987 1418 2029 Nephesinus,
1444 1987 1531 2018 Beno
1555 1986 1727 2017 cardinalis

33 2056 60 2077 ³⁵
79 2039 237 2083 presbiter
267 2039 356 2071 urbis
386 2040 519 2080 Romae,
551 2041 716 2071 Romanus
747 2040 919 2072 cardinalis
949 2041 1108 2082 presbiter
1138 2039 1227 2070 urbis
1263 2039 1382 2077 ³mmae,
1414 2038 1522 2069 (tuido
1554 2037 1727 2069 cardinalis

80 2092 236 2134 presbiter
265 2092 354 2123 urbis
377 2092 508 2131 Romae,
534 2092 734 2124 Octavianus
766 2092 937 2123 cardinalis
969 2092 1126 2134 presbiter
1149 2091 1344 2132 designatus,
1376 2090 1494 2120 Paulus
1523 2090 1727 2132 primicerius

81 2144 243 2175 Romanae
264 2143 450 2183 aecclesiae,
473 2143 626 2175 Nicolaus
650 2143 771 2175 electus
795 2143 896 2175 abbas
920 2144 1027 2174 Sancti
1046 2143 1192 2174 Silvestri
1216 2142 1305 2173 urbis
1322 2141 1452 2181 Romae,
1476 2141 1600 2173 abbas⁰
1618 2141 1727 2172 Sancti

83 2196 249 2227 Pancracii
278 2194 367 2227 urbis
390 2195 522 2236 Romae,
553 2200 584 2226 et
612 2194 726 2234 clerus,
759 2201 788 2226 et
814 2195 982 2226 clarissimi
1006 2196 1171 2237 principes
1194 2193 1267 2225 laici
1292 2193 1477 2225 Thebaldus
1503 2193 1676 2225 Chinchiiv
1699 2199 1728 2224 et

83 2236 253 2280 &dalrieus
269 2247 309 2279 de
326 2247 446 2279 Sancto
464 2247 650 2287 Eustachi0‚
669 2252 700 2278 et
716 2247 856 2289 populus
873 2248 1037 2278 Romanus
1054 2246 1203 2278 omnibus
1221 2246 1325 2277 Deum
1344 2245 1530 2277 timentibus
1547 2250 1577 2276 et
1593 2244 1728 2276 salutem

36 2316 66 2336 40
83 2299 244 2331 Romanae
267 2298 445 2341 reipublice
469 2298 688 2340 diligentibus,

186 2351 345 2383 Nolumus
368 2351 517 2392 ignorare
542 2351 746 2392 prudentiam
770 2356 920 2389 vestram,
951 2349 1037 2392 quod
1068 2350 1107 2380 ad
1136 2349 1347 2380 destruendas
1371 2348 1508 2386 hereses,
1540 2348 1664 2379 noviter
1687 2347 1727 2378 ab

83 2402 304 2435 Hildebrando
334 2404 481 2434 inventas
505 2409 536 2434 et
559 2403 709 2445 antiquas
739 2401 799 2433 sub
831 2402 959 2433 nomine
991 2402 1119 2443 pietatis
1143 2401 1241 2443 impie
1265 2401 1305 2431 ab
1329 2401 1399 2442 ipso
1424 2406 1603 2439 renovatae,
1634 2404 1665 2430 ct
1687 2399 1726 2430 ad

82 2453 300 2486 defensionem
324 2455 399 2486 fidei
422 2454 599 2486 catholicae
622 2460 652 2485 et
675 2453 716 2484 ad
740 2453 1016 2484 exterminandam
1041 2453 1236 2494 impietatem
1255 2463 1375 2493 eorum,
1400 2453 1454 2494 qui
1478 2452 1603 2483 noviter
1626 2452 1726 2493 ipsam

83 2504 178 2537 fidem
210 2505 410 2547 catholicam,
442 2512 597 2549 quantum
628 2507 659 2536 in
686 2506 765 2548 ipsis
792 2505 881 2543 fuitq,
912 2505 1059 2536 scindere
1083 2515 1146 2535 non
1170 2505 1356 2543 timuerunt,
1381 2504 1451 2535 Deo
1474 2509 1604 2535 auctore
1628 2502 1727 2533 Nonis
1749 2515 1837 2537 Ange.

39 2572 66 2593 45
85 2557 243 2599 Augusti‘
280 2558 366 2600 apud
401 2558 556 2590 Sanctum
592 2557 735 2589 Blasium
775 2558 998 2596 convenimus,
1034 2557 1123 2588 VIII.
1160 2556 1236 2587 Idus
1273 2555 1362 2598 apud
1399 2556 1551 2586 Sanctum
1588 2554 1728 2593 Celsum,
1749 2567 1857 2589 imm

193 2644 221 2675 a)
242 2646 344 2670 deiurat
365 2646 389 2670 2.
447 2646 473 2676 b)
497 2649 524 2670 ut
544 2647 569 2670 2.
628 2651 652 2676 c)
676 2654 723 2677 per
742 2646 867 2677 scriptum
889 2645 913 2668 2.
973 2645 999 2675 d)
1023 2645 1101 2668 verbo
1126 2646 1147 2668 1.
1207 2646 1232 2672 e)
1254 2648 1294 2668 est
1314 2644 1399 2668 elatus
1421 2644 1444 2666 2.
1508 2644 1527 2671 f)
1551 2643 1680 2674 spugions·
1704 2644 1726 2664 1.

85 2689 114 2722 g)
134 2691 249 2716 animum
269 2692 332 2716 dare
353 2693 376 2716 2.
444 2692 470 2723 h)
494 2696 560 2724 trcp.
583 2693 607 2716 2.
672 2692 689 2722 i)
714 2691 750 2715 ita
768 2692 789 2716 1,
806 2692 830 2716 2.
889 2691 917 2719 k)
938 2691 1008 2715 deest
1029 2692 1053 2715 ⁵2.
1111 2690 1131 2714 lt
1152 2698 1276 2721 maynam
1297 2690 1375 2714 huius
1395 2689 1486 2720 sm'psi
1504 2693 1604 2720 partem
1627 2687 1725 2711 oshflw«

0 2700 3 2781 l
86 2735 164 2761 etiam
183 2736 275 2762 Soqus
293 2746 320 2769 p.
336 2738 379 2764 99,
397 2738 456 2762 100.
527 2742 563 2769 in)
587 2742 637 2762 etc.
659 2737 722 2762 add.
744 2737 768 2762 2.
836 2738 862 2768 n)
888 2737 924 2761 ita
947 2738 975 2766 l;
997 2736 1090 2761 Adelb.
1112 2737 1136 2760 2.
1158 2735 1185 2761 S.
1254 2736 1282 2767 o)
1303 2736 1334 2760 N.
1357 2736 1438 2759 abbas
1460 2734 1487 2759 S.
1556 2736 1581 2766 p)
1606 2734 1725 2758 Chinebii

89 2782 113 2806 1.
131 2781 156 2807 2.
173 2781 216 2814 S.;
237 2785 271 2815 cs.
292 2783 373 2808 Dicta
393 2784 533 2808 cuiusdam
554 2783 647 2808 Libell.
670 2783 692 2814 I,
713 2792 741 2815 p.
758 2783 819 2809 459.
896 2787 924 2815 q)
947 2783 1018 2807 deese
1040 2783 1072 2812 ·2;
1094 2786 1150 2806 erat
1171 2781 1196 2806 δ’.
1272 2784 1294 2810 r]
1318 2781 1386 2806 deest
1408 2782 1431 2806 2.
1453 2780 1477 2805 δ’.

2 2794 3 2807 ι

2 2814 6 2912 ii
41 2867 67 2888 50
195 2863 221 2895 1)
243 2863 326 2889 Hunc
348 2864 435 2889 locum
459 2873 513 2890 non
537 2864 639 2891 int-eni.
