2132 3067
10 2474 18 2649 'i¹

43 725 70 745 1⁰

43 982 69 1002 1⁶

40 1552 68 1571 25

41 1810 69 1830 8⁰

579 158 702 186 GESTA
724 158 913 185 ROMANAE
936 158 1143 186 ECCLESIAE
1166 160 1189 186 Ι.
1214 160 1251 186 Π.
1679 159 1741 190 373

89 260 171 292 quae
200 249 318 279 frustra
347 248 435 290 apud
461 248 719 279 Hildebrandum
750 248 956 279 estimaverat
984 249 1193 289 penitentiam
1217 255 1248 280 et
1271 248 1360 290 leges
1383 255 1414 280 et
1437 250 1507 280 iura
1530 249 1646 284 valere.
1699 251 1741 282 Et

89 300 171 343 pede
195 305 361 331 truncatus
385 299 494 330 dolore
518 299 570 330 illo
595 306 668 340 post
691 298 832 329 triduum
858 306 1003 330 mortuus
1027 307 1084 331 est.

193 351 222 382 9.
268 350 370 382 Multa
393 351 523 393 quidem
544 356 596 382 et²
612 350 675 381 alia
691 350 767 381 fecit
784 349 1034 391 Hildebmndus,
1059 352 1091 382 in
1115 352 1232 393 quemb
1257 351 1373 384 elamat
1397 354 1528 394 sanguis
1551 353 1740 394 aecclesiae,

88 402 196 445 gladio
223 402 353 444 linguae
386 404 454 433 eius
485 401 661 433 miserabili
693 402 875 443 proditione
905 402 1035 443 effusus,
1070 411 1202 444 propter
1233 404 1337 445 quaeb
1367 415 1386 434 a
1416 406 1641 436 communione
1672 407 1740 437 eius

89 455 262 486 iustissime
285 454 441 486 aecclesia
463 454 604 494 recessit,
628 455 712 484 sicut
734 453 877 485 fecerunt
899 454 1073 485 *maim-esc
1098 456 1198 486 nostri
1223 455 1424 497 temporibus
1447 462 1667 498 apostatarum
1690 457 1740 488 Li-

89 506 169 537 berii
192 511 224 536 et
239 506 433 537 Anastasii1.
472 505 517 537 Ut
532 505 683 536 Liberiod
706 505 822 535 festum
846 505 1074 546 celebraretur,
1099 507 1201 537 iussit.
1242 507 1312 538 Hoc
1336 514 1488 549 precepto
1511 509 1579 539 eius
1603 509 1738 540 heresim

87 557 258 596 firmavit²‚
282 559 336 599 qui
359 568 401 588 ex
424 556 641 588 laudabilibus
665 556 792 587 iniciis?
817 558 1019 588 venerandus
1045 557 1270 599 dampnabiles
1295 560 1401 589 exitus
1418 558 1539 591 habuit.
1584 560 1648 591 Die
1665 572 1739 602 qua-

88 609 162 640 dam
187 620 259 640 cum
284 609 324 640 de
348 609 476 640 Albano
500 609 634 639 Romam
660 609 794 646 veniret,
820 608 938 639 oblitus
962 616 1010 640 est
1037 621 1144 641 secum
1163 610 1299 641 afferre&
1321 610 1511 642 familiarem
1537 612 1597 642 sibi
1622 611 1738 643 librum

89 661 342 702 nigromanticae
372 661 449 691 artis
460 665 482 699 ²,
510 661 579 691 sine
611 670 675 701 quo
699 670 858 701 nusquam
890 666 944 691 aut
975 672 1046 691 raro
1074 661 1256 693 incedebat.
1303 661 1398 701 Quod
1423 673 1493 693 cum
1519 663 1552 693 in
1576 664 1688 694 itinere
1713 665 1740 694 ei

87 711 128 743 ad
158 712 345 743 memoriam
377 712 525 752 redisset,
560 713 591 742 in
626 712 760 742 introitu
792 718 904 753 portae
932 712 1161 743 Lateranensis
1190 712 1401 744 festinanterh
1432 715 1559 745 vocavit
1590 713 1670 745 duos
1702 714 1741 745 de

88 763 298 795 familiaribus
322 764 399 802 suis,
429 769 573 794 assuetos
605 769 637 793 et
667 762 747 793 fidos
776 764 938 795 ministros
968 764 1124 796 scelerum
1155 776 1296 805 suorum,
1328 772 1359 796 et
1390 771 1424 796 ut
1455 766 1590 796 eundem
1622 765 1738 796 librum

88 816 243 847 citissime
274 815 335 846 sibi
365 815 526 855 afferrent,
557 815 703 856 precepit
731 820 762 845 et
785 815 969 847 terribiliter
993 817 1219 847 interminatus
1243 823 1300 855 est,
1331 828 1370 848 ne
1394 817 1513 848 librum
1538 819 1569 848 in
1594 819 1645 848 via
1667 829 1740 859 ape-

87 869 149 899 rire
171 872 395 909 presumerent
424 878 483 897 nec
515 866 577 898 ulla
606 867 791 898 curiositate
818 874 941 898 secreta
964 867 1037 898 libri
1069 869 1310 910 investigarent.
1357 868 1421 899 Sed
1453 876 1572 910 quanto
1602 869 1740 910 amplius

87 918 236 960 inhibuit,
267 925 355 950 tanto
386 918 610 950 vehementius
641 929 750 949 eorum
782 919 999 950 curiositatem
1023 919 1064 950 ad
1088 920 1314 961 investiganda
1338 920 1480 951 eiusdem
1505 920 1579 952 libri
1602 921 1741 952 archana

88 970 243 1002 accendit.
288 971 392 1012 Igitur
415 971 488 1001 dum
514 971 545 1000 in
570 970 676 1001 reditu
699 969 816 1001 librum
842 977 1050 1011 reserassent,
1081 978 1112 1003 et
1136 971 1313 1003 diabolicae
1337 973 1414 1002 artis
1439 979 1594 1014 precepta
1617 973 1742 1003 curiose

87 1023 239 1064 legerent,
262 1022 370 1054 subito
393 1022 553 1053 affuerunt
575 1021 681 1062 angeli
705 1027 846 1063 satanae,
870 1034 1006 1065 quorum
1031 1023 1235 1055 multitudine
1259 1028 1289 1054 et
1312 1022 1443 1055 horrore
1467 1024 1531 1055 duo
1548 1024 1592 1055 illi
1609 1025 1741 1056 iuvenes

89 1085 189 1117 prope
212 1074 317 1106 effecti
341 1080 496 1113 amentes,
526 1075 583 1104 vix
606 1073 647 1104 ad
677 1085 711 1104 se
735 1075 855 1105 reversi
884 1080 968 1106 sunt.
1013 1075 1065 1115 Et,
1096 1083 1132 1107 ut
1154 1076 1217 1117 ipsi
1240 1074 1427 1115 retulerunt,
1451 1075 1584 1117 maligni
1609 1077 1740 1118 spiritus

87 1126 260 1165 instabant,
284 1125 444 1157 dicentes:
475 1125 538 1156 ‘Ad
562 1126 641 1168 quid
665 1137 722 1156 nos
745 1126 909 1157 vocastis?
940 1138 1040 1168 quare
1063 1127 1246 1169 fatigastis?
1276 1127 1339 1157 cito
1363 1128 1529 1169 precipite,
1561 1129 1655 1169 quidi
1682 1139 1740 1158 nos

86 1188 184 1219 agere
211 1177 351 1218 velitisk,
389 1177 530 1219 alioquin
560 1178 765 1219 insurgemus
794 1178 825 1208 in
856 1189 923 1216 vos,
958 1180 983 1209 si
1015 1191 1072 1210 nos
1103 1179 1224 1210 diutius
1255 1179 1442 1211 tenueritis'.
1487 1180 1538 1210 Ad
1570 1179 1630 1210 hoe
1661 1179 1741 1211 alter

86 1230 254 1262 iuvenum:
277 1230 513 1270 ‘Festinanter',
545 1230 658 1271 inquit,
688 1232 808 1260 ‘muros
833 1229 902 1260 illos
926 1229 1060 1263 deicite'.
1106 1231 1148 1261 Et
1176 1230 1255 1262 haec
1278 1230 1386 1261 dicens
1411 1241 1506 1262 manu
1531 1231 1736 1263 ostendebat¹

87 1292 195 1313 muros
217 1280 299 1312 altos
322 1282 446 1312 vicinos
470 1281 601 1321 Romae,
631 1293 712 1323 quos
743 1283 773 1312 in
805 1288 966 1312 momento
990 1281 1122 1323 maligni
1147 1283 1278 1324 spiritus
1303 1283 1498 1313 deiecerunt.
1544 1283 1585 1314 Et
1609 1283 1740 1314 iuvenes

87 1338 218 1365 sanetae
241 1334 346 1364 crucis
369 1334 462 1375 signo
487 1344 520 1363 se
543 1333 720 1374 signanteS,
749 1338 838 1364 tanto
863 1340 984 1364 terrore
1008 1334 1164 1374 exterriti,
1188 1340 1360 1366 trementes
1385 1342 1415 1366 et
1438 1334 1632 1377 palpitantes
1657 1335 1740 1365 vixm

89 1385 222 1416 Romam
245 1384 286 1416 ad
309 1384 474 1416 dominum
499 1396 592 1416 suum
616 1391 842 1426 pervenerunt.

890 1487 932 1518 II.

191 1539 416 1571 Venerandisu
438 1538 615 1571 aecclesiae
630 1539 795 1570 Romanae
812 1539 958 1580 patribus
982 1545 1013 1569 et
1034 1538 1159 1570 dilectis
1180 1540 1213 1570 in
1231 1539 1359 1571 Christo
1377 1545 1408 1571 et
1423 1551 1552 1582 semper
1568 1539 1740 1581 diligendis

87 1590 240 1622 iratribus
263 1590 378 1635 B[eno]
403 1591 576 1622 cardinalis
600 1591 763 1622 Romanae
787 1590 983 1622 aecclesiae:
1007 1590 1103 1622 fidele
1127 1592 1299 1622 servicium
1325 1597 1355 1622 et
1378 1591 1512 1622 salutem
1534 1591 1739 1623 servantibus

86 1642 262 1674 aecclesiae
285 1643 461 1675 catholicae
485 1644 761 1682 communionem3
794 1642 833 1673 de
864 1644 955 1673 cuius
986 1644 1212 1674 communione
1244 1650 1275 1674 et
1305 1643 1477 1685 disciplina
1505 1643 1556 1674 vel
1581 1648 1740 1685 potestate

86 1694 204 1726 frustra
225 1695 288 1725 sibi
310 1695 490 1737 adplaudit,
520 1694 667 1737 quisquis
690 1695 806 1726 iniuste
829 1705 869 1725 ex
893 1695 1062 1737 potestatis
1088 1697 1329 1737 presumptione
1354 1701 1569 1738 quemquam⁰
1592 1695 1741 1737 ligaverit

89 1746 139 1778 vel
162 1746 302 1778 solverit.

196 1801 222 1830 1.
266 1799 390 1830 Iniuste
413 1804 518 1830 autem
543 1798 632 1840 ligat,
657 1798 804 1840 quisquis
827 1797 966 1839 aliquem
992 1803 1139 1840 paratum
1159 1799 1347 1830 satisfacere
1365 1805 1395 1831 et
1411 1799 1609 1830 audientiam
1626 1798 1738 1840 implo-

86 1854 221 1891 rantem,
244 1861 349 1892 neque
366 1851 571 1881 convictumv
592 1861 696 1892 neque
713 1855 828 1891 sponte
845 1850 1026 1880 confessum
1045 1850 1304 1890 anathematizat,
1330 1853 1428 1882 immo
1448 1863 1480 1882 se
1498 1852 1603 1892 ipsum
1620 1850 1740 1880 frustra

88 1902 322 1942 maledicendo,
353 1903 445 1944 quasi
475 1903 607 1944 proprio
638 1901 741 1932 iaculo
771 1901 802 1931 in
832 1912 865 1931 se
889 1907 1039 1941 reto1·t0·³‚
1072 1901 1236 1933 maledicit
1266 1910 1296 1933 et
1328 1903 1555 1943 condempnat.
1602 1901 1630 1932 O
1654 1913 1738 1932 nova

87 1953 245 1996 prodicio,
276 1954 456 1996 procedens
485 1953 525 1984 de
557 1953 748 1993 sanctuario,
778 1954 877 1983 immo
907 1954 946 1983 de
977 1964 1025 1992 eo,
1062 1955 1115 1995 qui
1145 1961 1178 1984 ut
1210 1965 1355 1985 summus
1387 1954 1537 1984 sacerdos
1565 1952 1739 1984 videbatur

88 2005 277 2037 aecclesiam
301 2017 412 2047 regere
435 2011 466 2036 et
489 2005 670 2036 senioribus
692 2005 877 2035 iudicibusr
901 2016 1039 2046 preesse.
1085 2005 1250 2036 InstabatS
1276 2004 1518 2036 Hildebrandus
1540 2005 1738 2046 imperatori,

89 2062 124 2089 ut
144 2057 264 2089 eiceret
285 2058 456 2099 episcopos
480 2057 692 2098 symoniacos
738 2056 919 2097 Imperator
942 2056 1075 2087 credens
1100 2057 1191 2098 quasi
1213 2069 1253 2088 ex
1274 2057 1342 2088 zelo
1364 2057 1454 2097 legis,
1479 2057 1571 2098 quasi
1588 2068 1607 2087 a
1622 2056 1737 2087 throno

89 2108 152 2140 Dei
181 2109 355 2151 procedere
382 2109 478 2140 baect
503 2108 664 2141 mandata.
694 2108 763 2138 sine
788 2119 877 2138 mora
900 2108 1081 2140 obediebat.
1112 2109 1178 2138 sine
1203 2120 1302 2147 mora,
1333 2109 1401 2139 sine
1424 2109 1636 2142 discussione,
1668 2108 1736 2138 sine

87 2160 250 2192 iuditiario
275 2161 387 2192 ordine
403 2161 574 2202 episcopos
591 2159 741 2191 eiciebat:
765 2160 840 2190 dum
866 2171 924 2201 per
949 2160 1029 2190 hanc
1053 2160 1267 2191 obedientiam
1294 2171 1326 2191 se
1344 2161 1415 2191 Deo
1439 2161 1640 2191 sacrificare¹¹
1664 2160 1736 2190 esti-

89 2212 207 2253 mahat,
230 2212 307 2243 dum
331 2212 436 2243 adhuc
466 2212 632 2242 versucias
656 2210 868 2242 Hildebrandi
899 2213 1005 2242 minus
1040 2211 1250 2253 intelligebat.
1304 2211 1545 2243 Hildebrandus
1575 2222 1652 2242 vero
1683 2223 1737 2243 ex-

89 2263 197 2305 pulsos
220 2275 240 2294 a
261 2275 337 2306 rege
360 2264 565 2305 symoniacos
589 2262 760 2301 relocabat,
790 2268 821 2293 et
851 2273 932 2304 quos
958 2264 1026 2304 regi
1052 2264 1184 2294 infestos
1208 2263 1402 2303 reddiderat,
1426 2274 1480 2294 eos
1504 2263 1565 2295 sibi
1588 2263 1739 2294 familiari

90 2316 236 2347 amicicia
259 2315 482 2354 conciliabatv‚
514 2320 545 2346 et
576 2314 685 2345 multis
714 2321 744 2345 et
775 2315 900 2356 magnis
924 2316 1112 2346 iuramentis
1143 2315 1205 2346 sibi
1236 2315 1315 2346 fidos
1339 2321 1370 2346 et
1394 2314 1553 2346 obnoxios
1584 2315 1736 2354 efficiens,

90 2378 147 2409 pre
175 2367 247 2399 aliis
277 2367 451 2399 exaltabat.
503 2366 545 2397 Et
572 2366 700 2397 modico
730 2373 874 2408 tempore
903 2366 952 2397 his
981 2367 1104 2397 artibus
1135 2367 1223 2408 regia
1253 2367 1348 2397 domo
1378 2368 1564 2408 perturbata
1595 2373 1626 2398 et
1654 2379 1736 2408 pene

201 2482 229 2512 a)
248 2491 298 2507 om.
320 2483 344 2507 2.
364 2481 391 2507 S.
491 2482 520 2512 b)
541 2482 612 2514 quod
634 2483 656 2506 2.
763 2482 787 2511 c)
809 2482 983 2513 imperatores
1004 2482 1028 2505 2.
1049 2481 1075 2505 3.
1095 2480 1123 2505 S.
1225 2481 1251 2512 d)
1274 2482 1372 2505 Liberii
1394 2481 1419 2505 S.
1524 2487 1549 2509 e)
1571 2482 1690 2506 confirm.
1712 2484 1734 2505 2.

91 2527 113 2559 f)
133 2529 231 2553 meritis
250 2528 430 2553 venerandum
453 2528 482 2558 ‘2;
503 2536 566 2552 mer.
588 2528 755 2551 damnabiles
775 2526 803 2551 S.
915 2535 944 2559 g!
966 2528 1032 2551 serre
1054 2526 1080 2551 δ’.
1191 2527 1218 2557 h)
1241 2527 1412 2551 festineratus
1434 2528 1458 2552 ²2.
1571 2529 1590 2553 ii
1617 2528 1687 2559 quod
1708 2529 1734 2551 N.

91 2573 122 2604 k)
141 2574 220 2598 vultis
240 2575 265 2599 2.
285 2574 314 2600 S.
389 2575 407 2606 l)
431 2574 549 2598 ostendit
569 2575 593 2599 ·2.
614 2574 641 2597 S.
719 2574 756 2604 111)
777 2575 850 2598 iuxta
872 2574 896 2597 ¹2.
972 2574 1000 2603 n)
1022 2573 1185 2597 Reverendis
1206 2574 1230 2597 2.
1307 2579 1333 2601 o)
1355 2574 1494 2606 quicquain
1517 2574 1542 2598 2.
1623 2575 1650 2606 p)
1674 2583 1735 2597 eon-

45 2623 74 2644 ⁴5
91 2619 209 2644 vinetum
231 2622 254 2645 1.
326 2620 352 2652 q)
374 2621 472 2645 intorto
493 2619 521 2644 S.
597 2625 618 2651 r)
641 2620 767 2644 iuditibus
791 2621 814 2644 l.
891 2620 912 2650 s)
935 2619 1007 2643 Hild.
1028 2620 1090 2644 inst.
1111 2619 1139 2644 S.
1215 2620 1234 2650 t)
1259 2620 1308 2644 hoc
1329 2620 1483 2644 mandatum
1506 2621 1529 2643 ⁵2.
1606 2624 1633 2650 n)
1656 2621 1735 2644 sacri-

92 2664 179 2690 facere
199 2665 223 2690 2.
297 2668 326 2696 v)
345 2674 397 2692 rec.
419 2667 444 2691 2.
464 2665 493 2691 S.

201 2772 229 2806 1)
253 2772 297 2805 Cf.
319 2782 407 2807 snpra
430 2773 453 2805 I,
482 2774 508 2805 1,
527 2782 558 2807 p.
577 2773 646 2799 369.
729 2772 758 2807 2)
782 2773 950 2806 Greyorz'um
973 2773 1192 2799 necromantiam
1215 2773 1333 2799 coluisse
1357 2773 1455 2799 Petrus
1480 2774 1597 2800 Crassus
1622 2772 1737 2798 flabelli

95 2821 120 2856 I,
137 2831 168 2856 p.
186 2823 261 2857 451)
284 2827 309 2850 et
331 2825 402 2850 Acta
426 2833 500 2851 conc.
525 2825 608 2850 Brix.
632 2824 732 2858 (Jaffe'
756 2824 782 2857 V,
806 2834 835 2858 p.
856 2824 928 2857 135)
945 2823 1128 2856 fabulantur.
1163 2824 1195 2850 S.

1762 467 1790 488 αἰ.

1803 471 1828 488 1’.
