<?xml version="1.0" encoding="UTF-8"?>
<!DOCTYPE html PUBLIC "-//W3C//DTD XHTML 1.0 Transitional//EN"
    "http://www.w3.org/TR/xhtml1/DTD/xhtml1-transitional.dtd">
<html xmlns="http://www.w3.org/1999/xhtml" xml:lang="en" lang="en">
 <head>
  <title>
</title>
<meta http-equiv="Content-Type" content="text/html;charset=utf-8" />
  <meta name='ocr-system' content='tesseract 3.04.00' />
  <meta name='ocr-capabilities' content='ocr_page ocr_carea ocr_par ocr_line ocrx_word'/>
</head>
<body>
  <div class='ocr_page' id='page_1' title='image "./monumenta02geseuoft_0239.png"; bbox 0 0 2132 3067; ppageno 0'>
   <div class='ocr_carea' id='block_1_1' title="bbox 520 159 1743 189">
    <p class='ocr_par' dir='ltr' id='par_1_1' title="bbox 520 159 1743 189">
     <span class='ocr_line' id='line_1_1' title="bbox 520 159 1743 189; baseline 0.003 -4"><span class='ocrx_word' id='word_1_1' title='bbox 520 159 571 186; x_wconf 87' lang='lat' dir='ltr'><em>DE</em></span> <span class='ocrx_word' id='word_1_2' title='bbox 593 159 764 186; x_wconf 85' lang='lat' dir='ltr'>UNITATE</span> <span class='ocrx_word' id='word_1_3' title='bbox 786 159 996 186; x_wconf 74' lang='lat' dir='ltr'>ECCLESIAE</span> <span class='ocrx_word' id='word_1_4' title='bbox 1018 160 1313 188; x_wconf 86' lang='lat' dir='ltr'>CONSERVANDA.</span> <span class='ocrx_word' id='word_1_5' title='bbox 1681 159 1743 189; x_wconf 69' lang='lat'><em>225</em></span> 
     </span>
    </p>
   </div>
   <div class='ocr_carea' id='block_1_2' title="bbox 51 248 1915 2614">
    <p class='ocr_par' dir='ltr' id='par_1_2' title="bbox 51 248 1915 2614">
     <span class='ocr_line' id='line_1_2' title="bbox 97 248 1743 292; baseline 0.001 -13"><span class='ocrx_word' id='word_1_6' title='bbox 97 248 184 291; x_wconf 87' lang='lat' dir='ltr'><em>apud</em></span> <span class='ocrx_word' id='word_1_7' title='bbox 208 259 302 290; x_wconf 87' lang='lat' dir='ltr'><em>quem</em></span> <span class='ocrx_word' id='word_1_8' title='bbox 327 260 389 279; x_wconf 92' lang='lat' dir='ltr'><em>non</em></span> <span class='ocrx_word' id='word_1_9' title='bbox 414 254 461 280; x_wconf 86' lang='lat' dir='ltr'><em>est</em></span> <span class='ocrx_word' id='word_1_10' title='bbox 484 249 603 280; x_wconf 88' lang='lat' dir='ltr'><em>veritas</em></span> <span class='ocrx_word' id='word_1_11' title='bbox 627 259 686 279; x_wconf 89' lang='lat' dir='ltr'><em>nec</em></span> <span class='ocrx_word' id='word_1_12' title='bbox 710 259 775 290; x_wconf 82' lang='lat' dir='ltr'><em>pax</em></span> <span class='ocrx_word' id='word_1_13' title='bbox 799 259 903 290; x_wconf 86' lang='lat' dir='ltr'><em>neque</em></span> <span class='ocrx_word' id='word_1_14' title='bbox 927 249 1056 289; x_wconf 83' lang='lat' dir='ltr'><em>iustitia,</em></span> <span class='ocrx_word' id='word_1_15' title='bbox 1085 249 1193 281; x_wconf 82' lang='lat' dir='ltr'>scribit</span> <span class='ocrx_word' id='word_1_16' title='bbox 1216 256 1288 291; x_wconf 89' lang='lat' dir='ltr'><em>post</em></span> <span class='ocrx_word' id='word_1_17' title='bbox 1313 250 1521 292; x_wconf 82' lang='lat' dir='ltr'><em>multiplicem</em></span> <span class='ocrx_word' id='word_1_18' title='bbox 1546 252 1743 282; x_wconf 88' lang='lat' dir='ltr'><em>testimonio-</em></span> 
     </span>
     <span class='ocr_line' id='line_1_3' title="bbox 97 299 1743 342; baseline 0.002 -11"><span class='ocrx_word' id='word_1_19' title='bbox 97 312 165 332; x_wconf 88' lang='lat' dir='ltr'><em>rum</em></span> <span class='ocrx_word' id='word_1_20' title='bbox 190 301 387 341; x_wconf 78' lang='lat' dir='ltr'><strong>congeriem,</strong></span> <span class='ocrx_word' id='word_1_21' title='bbox 418 299 537 342; x_wconf 90' lang='lat' dir='ltr'><em>quibus</em></span> <span class='ocrx_word' id='word_1_22' title='bbox 568 299 733 331; x_wconf 85' lang='lat' dir='ltr'><strong>contendit</strong></span> <span class='ocrx_word' id='word_1_23' title='bbox 763 299 841 330; x_wconf 90' lang='lat' dir='ltr'><em>nihil</em></span> <span class='ocrx_word' id='word_1_24' title='bbox 865 299 970 331; x_wconf 87' lang='lat' dir='ltr'><em>valere</em></span> <span class='ocrx_word' id='word_1_25' title='bbox 1001 301 1086 342; x_wconf 87' lang='lat' dir='ltr'><em>apud</em></span> <span class='ocrx_word' id='word_1_26' title='bbox 1119 313 1176 332; x_wconf 88' lang='lat' dir='ltr'><em>nos</em></span> <span class='ocrx_word' id='word_1_27' title='bbox 1201 301 1319 333; x_wconf 80' lang='lat' dir='ltr'>Christi</span> <span class='ocrx_word' id='word_1_28' title='bbox 1350 302 1503 333; x_wconf 85' lang='lat' dir='ltr'><em>ecclesiae</em></span> <span class='ocrx_word' id='word_1_29' title='bbox 1533 308 1743 339; x_wconf 70' lang='lat' dir='ltr'><em>sacramenta,</em></span> 
     </span>
     <span class='ocr_line' id='line_1_4' title="bbox 98 351 1743 396; baseline 0.001 -13"><span class='ocrx_word' id='word_1_30' title='bbox 98 357 128 383; x_wconf 85' lang='lat' dir='ltr'><em>et</em></span> <span class='ocrx_word' id='word_1_31' title='bbox 158 351 243 393; x_wconf 90' lang='lat' dir='ltr'><em>quod</em></span> <span class='ocrx_word' id='word_1_32' title='bbox 272 353 421 393; x_wconf 78' lang='lat' dir='ltr'>suspensi</span> <span class='ocrx_word' id='word_1_33' title='bbox 451 353 551 382; x_wconf 85' lang='lat' dir='ltr'><em>simus</em></span> <span class='ocrx_word' id='word_1_34' title='bbox 580 351 621 383; x_wconf 86' lang='lat' dir='ltr'><em>ab</em></span> <span class='ocrx_word' id='word_1_35' title='bbox 652 351 871 383; x_wconf 82' lang='lat' dir='ltr'><em>ecclesiastiea</em></span> <span class='ocrx_word' id='word_1_36' title='bbox 902 353 1127 384; x_wconf 85' lang='lat' dir='ltr'>communione</span> <span class='ocrx_word' id='word_1_37' title='bbox 1158 353 1333 384; x_wconf 80' lang='lat' dir='ltr'><em>secundum</em></span> <span class='ocrx_word' id='word_1_38' title='bbox 1365 364 1522 384; x_wconf 85' lang='lat' dir='ltr'><em>canonum</em></span> <span class='ocrx_word' id='word_1_39' title='bbox 1555 360 1743 396; x_wconf 82' lang='lat' dir='ltr'><em>praecepta:</em></span> 
     </span>
     <span class='ocr_line' id='line_1_5' title="bbox 100 403 1743 448; baseline 0.001 -14"><span class='ocrx_word' id='word_1_40' title='bbox 100 403 292 444; x_wconf 80' lang='lat' dir='ltr'><em>Sufficiant,</em></span> <span class='ocrx_word' id='word_1_41' title='bbox 316 404 429 445; x_wconf 85' lang='lat' dir='ltr'><em>inquit,</em></span> <span class='ocrx_word' id='word_1_42' title='bbox 455 404 533 434; x_wconf 77' lang='lat' dir='ltr'><em>haec</em></span> <span class='ocrx_word' id='word_1_43' title='bbox 555 415 667 444; x_wconf 85' lang='lat' dir='ltr'><em>pauca</em></span> <span class='ocrx_word' id='word_1_44' title='bbox 691 404 826 434; x_wconf 82' lang='lat' dir='ltr'><em>caritati</em></span> <span class='ocrx_word' id='word_1_45' title='bbox 848 409 983 444; x_wconf 79' lang='lat' dir='ltr'><em>vestrae,</em></span> <span class='ocrx_word' id='word_1_46' title='bbox 1011 405 1069 444; x_wconf 81' lang='lat' dir='ltr'><em>qui</em></span> <span class='ocrx_word' id='word_1_47' title='bbox 1097 404 1250 436; x_wconf 71' lang='lat' dir='ltr'><em>catholici</em></span> <span class='ocrx_word' id='word_1_48' title='bbox 1272 404 1369 436; x_wconf 79' lang='lat' dir='ltr'><em>vultis</em></span> <span class='ocrx_word' id='word_1_49' title='bbox 1392 417 1467 445; x_wconf 80' lang='lat' dir='ltr'><em>esse,</em></span> <span class='ocrx_word' id='word_1_50' title='bbox 1497 408 1655 448; x_wconf 73' lang='lat' dir='ltr'><em>quatinus</em></span> <span class='ocrx_word' id='word_1_51' title='bbox 1684 407 1743 437; x_wconf 78' lang='lat' dir='ltr'><em>has</em></span> 
     </span>
     <span class='ocr_line' id='line_1_6' title="bbox 65 455 1741 497; baseline 0.001 -10"><span class='ocrx_word' id='word_1_52' title='bbox 65 468 77 487; x_wconf 84' lang='lat'><strong>5</strong></span> <span class='ocrx_word' id='word_1_53' title='bbox 96 460 283 487; x_wconf 82' lang='lat' dir='ltr'><em>sanctorum</em></span> <span class='ocrx_word' id='word_1_54' title='bbox 304 460 440 496; x_wconf 79' lang='lat' dir='ltr'><em>patrum</em></span> <span class='ocrx_word' id='word_1_55' title='bbox 463 456 641 486; x_wconf 80' lang='lat' dir='ltr'><em>sententias</em></span> <span class='ocrx_word' id='word_1_56' title='bbox 668 456 700 485; x_wconf 73' lang='lat' dir='ltr'><em>in</em></span> <span class='ocrx_word' id='word_1_57' title='bbox 722 460 876 496; x_wconf 75' lang='lat' dir='ltr'><em>promptu</em></span> <span class='ocrx_word' id='word_1_58' title='bbox 901 455 1056 494; x_wconf 72' lang='lat' dir='ltr'><em>habeatis,</em></span> <span class='ocrx_word' id='word_1_59' title='bbox 1079 455 1197 497; x_wconf 78' lang='lat' dir='ltr'><em>quibus</em></span> <span class='ocrx_word' id='word_1_60' title='bbox 1221 462 1247 486; x_wconf 85' lang='lat' dir='ltr'><em>et</em></span> <span class='ocrx_word' id='word_1_61' title='bbox 1273 468 1323 487; x_wconf 77' lang='lat' dir='ltr'><em>vos</em></span> <span class='ocrx_word' id='word_1_62' title='bbox 1340 457 1511 497; x_wconf 77' lang='lat' dir='ltr'><em>defendere</em></span> <span class='ocrx_word' id='word_1_63' title='bbox 1535 463 1563 488; x_wconf 87' lang='lat' dir='ltr'><em>et</em></span> <span class='ocrx_word' id='word_1_64' title='bbox 1580 459 1741 488; x_wconf 74' lang='lat' dir='ltr'><em>veritatem</em></span> 
     </span>
     <span class='ocr_line' id='line_1_7' title="bbox 96 506 1744 550; baseline 0.002 -13"><span class='ocrx_word' id='word_1_65' title='bbox 96 508 320 548; x_wconf 74' lang='lat' dir='ltr'><em>inpuqnantes</em></span> <span class='ocrx_word' id='word_1_66' title='bbox 343 506 487 547; x_wconf 72' lang='lat' dir='ltr'><em>refellere</em></span> <span class='ocrx_word' id='word_1_67' title='bbox 512 507 657 539; x_wconf 73' lang='lat' dir='ltr'><em>ualeatis,</em></span> <span class='ocrx_word' id='word_1_68' title='bbox 705 506 746 536; x_wconf 78' lang='lat' dir='ltr'><em>Et</em></span> <span class='ocrx_word' id='word_1_69' title='bbox 769 511 841 547; x_wconf 90' lang='lat' dir='ltr'><em>post</em></span> <span class='ocrx_word' id='word_1_70' title='bbox 866 506 943 537; x_wconf 84' lang='lat' dir='ltr'><em>haec</em></span> <span class='ocrx_word' id='word_1_71' title='bbox 968 507 998 536; x_wconf 90' lang='lat' dir='ltr'><em>in</em></span> <span class='ocrx_word' id='word_1_72' title='bbox 1025 506 1086 536; x_wconf 85' lang='lat' dir='ltr'><em>fine</em></span> <span class='ocrx_word' id='word_1_73' title='bbox 1109 507 1211 548; x_wconf 86' lang='lat' dir='ltr'><em>ipsius</em></span> <span class='ocrx_word' id='word_1_74' title='bbox 1234 508 1388 549; x_wconf 87' lang='lat' dir='ltr'><em>epistolae</em></span> <span class='ocrx_word' id='word_1_75' title='bbox 1412 520 1451 539; x_wconf 84' lang='lat' dir='ltr'><em>ex</em></span> <span class='ocrx_word' id='word_1_76' title='bbox 1476 509 1613 550; x_wconf 83' lang='lat' dir='ltr'><em>propriis</em></span> <span class='ocrx_word' id='word_1_77' title='bbox 1637 508 1744 540; x_wconf 80' lang='lat' dir='ltr'><em>verbis</em></span> 
     </span>
     <span class='ocr_line' id='line_1_8' title="bbox 98 557 1741 599; baseline 0.001 -10"><span class='ocrx_word' id='word_1_78' title='bbox 98 557 314 589; x_wconf 87' lang='lat' dir='ltr'><em>condemnans</em></span> <span class='ocrx_word' id='word_1_79' title='bbox 338 569 370 588; x_wconf 87' lang='lat' dir='ltr'><em>se</em></span> <span class='ocrx_word' id='word_1_80' title='bbox 394 568 545 599; x_wconf 86' lang='lat' dir='ltr'><em>suosque,</em></span> <span class='ocrx_word' id='word_1_81' title='bbox 570 557 711 588; x_wconf 81' lang='lat' dir='ltr'><em>ostendit</em></span> <span class='ocrx_word' id='word_1_82' title='bbox 733 557 809 587; x_wconf 91' lang='lat' dir='ltr'><em>nihil</em></span> <span class='ocrx_word' id='word_1_83' title='bbox 834 558 912 599; x_wconf 85' lang='lat' dir='ltr'><em>ipsis</em></span> <span class='ocrx_word' id='word_1_84' title='bbox 937 569 1010 588; x_wconf 88' lang='lat' dir='ltr'><em>cum</em></span> <span class='ocrx_word' id='word_1_85' title='bbox 1039 557 1195 588; x_wconf 78' lang='lat' dir='ltr'><em>catholica</em></span> <span class='ocrx_word' id='word_1_86' title='bbox 1219 558 1278 589; x_wconf 81' lang='lat' dir='ltr'><em>hac</em></span> <span class='ocrx_word' id='word_1_87' title='bbox 1301 560 1472 590; x_wconf 85' lang='lat' dir='ltr'><em>universali</em></span> <span class='ocrx_word' id='word_1_88' title='bbox 1498 560 1633 592; x_wconf 85' lang='lat' dir='ltr'><em>ecclesia</em></span> <span class='ocrx_word' id='word_1_89' title='bbox 1657 571 1741 591; x_wconf 85' lang='lat' dir='ltr'><em>com-</em></span> 
     </span>
     <span class='ocr_line' id='line_1_9' title="bbox 97 608 1742 653; baseline 0.002 -13"><span class='ocrx_word' id='word_1_90' title='bbox 97 620 193 640; x_wconf 89' lang='lat' dir='ltr'><em>mune</em></span> <span class='ocrx_word' id='word_1_91' title='bbox 221 620 301 648; x_wconf 87' lang='lat' dir='ltr'><em>esse,</em></span> <span class='ocrx_word' id='word_1_92' title='bbox 330 614 361 640; x_wconf 84' lang='lat' dir='ltr'><em>et</em></span> <span class='ocrx_word' id='word_1_93' title='bbox 391 609 462 640; x_wconf 86' lang='lat' dir='ltr'><em>ideo</em></span> <span class='ocrx_word' id='word_1_94' title='bbox 492 608 670 640; x_wconf 84' lang='lat' dir='ltr'><em>catholicos</em></span> <span class='ocrx_word' id='word_1_95' title='bbox 701 620 763 640; x_wconf 88' lang='lat' dir='ltr'><em>non</em></span> <span class='ocrx_word' id='word_1_96' title='bbox 786 620 866 649; x_wconf 90' lang='lat' dir='ltr'><em>esse,</em></span> <span class='ocrx_word' id='word_1_97' title='bbox 895 620 965 639; x_wconf 87' lang='lat' dir='ltr'><em>eum</em></span> <span class='ocrx_word' id='word_1_98' title='bbox 999 611 1217 651; x_wconf 75' lang='lat' dir='ltr'><em>suscepissent</em></span> <span class='ocrx_word' id='word_1_99' title='bbox 1240 616 1362 652; x_wconf 84' lang='lat' dir='ltr'><em>partem</em></span> <span class='ocrx_word' id='word_1_100' title='bbox 1388 612 1435 642; x_wconf 85' lang='lat' dir='ltr'><em>sui</em></span> <span class='ocrx_word' id='word_1_101' title='bbox 1461 612 1612 653; x_wconf 75' lang='lat' dir='ltr'><em>Gregorii</em></span> <span class='ocrx_word' id='word_1_102' title='bbox 1636 611 1742 643; x_wconf 68' lang='lat' dir='ltr'><em>defen·</em></span> 
     </span>
     <span class='ocr_line' id='line_1_10' title="bbox 96 660 1904 704; baseline 0.001 -12"><span class='ocrx_word' id='word_1_103' title='bbox 96 661 181 692; x_wconf 86' lang='lat' dir='ltr'><em>dere.</em></span> <span class='ocrx_word' id='word_1_104' title='bbox 227 661 337 701; x_wconf 87' lang='lat' dir='ltr'><em>‘N0s¹,</em></span> <span class='ocrx_word' id='word_1_105' title='bbox 362 661 473 702; x_wconf 84' lang='lat' dir='ltr'><em>inquit,</em></span> <span class='ocrx_word' id='word_1_106' title='bbox 498 661 556 701; x_wconf 76' lang='lat' dir='ltr'><em>qui</em></span> <span class='ocrx_word' id='word_1_107' title='bbox 578 662 698 692; x_wconf 80' lang='lat' dir='ltr'><em>iustam</em></span> <span class='ocrx_word' id='word_1_108' title='bbox 717 666 845 702; x_wconf 74' lang='lat' dir='ltr'><em>partem</em></span> <span class='ocrx_word' id='word_1_109' title='bbox 864 660 1018 701; x_wconf 70' lang='lat' dir='ltr'><em>Gressorz&#39;z&#39;</em></span> <span class='ocrx_word' id='word_1_110' title='bbox 1043 662 1108 692; x_wconf 78' lang='lat' dir='ltr'><em>iam</em></span> <span class='ocrx_word' id='word_1_111' title='bbox 1129 674 1148 692; x_wconf 83' lang='lat' dir='ltr'><em>a</em></span> <span class='ocrx_word' id='word_1_112' title='bbox 1169 663 1235 693; x_wconf 85' lang='lat' dir='ltr'><em>Deo</em></span> <span class='ocrx_word' id='word_1_113' title='bbox 1260 665 1422 704; x_wconf 79' lang='lat' dir='ltr'><em>assumpti</em></span> <span class='ocrx_word' id='word_1_114' title='bbox 1445 664 1662 704; x_wconf 70' lang='lat' dir='ltr'><em>defendimus,</em></span> <span class='ocrx_word' id='word_1_115' title='bbox 1684 675 1744 704; x_wconf 78' lang='lat' dir='ltr'><em>per</em></span> <span class='ocrx_word' id='word_1_116' title='bbox 1766 669 1904 704; x_wconf 11' lang='lat' dir='ltr'><em>,Theggssw</em></span> 
     </span>
     <span class='ocr_line' id='line_1_11' title="bbox 51 712 1743 755; baseline 0.001 -11"><span class='ocrx_word' id='word_1_117' title='bbox 51 725 76 744; x_wconf 88' lang='grc' dir='ltr'><em>ιο</em></span> <span class='ocrx_word' id='word_1_118' title='bbox 99 713 156 744; x_wconf 80' lang='lat' dir='ltr'><em>lzoc</em></span> <span class='ocrx_word' id='word_1_119' title='bbox 184 724 251 744; x_wconf 81' lang='lat' dir='ltr'><em>non</em></span> <span class='ocrx_word' id='word_1_120' title='bbox 282 712 418 752; x_wconf 75' lang='lat' dir='ltr'><em>homini,</em></span> <span class='ocrx_word' id='word_1_121' title='bbox 449 713 505 743; x_wconf 76' lang='lat' dir='ltr'><em>sed</em></span> <span class='ocrx_word' id='word_1_122' title='bbox 533 713 596 743; x_wconf 77' lang='lat' dir='ltr'><em>soli</em></span> <span class='ocrx_word' id='word_1_123' title='bbox 620 713 688 743; x_wconf 87' lang='lat' dir='ltr'><em>Deo</em></span> <span class='ocrx_word' id='word_1_124' title='bbox 716 713 848 753; x_wconf 80' lang='lat' dir='ltr'><em>placere</em></span> <span class='ocrx_word' id='word_1_125' title='bbox 876 713 1119 744; x_wconf 83' lang='lat' dir='ltr'><em>contendimus&#39;.</em></span> <span class='ocrx_word' id='word_1_126' title='bbox 1165 713 1304 744; x_wconf 74' lang='lat' dir='ltr'><em>Fructus</em></span> <span class='ocrx_word' id='word_1_127' title='bbox 1336 726 1405 744; x_wconf 71' lang='lat' dir='ltr'><em>vero</em></span> <span class='ocrx_word' id='word_1_128' title='bbox 1433 716 1576 745; x_wconf 69' lang='lat' dir='ltr'><em>iustitiae</em></span> <span class='ocrx_word' id='word_1_129' title='bbox 1598 716 1632 746; x_wconf 84' lang='lat' dir='ltr'><em>in</em></span> <span class='ocrx_word' id='word_1_130' title='bbox 1658 727 1743 755; x_wconf 71' lang='lat' dir='ltr'><em>pace</em></span> 
     </span>
     <span class='ocr_line' id='line_1_12' title="bbox 97 762 1881 805; baseline 0.001 -10"><span class='ocrx_word' id='word_1_131' title='bbox 97 765 280 795; x_wconf 80' lang='lat' dir='ltr'><em>seminatur</em></span> <span class='ocrx_word' id='word_1_132' title='bbox 293 763 500 804; x_wconf 82' lang='lat' dir='ltr'><em>facientibus</em></span> <span class='ocrx_word' id='word_1_133' title='bbox 522 775 647 805; x_wconf 78' lang='lat' dir='ltr'><em>pacem,</em></span> <span class='ocrx_word' id='word_1_134' title='bbox 671 764 754 794; x_wconf 85' lang='lat' dir='ltr'><em>sicut</em></span> <span class='ocrx_word' id='word_1_135' title='bbox 777 762 914 794; x_wconf 84' lang='lat' dir='ltr'><em>Iacobus</em></span> <span class='ocrx_word' id='word_1_136' title='bbox 937 764 1102 805; x_wconf 86' lang='lat' dir='ltr'><em>apostolus</em></span> <span class='ocrx_word' id='word_1_137' title='bbox 1127 769 1275 805; x_wconf 80' lang='lat' dir='ltr'><em>testatur3</em></span> <span class='ocrx_word' id='word_1_138' title='bbox 1302 765 1356 796; x_wconf 87' lang='lat' dir='ltr'><em>sed</em></span> <span class='ocrx_word' id='word_1_139' title='bbox 1381 766 1457 796; x_wconf 85' lang='lat' dir='ltr'><em>dum</em></span> <span class='ocrx_word' id='word_1_140' title='bbox 1484 766 1611 797; x_wconf 87' lang='lat' dir='ltr'><em>heretici</em></span> <span class='ocrx_word' id='word_1_141' title='bbox 1636 766 1743 797; x_wconf 89' lang='lat' dir='ltr'><em>Deum</em></span> <span class='ocrx_word' id='word_1_142' title='bbox 1764 778 1881 799; x_wconf 23' lang='lat' dir='ltr'><em>Laetam.</em></span> 
     </span>
     <span class='ocr_line' id='line_1_13' title="bbox 97 814 1743 857; baseline 0.001 -11"><span class='ocrx_word' id='word_1_143' title='bbox 97 814 268 847; x_wconf 79' lang='lat' dir='ltr'><em>defendere</em></span> <span class='ocrx_word' id='word_1_144' title='bbox 297 816 452 854; x_wconf 80' lang='lat' dir='ltr'><em>nituntur,</em></span> <span class='ocrx_word' id='word_1_145' title='bbox 483 814 664 855; x_wconf 78' lang='lat' dir='ltr'><em>offendunt5</em></span> <span class='ocrx_word' id='word_1_146' title='bbox 699 820 818 857; x_wconf 84' lang='lat' dir='ltr'><em>quanto</em></span> <span class='ocrx_word' id='word_1_147' title='bbox 850 816 954 856; x_wconf 84' lang='lat' dir='ltr'><em>magis</em></span> <span class='ocrx_word' id='word_1_148' title='bbox 986 816 1041 857; x_wconf 90' lang='lat' dir='ltr'><em>qui</em></span> <span class='ocrx_word' id='word_1_149' title='bbox 1072 820 1195 857; x_wconf 86' lang='lat' dir='ltr'><em>partem</em></span> <span class='ocrx_word' id='word_1_150' title='bbox 1227 816 1360 847; x_wconf 85' lang='lat' dir='ltr'><em>alicuius</em></span> <span class='ocrx_word' id='word_1_151' title='bbox 1392 817 1529 848; x_wconf 86' lang='lat' dir='ltr'><em>hominis</em></span> <span class='ocrx_word' id='word_1_152' title='bbox 1557 817 1743 848; x_wconf 88' lang='lat' dir='ltr'><em>defendunt.</em></span> 
     </span>
     <span class='ocr_line' id='line_1_14' title="bbox 97 867 1743 909; baseline 0.001 -11"><span class='ocrx_word' id='word_1_153' title='bbox 97 867 314 898; x_wconf 79' lang='lat' dir='ltr'><em>Intuendum¹</em></span> <span class='ocrx_word' id='word_1_154' title='bbox 339 868 448 907; x_wconf 79' lang='lat' dir='ltr'><em>etiam,</em></span> <span class='ocrx_word' id='word_1_155' title='bbox 470 867 585 908; x_wconf 82' lang='lat' dir='ltr'><em>inquit,</em></span> <span class='ocrx_word' id='word_1_156' title='bbox 610 868 697 909; x_wconf 81' lang='lat' dir='ltr'><em>quod</em></span> <span class='ocrx_word' id='word_1_157' title='bbox 721 867 872 907; x_wconf 74' lang='lat' dir='ltr'><em>homines,</em></span> <span class='ocrx_word' id='word_1_158' title='bbox 901 868 958 908; x_wconf 80' lang='lat' dir='ltr'><em>qui</em></span> <span class='ocrx_word' id='word_1_159' title='bbox 989 867 1148 909; x_wconf 75' lang='lat' dir='ltr'><em>Wiyberto</em></span> <span class='ocrx_word' id='word_1_160' title='bbox 1179 868 1226 898; x_wconf 81' lang='lat' dir='ltr'><em>vel</em></span> <span class='ocrx_word' id='word_1_161' title='bbox 1248 868 1559 909; x_wconf 74' lang='lat' dir='ltr'><em>Henriclzofavent‚</em></span> <span class='ocrx_word' id='word_1_162' title='bbox 1591 875 1647 899; x_wconf 75' lang='lat' dir='ltr'><em>aut</em></span> <span class='ocrx_word' id='word_1_163' title='bbox 1672 875 1743 900; x_wconf 78' lang='lat' dir='ltr'><em>tem-</em></span> 
     </span>
     <span class='ocr_line' id='line_1_15' title="bbox 92 918 1370 960; baseline 0 -10"><span class='ocrx_word' id='word_1_164' title='bbox 92 918 222 960; x_wconf 79' lang='lat' dir='ltr'><em>poralis</em></span> <span class='ocrx_word' id='word_1_165' title='bbox 245 918 402 950; x_wconf 78' lang='lat' dir='ltr'><em>commodi</em></span> <span class='ocrx_word' id='word_1_166' title='bbox 423 923 571 959; x_wconf 72' lang='lat' dir='ltr'><em>respectu</em></span> <span class='ocrx_word' id='word_1_167' title='bbox 597 919 642 950; x_wconf 77' lang='lat' dir='ltr'><em>uel</em></span> <span class='ocrx_word' id='word_1_168' title='bbox 665 919 830 949; x_wconf 73' lang='lat' dir='ltr'><em>humanae</em></span> <span class='ocrx_word' id='word_1_169' title='bbox 851 918 980 960; x_wconf 69' lang='lat' dir='ltr'><em>yloriae</em></span> <span class='ocrx_word' id='word_1_170' title='bbox 995 919 1135 959; x_wconf 79' lang='lat' dir='ltr'><em>faciunt</em></span> <span class='ocrx_word' id='word_1_171' title='bbox 1158 920 1214 950; x_wconf 77' lang='lat' dir='ltr'><em>hoc</em></span> <span class='ocrx_word' id='word_1_172' title='bbox 1237 921 1370 950; x_wconf 50' lang='lat' dir='ltr'><em>intuitu.</em></span> 
     </span>
     <span class='ocr_line' id='line_1_16' title="bbox 51 969 1839 1013; baseline 0.001 -12"><span class='ocrx_word' id='word_1_173' title='bbox 51 981 77 1002; x_wconf 79' lang='lat'><em>15</em></span> <span class='ocrx_word' id='word_1_174' title='bbox 202 970 251 1001; x_wconf 90' lang='lat'><em>14.</em></span> <span class='ocrx_word' id='word_1_175' title='bbox 290 970 522 1001; x_wconf 81' lang='lat' dir='ltr'><em>Erubescimus</em></span> <span class='ocrx_word' id='word_1_176' title='bbox 539 981 627 1009; x_wconf 87' lang='lat' dir='ltr'><em>sane,</em></span> <span class='ocrx_word' id='word_1_177' title='bbox 651 969 737 1012; x_wconf 87' lang='lat' dir='ltr'><em>quod</em></span> <span class='ocrx_word' id='word_1_178' title='bbox 761 970 837 1001; x_wconf 88' lang='lat' dir='ltr'><em>facti</em></span> <span class='ocrx_word' id='word_1_179' title='bbox 862 981 973 1001; x_wconf 87' lang='lat' dir='ltr'><em>sumus</em></span> <span class='ocrx_word' id='word_1_180' title='bbox 998 971 1208 1012; x_wconf 78' lang='lat' dir='ltr'>obprobrium</span> <span class='ocrx_word' id='word_1_181' title='bbox 1233 972 1329 1001; x_wconf 90' lang='lat' dir='ltr'><em>nimis</em></span> <span class='ocrx_word' id='word_1_182' title='bbox 1352 972 1488 1002; x_wconf 87' lang='lat' dir='ltr'><em>inimicis</em></span> <span class='ocrx_word' id='word_1_183' title='bbox 1506 972 1634 1012; x_wconf 67' lang='lat' dir='ltr'><em>nostris,</em></span> <span class='ocrx_word' id='word_1_184' title='bbox 1659 971 1743 1013; x_wconf 90' lang='lat' dir='ltr'><em>quod</em></span> <span class='ocrx_word' id='word_1_185' title='bbox 1765 984 1839 1005; x_wconf 63' lang='lat' dir='ltr'><em>(xm)</em></span> 
     </span>
     <span class='ocr_line' id='line_1_17' title="bbox 97 1021 1746 1064; baseline 0.001 -12"><span class='ocrx_word' id='word_1_186' title='bbox 97 1028 128 1053; x_wconf 87' lang='lat' dir='ltr'><em>et</em></span> <span class='ocrx_word' id='word_1_187' title='bbox 151 1021 214 1052; x_wconf 85' lang='lat' dir='ltr'><em>dici</em></span> <span class='ocrx_word' id='word_1_188' title='bbox 245 1032 309 1053; x_wconf 88' lang='lat' dir='ltr'><em>non</em></span> <span class='ocrx_word' id='word_1_189' title='bbox 332 1021 428 1052; x_wconf 88' lang='lat' dir='ltr'><em>debet</em></span> <span class='ocrx_word' id='word_1_190' title='bbox 456 1022 524 1053; x_wconf 90' lang='lat' dir='ltr'><em>sine</em></span> <span class='ocrx_word' id='word_1_191' title='bbox 555 1021 712 1060; x_wconf 82' lang='lat' dir='ltr'><em>lacrimis,</em></span> <span class='ocrx_word' id='word_1_192' title='bbox 743 1022 818 1063; x_wconf 86' lang='lat' dir='ltr'><em>quia</em></span> <span class='ocrx_word' id='word_1_193' title='bbox 848 1022 909 1064; x_wconf 90' lang='lat' dir='ltr'><em>ipsi</em></span> <span class='ocrx_word' id='word_1_194' title='bbox 941 1022 1151 1054; x_wconf 84' lang='lat' dir='ltr'><em>ferventiores</em></span> <span class='ocrx_word' id='word_1_195' title='bbox 1183 1029 1256 1054; x_wconf 85' lang='lat' dir='ltr'><em>sunt</em></span> <span class='ocrx_word' id='word_1_196' title='bbox 1284 1023 1324 1053; x_wconf 88' lang='lat' dir='ltr'><em>ad</em></span> <span class='ocrx_word' id='word_1_197' title='bbox 1357 1023 1594 1054; x_wconf 80' lang='lat' dir='ltr'><em>defendendam</em></span> <span class='ocrx_word' id='word_1_198' title='bbox 1627 1024 1746 1064; x_wconf 83' lang='lat' dir='ltr'><em>pariter</em></span> 
     </span>
     <span class='ocr_line' id='line_1_18' title="bbox 97 1073 1745 1116; baseline -0.001 -11"><span class='ocrx_word' id='word_1_199' title='bbox 97 1079 128 1105; x_wconf 86' lang='lat' dir='ltr'><em>et</em></span> <span class='ocrx_word' id='word_1_200' title='bbox 157 1073 338 1114; x_wconf 87' lang='lat' dir='ltr'><em>augendam</em></span> <span class='ocrx_word' id='word_1_201' title='bbox 369 1078 493 1114; x_wconf 89' lang='lat' dir='ltr'><em>partem</em></span> <span class='ocrx_word' id='word_1_202' title='bbox 525 1074 574 1104; x_wconf 90' lang='lat' dir='ltr'><em>sui</em></span> <span class='ocrx_word' id='word_1_203' title='bbox 599 1073 758 1114; x_wconf 87' lang='lat' dir='ltr'>Gregorii,</span> <span class='ocrx_word' id='word_1_204' title='bbox 789 1084 886 1115; x_wconf 86' lang='lat' dir='ltr'><em>quam</em></span> <span class='ocrx_word' id='word_1_205' title='bbox 916 1075 1017 1105; x_wconf 83' lang='lat' dir='ltr'><em>nostri</em></span> <span class='ocrx_word' id='word_1_206' title='bbox 1046 1074 1086 1105; x_wconf 83' lang='lat' dir='ltr'><em>ad</em></span> <span class='ocrx_word' id='word_1_207' title='bbox 1113 1074 1313 1116; x_wconf 79' lang='lat' dir='ltr'>probandam</span> <span class='ocrx_word' id='word_1_208' title='bbox 1345 1080 1377 1105; x_wconf 88' lang='lat' dir='ltr'><em>et</em></span> <span class='ocrx_word' id='word_1_209' title='bbox 1401 1075 1653 1105; x_wconf 72' lang='lat' dir='ltr'><em>continuandam</em></span> <span class='ocrx_word' id='word_1_210' title='bbox 1679 1075 1745 1105; x_wconf 86' lang='lat' dir='ltr'><em>uni-</em></span> 
     </span>
     <span class='ocr_line' id='line_1_19' title="bbox 97 1123 1915 1168; baseline -0.001 -12"><span class='ocrx_word' id='word_1_211' title='bbox 97 1129 194 1156; x_wconf 84' lang='lat' dir='ltr'>tatem</span> <span class='ocrx_word' id='word_1_212' title='bbox 237 1123 414 1156; x_wconf 84' lang='lat' dir='ltr'><em>catholicae</em></span> <span class='ocrx_word' id='word_1_213' title='bbox 455 1124 608 1156; x_wconf 80' lang='lat' dir='ltr'><em>eeclesiae</em></span> <span class='ocrx_word' id='word_1_214' title='bbox 648 1124 778 1156; x_wconf 88' lang='lat' dir='ltr'>Christi.</span> <span class='ocrx_word' id='word_1_215' title='bbox 838 1125 920 1156; x_wconf 80' lang='lat' dir='ltr'><em>Nam</em></span> <span class='ocrx_word' id='word_1_216' title='bbox 960 1126 1051 1157; x_wconf 83' lang='lat' dir='ltr'><em>iuxta</em></span> <span class='ocrx_word' id='word_1_217' title='bbox 1089 1126 1174 1168; x_wconf 89' lang='lat' dir='ltr'><em>quod</em></span> <span class='ocrx_word' id='word_1_218' title='bbox 1212 1127 1330 1157; x_wconf 85' lang='lat' dir='ltr'><em>dicitur</em></span> <span class='ocrx_word' id='word_1_219' title='bbox 1367 1127 1397 1157; x_wconf 91' lang='lat' dir='ltr'><em>in</em></span> <span class='ocrx_word' id='word_1_220' title='bbox 1436 1126 1606 1167; x_wconf 82' lang='lat' dir='ltr'><em>euangelio</em></span> <span class='ocrx_word' id='word_1_221' title='bbox 1646 1127 1744 1156; x_wconf 86' lang='lat' dir='ltr'><em>moris</em></span> <span class='ocrx_word' id='word_1_222' title='bbox 1764 1138 1915 1160; x_wconf 50' lang='lat' dir='ltr'><em>mannan.</em></span> 
     </span>
     <span class='ocr_line' id='line_1_20' title="bbox 97 1176 1744 1218; baseline 0.001 -11"><span class='ocrx_word' id='word_1_223' title='bbox 97 1188 167 1208; x_wconf 87' lang='lat' dir='ltr'><em>esse</em></span> <span class='ocrx_word' id='word_1_224' title='bbox 203 1177 381 1208; x_wconf 85' lang='lat' dir='ltr'><em>scribarum</em></span> <span class='ocrx_word' id='word_1_225' title='bbox 416 1182 446 1207; x_wconf 90' lang='lat' dir='ltr'><em>et</em></span> <span class='ocrx_word' id='word_1_226' title='bbox 480 1176 722 1218; x_wconf 86' lang='lat' dir='ltr'><em>pharisaeorum</em></span> <span class='ocrx_word' id='word_1_227' title='bbox 757 1181 789 1207; x_wconf 87' lang='lat' dir='ltr'><em>et</em></span> <span class='ocrx_word' id='word_1_228' title='bbox 823 1177 1081 1218; x_wconf 82' lang='lat' dir='ltr'>hypocritarum,</span> <span class='ocrx_word' id='word_1_229' title='bbox 1118 1179 1316 1210; x_wconf 87' lang='lat' dir='ltr'><em>circumeunt</em></span> <span class='ocrx_word' id='word_1_230' title='bbox 1351 1189 1438 1209; x_wconf 85' lang='lat' dir='ltr'><em>mare</em></span> <span class='ocrx_word' id='word_1_231' title='bbox 1473 1184 1503 1209; x_wconf 89' lang='lat' dir='ltr'><em>et</em></span> <span class='ocrx_word' id='word_1_232' title='bbox 1537 1178 1674 1217; x_wconf 76' lang='lat' dir='ltr'><em>aridam,</em></span> <span class='ocrx_word' id='word_1_233' title='bbox 1712 1183 1744 1208; x_wconf 87' lang='lat' dir='ltr'><em>ut</em></span> 
     </span>
     <span class='ocr_line' id='line_1_21' title="bbox 51 1227 1745 1272; baseline 0.001 -13"><span class='ocrx_word' id='word_1_234' title='bbox 51 1241 78 1260; x_wconf 81' lang='lat'><em>20</em></span> <span class='ocrx_word' id='word_1_235' title='bbox 98 1239 162 1259; x_wconf 89' lang='lat' dir='ltr'><em>non</em></span> <span class='ocrx_word' id='word_1_236' title='bbox 191 1232 314 1259; x_wconf 82' lang='lat' dir='ltr'><em>tantum</em></span> <span class='ocrx_word' id='word_1_237' title='bbox 344 1227 464 1259; x_wconf 88' lang='lat' dir='ltr'><em>faciant</em></span> <span class='ocrx_word' id='word_1_238' title='bbox 493 1239 591 1258; x_wconf 90' lang='lat' dir='ltr'><em>unum</em></span> <span class='ocrx_word' id='word_1_239' title='bbox 622 1227 831 1270; x_wconf 74' lang='lat' dir='ltr'><em>proselytum,</em></span> <span class='ocrx_word' id='word_1_240' title='bbox 864 1228 919 1260; x_wconf 89' lang='lat' dir='ltr'><em>sed</em></span> <span class='ocrx_word' id='word_1_241' title='bbox 948 1234 982 1260; x_wconf 88' lang='lat' dir='ltr'><em>ut</em></span> <span class='ocrx_word' id='word_1_242' title='bbox 1005 1236 1090 1260; x_wconf 87' lang='lat' dir='ltr'><em>totus</em></span> <span class='ocrx_word' id='word_1_243' title='bbox 1114 1230 1252 1260; x_wconf 86' lang='lat' dir='ltr'><em>mundus</em></span> <span class='ocrx_word' id='word_1_244' title='bbox 1275 1230 1374 1261; x_wconf 81' lang='lat' dir='ltr'><em>vadat</em></span> <span class='ocrx_word' id='word_1_245' title='bbox 1396 1235 1468 1272; x_wconf 89' lang='lat' dir='ltr'><em>post</em></span> <span class='ocrx_word' id='word_1_246' title='bbox 1491 1241 1556 1266; x_wconf 89' lang='lat' dir='ltr'><em>eos,</em></span> <span class='ocrx_word' id='word_1_247' title='bbox 1587 1241 1650 1261; x_wconf 86' lang='lat' dir='ltr'><em>non</em></span> <span class='ocrx_word' id='word_1_248' title='bbox 1674 1236 1745 1271; x_wconf 90' lang='lat' dir='ltr'><em>post</em></span> 
     </span>
     <span class='ocr_line' id='line_1_22' title="bbox 98 1279 1742 1323; baseline 0.001 -13"><span class='ocrx_word' id='word_1_249' title='bbox 98 1279 279 1319; x_wconf 83' lang='lat' dir='ltr'><em>Christum3</em></span> <span class='ocrx_word' id='word_1_250' title='bbox 312 1280 398 1311; x_wconf 83' lang='lat' dir='ltr'><em>unde</em></span> <span class='ocrx_word' id='word_1_251' title='bbox 428 1285 459 1311; x_wconf 87' lang='lat' dir='ltr'><em>et</em></span> <span class='ocrx_word' id='word_1_252' title='bbox 481 1280 653 1322; x_wconf 85' lang='lat' dir='ltr'><em>pharisaei⁷</em></span> <span class='ocrx_word' id='word_1_253' title='bbox 677 1280 731 1322; x_wconf 88' lang='lat' dir='ltr'><em>qui</em></span> <span class='ocrx_word' id='word_1_254' title='bbox 755 1279 906 1311; x_wconf 88' lang='lat' dir='ltr'><em>dicuntur</em></span> <span class='ocrx_word' id='word_1_255' title='bbox 929 1281 1024 1311; x_wconf 88' lang='lat' dir='ltr'><em>divisi</em></span> <span class='ocrx_word' id='word_1_256' title='bbox 1036 1287 1057 1322; x_wconf 79' lang='lat'><em>²,</em></span> <span class='ocrx_word' id='word_1_257' title='bbox 1085 1281 1272 1313; x_wconf 86' lang='lat' dir='ltr'><em>invidebant</em></span> <span class='ocrx_word' id='word_1_258' title='bbox 1295 1281 1433 1322; x_wconf 86' lang='lat' dir='ltr'><em>Christo,</em></span> <span class='ocrx_word' id='word_1_259' title='bbox 1464 1282 1547 1313; x_wconf 87' lang='lat' dir='ltr'><em>sicut</em></span> <span class='ocrx_word' id='word_1_260' title='bbox 1572 1281 1689 1323; x_wconf 81' lang='lat' dir='ltr'><em>legitur</em></span> <span class='ocrx_word' id='word_1_261' title='bbox 1713 1282 1742 1311; x_wconf 90' lang='lat' dir='ltr'><em>in</em></span> 
     </span>
     <span class='ocr_line' id='line_1_23' title="bbox 95 1330 1742 1375; baseline 0.001 -13"><span class='ocrx_word' id='word_1_262' title='bbox 95 1331 274 1373; x_wconf 84' lang='lat' dir='ltr'><em>euangelio,</em></span> <span class='ocrx_word' id='word_1_263' title='bbox 299 1331 386 1374; x_wconf 89' lang='lat' dir='ltr'><em>quod</em></span> <span class='ocrx_word' id='word_1_264' title='bbox 410 1331 514 1372; x_wconf 83' lang='lat' dir='ltr'><em>turba,</em></span> <span class='ocrx_word' id='word_1_265' title='bbox 540 1342 621 1373; x_wconf 85' lang='lat' dir='ltr'><em>quae</em></span> <span class='ocrx_word' id='word_1_266' title='bbox 646 1330 861 1374; x_wconf 78' lang='lat' dir='ltr'><em>praecedebat</em></span> <span class='ocrx_word' id='word_1_267' title='bbox 885 1337 916 1363; x_wconf 89' lang='lat' dir='ltr'><em>et</em></span> <span class='ocrx_word' id='word_1_268' title='bbox 940 1344 1021 1374; x_wconf 86' lang='lat' dir='ltr'><em>quae</em></span> <span class='ocrx_word' id='word_1_269' title='bbox 1046 1333 1241 1374; x_wconf 80' lang='lat' dir='ltr'><em>sequebatur</em></span> <span class='ocrx_word' id='word_1_270' title='bbox 1263 1339 1388 1365; x_wconf 88' lang='lat' dir='ltr'><em>euntem</em></span> <span class='ocrx_word' id='word_1_271' title='bbox 1407 1333 1679 1375; x_wconf 79' lang='lat' dir='ltr'>Hierosolymam,</span> <span class='ocrx_word' id='word_1_272' title='bbox 1703 1333 1742 1364; x_wconf 87' lang='lat' dir='ltr'><em>ad</em></span> 
     </span>
     <span class='ocr_line' id='line_1_24' title="bbox 98 1382 1869 1428; baseline 0.001 -15"><span class='ocrx_word' id='word_1_273' title='bbox 98 1383 253 1414; x_wconf 84' lang='lat' dir='ltr'><em>visionem</em></span> <span class='ocrx_word' id='word_1_274' title='bbox 272 1383 395 1414; x_wconf 83' lang='lat' dir='ltr'><em>scilicet</em></span> <span class='ocrx_word' id='word_1_275' title='bbox 412 1384 530 1425; x_wconf 63' lang='lat' dir='ltr'><em>pacisss⁷</em></span> <span class='ocrx_word' id='word_1_276' title='bbox 555 1382 666 1414; x_wconf 89' lang='lat' dir='ltr'><em>laudes</em></span> <span class='ocrx_word' id='word_1_277' title='bbox 683 1383 910 1415; x_wconf 76' lang='lat' dir='ltr'><em>acclamaverit</em></span> <span class='ocrx_word' id='word_1_278' title='bbox 928 1385 970 1415; x_wconf 88' lang='lat' dir='ltr'><em>ei:</em></span> <span class='ocrx_word' id='word_1_279' title='bbox 996 1385 1140 1425; x_wconf 78' lang='lat' dir='ltr'><em>Osa-nna,</em></span> <span class='ocrx_word' id='word_1_280' title='bbox 1163 1385 1357 1426; x_wconf 79' lang='lat' dir='ltr'><em>benedictus,</em></span> <span class='ocrx_word' id='word_1_281' title='bbox 1380 1387 1437 1428; x_wconf 75' lang='lat' dir='ltr'><em>qui</em></span> <span class='ocrx_word' id='word_1_282' title='bbox 1454 1388 1539 1417; x_wconf 77' lang='lat' dir='ltr'><em>venit</em></span> <span class='ocrx_word' id='word_1_283' title='bbox 1561 1388 1596 1417; x_wconf 73' lang='lat' dir='ltr'><em>vin</em></span> <span class='ocrx_word' id='word_1_284' title='bbox 1614 1387 1744 1416; x_wconf 80' lang='lat' dir='ltr'><em>nomine</em></span> <span class='ocrx_word' id='word_1_285' title='bbox 1765 1397 1869 1417; x_wconf 52' lang='lat' dir='ltr'><em>meno.</em></span> 
     </span>
     <span class='ocr_line' id='line_1_25' title="bbox 99 1434 1899 1479; baseline 0.001 -13"><span class='ocrx_word' id='word_1_286' title='bbox 99 1435 243 1476; x_wconf 78' lang='lat' dir='ltr'><em>Domini,</em></span> <span class='ocrx_word' id='word_1_287' title='bbox 267 1439 299 1466; x_wconf 86' lang='lat' dir='ltr'><em>et</em></span> <span class='ocrx_word' id='word_1_288' title='bbox 321 1434 484 1466; x_wconf 83' lang='lat' dir='ltr'><em>dicebant:</em></span> <span class='ocrx_word' id='word_1_289' title='bbox 517 1435 644 1476; x_wconf 78' lang='lat' dir='ltr'><em>Videtis,</em></span> <span class='ocrx_word' id='word_1_290' title='bbox 669 1436 748 1477; x_wconf 71' lang='lat' dir='ltr'><em>quia</em></span> <span class='ocrx_word' id='word_1_291' title='bbox 772 1435 858 1466; x_wconf 72' lang='lat' dir='ltr'><em>nihil</em></span> <span class='ocrx_word' id='word_1_292' title='bbox 881 1436 1080 1476; x_wconf 67' lang='lat' dir='ltr'><em>proficimzw,</em></span> <span class='ocrx_word' id='word_1_293' title='bbox 1103 1447 1171 1468; x_wconf 81' lang='lat' dir='ltr'><em>ecce</em></span> <span class='ocrx_word' id='word_1_294' title='bbox 1193 1438 1336 1468; x_wconf 79' lang='lat' dir='ltr'><em>mundus</em></span> <span class='ocrx_word' id='word_1_295' title='bbox 1360 1442 1443 1468; x_wconf 77' lang='lat' dir='ltr'><em>totus</em></span> <span class='ocrx_word' id='word_1_296' title='bbox 1462 1442 1538 1479; x_wconf 82' lang='lat' dir='ltr'><em>post</em></span> <span class='ocrx_word' id='word_1_297' title='bbox 1558 1449 1629 1468; x_wconf 79' lang='lat' dir='ltr'><em>eum</em></span> <span class='ocrx_word' id='word_1_298' title='bbox 1653 1437 1744 1468; x_wconf 77' lang='lat' dir='ltr'><em>abiit.</em></span> <span class='ocrx_word' id='word_1_299' title='bbox 1765 1449 1899 1471; x_wconf 64' lang='lat'><em>1011.12‚1⁴›.</em></span> 
     </span>
     <span class='ocr_line' id='line_1_26' title="bbox 51 1485 1883 1540; baseline 0 -22"><span class='ocrx_word' id='word_1_300' title='bbox 51 1499 78 1518; x_wconf 80' lang='lat'><em>25</em></span> <span class='ocrx_word' id='word_1_301' title='bbox 97 1485 152 1517; x_wconf 73' lang='lat' dir='ltr'><em>*Et</em></span> <span class='ocrx_word' id='word_1_302' title='bbox 174 1485 243 1517; x_wconf 90' lang='lat' dir='ltr'><em>ille:</em></span> <span class='ocrx_word' id='word_1_303' title='bbox 275 1486 354 1518; x_wconf 81' lang='lat' dir='ltr'><em>Cum</em></span> <span class='ocrx_word' id='word_1_304' title='bbox 376 1486 551 1526; x_wconf 63' lang='lat' dir='ltr'><em>multatus,</em></span> <span class='ocrx_word' id='word_1_305' title='bbox 578 1487 692 1529; x_wconf 88' lang='lat' dir='ltr'><em>inquit,</em></span> <span class='ocrx_word' id='word_1_306' title='bbox 712 1487 827 1528; x_wconf 80' lang='lat' dir='ltr'><em>fuero,</em></span> <span class='ocrx_word' id='word_1_307' title='bbox 857 1488 968 1517; x_wconf 76' lang='lat' dir='ltr'><em>onznia</em></span> <span class='ocrx_word' id='word_1_308' title='bbox 997 1488 1127 1519; x_wconf 75' lang='lat' dir='ltr'><em>traham</em></span> <span class='ocrx_word' id='word_1_309' title='bbox 1159 1489 1203 1519; x_wconf 88' lang='lat' dir='ltr'><em>ad</em></span> <span class='ocrx_word' id='word_1_310' title='bbox 1232 1501 1288 1520; x_wconf 77' lang='lat' dir='ltr'><em>nze.</em></span> <span class='ocrx_word' id='word_1_311' title='bbox 1333 1488 1376 1520; x_wconf 80' lang='lat' dir='ltr'><em>Et</em></span> <span class='ocrx_word' id='word_1_312' title='bbox 1403 1490 1524 1530; x_wconf 84' lang='lat' dir='ltr'><em>gratias</em></span> <span class='ocrx_word' id='word_1_313' title='bbox 1548 1499 1649 1530; x_wconf 81' lang='lat' dir='ltr'><em>agens</em></span> <span class='ocrx_word' id='word_1_314' title='bbox 1672 1488 1744 1519; x_wconf 88' lang='lat' dir='ltr'><em>Deo</em></span> <span class='ocrx_word' id='word_1_315' title='bbox 1764 1487 1883 1540; x_wconf 52' lang='lat' dir='ltr'><em>i}[{;}{[³²&#39;</em></span> 
     </span>
     <span class='ocr_line' id='line_1_27' title="bbox 98 1537 1744 1582; baseline 0.001 -14"><span class='ocrx_word' id='word_1_316' title='bbox 98 1538 191 1579; x_wconf 88' lang='lat' dir='ltr'><em>patri,</em></span> <span class='ocrx_word' id='word_1_317' title='bbox 216 1537 303 1580; x_wconf 87' lang='lat' dir='ltr'><em>quod</em></span> <span class='ocrx_word' id='word_1_318' title='bbox 327 1538 460 1568; x_wconf 88' lang='lat' dir='ltr'><em>mitibus</em></span> <span class='ocrx_word' id='word_1_319' title='bbox 483 1543 580 1580; x_wconf 86' lang='lat' dir='ltr'><em>atque</em></span> <span class='ocrx_word' id='word_1_320' title='bbox 603 1539 779 1569; x_wconf 84' lang='lat' dir='ltr'><em>mansuetis</em></span> <span class='ocrx_word' id='word_1_321' title='bbox 802 1538 992 1570; x_wconf 83' lang='lat' dir='ltr'><em>revelaverit</em></span> <span class='ocrx_word' id='word_1_322' title='bbox 1015 1546 1214 1571; x_wconf 85' lang='lat' dir='ltr'><em>sacramenta</em></span> <span class='ocrx_word' id='word_1_323' title='bbox 1238 1540 1395 1572; x_wconf 86' lang='lat' dir='ltr'><em>adventus</em></span> <span class='ocrx_word' id='word_1_324' title='bbox 1423 1541 1482 1579; x_wconf 78' lang='lat' dir='ltr'><em>sui,</em></span> <span class='ocrx_word' id='word_1_325' title='bbox 1513 1551 1595 1582; x_wconf 85' lang='lat' dir='ltr'><em>quae</em></span> <span class='ocrx_word' id='word_1_326' title='bbox 1625 1540 1744 1571; x_wconf 82' lang='lat' dir='ltr'><em>nescie-</em></span> 
     </span>
     <span class='ocr_line' id='line_1_28' title="bbox 97 1583 1890 1634; baseline 0.001 -14"><span class='ocrx_word' id='word_1_327' title='bbox 97 1594 172 1621; x_wconf 87' lang='lat' dir='ltr'><em>runt</em></span> <span class='ocrx_word' id='word_1_328' title='bbox 194 1588 321 1621; x_wconf 87' lang='lat' dir='ltr'><em>scribae</em></span> <span class='ocrx_word' id='word_1_329' title='bbox 343 1593 375 1620; x_wconf 86' lang='lat' dir='ltr'><em>et</em></span> <span class='ocrx_word' id='word_1_330' title='bbox 398 1589 576 1631; x_wconf 86' lang='lat' dir='ltr'><em>pharisaei:</em></span> <span class='ocrx_word' id='word_1_331' title='bbox 601 1589 770 1630; x_wconf 77' lang='lat' dir='ltr'><em>Confiteor,</em></span> <span class='ocrx_word' id='word_1_332' title='bbox 794 1590 909 1631; x_wconf 83' lang='lat' dir='ltr'><em>inquit,</em></span> <span class='ocrx_word' id='word_1_333' title='bbox 932 1590 1108 1632; x_wconf 76' lang='lat' dir='ltr'><em>tibipater,</em></span> <span class='ocrx_word' id='word_1_334' title='bbox 1131 1593 1261 1623; x_wconf 85' lang='lat' dir='ltr'><em>domine</em></span> <span class='ocrx_word' id='word_1_335' title='bbox 1279 1593 1360 1624; x_wconf 83' lang='lat' dir='ltr'><em>caeli</em></span> <span class='ocrx_word' id='word_1_336' title='bbox 1382 1598 1410 1624; x_wconf 87' lang='lat' dir='ltr'><em>et</em></span> <span class='ocrx_word' id='word_1_337' title='bbox 1433 1598 1548 1631; x_wconf 77' lang='lat' dir='ltr'><em>terrae,</em></span> <span class='ocrx_word' id='word_1_338' title='bbox 1572 1593 1651 1634; x_wconf 72' lang='lat' dir='ltr'><em>quia</em></span> <span class='ocrx_word' id='word_1_339' title='bbox 1673 1591 1742 1622; x_wconf 80' lang='lat' dir='ltr'><em>abs-</em></span> <span class='ocrx_word' id='word_1_340' title='bbox 1766 1583 1890 1632; x_wconf 27' lang='grc' dir='ltr'><em>’ἓξὲξ-,ᾆξ’</em></span> 
     </span>
     <span class='ocr_line' id='line_1_29' title="bbox 98 1641 1743 1686; baseline 0.001 -14"><span class='ocrx_word' id='word_1_341' title='bbox 98 1641 241 1673; x_wconf 85' lang='lat' dir='ltr'><em>condisti</em></span> <span class='ocrx_word' id='word_1_342' title='bbox 270 1641 350 1672; x_wconf 79' lang='lat' dir='ltr'><em>haec</em></span> <span class='ocrx_word' id='word_1_343' title='bbox 379 1653 399 1671; x_wconf 86' lang='grc' dir='ltr'><em>α</em></span> <span class='ocrx_word' id='word_1_344' title='bbox 426 1641 632 1682; x_wconf 78' lang='lat' dir='ltr'><em>sapientibus</em></span> <span class='ocrx_word' id='word_1_345' title='bbox 661 1646 690 1672; x_wconf 86' lang='lat' dir='ltr'><em>et</em></span> <span class='ocrx_word' id='word_1_346' title='bbox 715 1642 937 1683; x_wconf 73' lang='lat' dir='ltr'><em>prudentibus</em></span> <span class='ocrx_word' id='word_1_347' title='bbox 965 1647 992 1673; x_wconf 81' lang='lat' dir='ltr'><em>et</em></span> <span class='ocrx_word' id='word_1_348' title='bbox 1022 1642 1173 1674; x_wconf 76' lang='lat' dir='ltr'><em>revelasti</em></span> <span class='ocrx_word' id='word_1_349' title='bbox 1195 1655 1233 1674; x_wconf 87' lang='lat' dir='ltr'><em>ea</em></span> <span class='ocrx_word' id='word_1_350' title='bbox 1252 1644 1414 1686; x_wconf 72' lang='lat' dir='ltr'><em>parvulis.</em></span> <span class='ocrx_word' id='word_1_351' title='bbox 1460 1645 1510 1675; x_wconf 82' lang='lat' dir='ltr'><em>Ita</em></span> <span class='ocrx_word' id='word_1_352' title='bbox 1534 1649 1641 1685; x_wconf 77' lang='lat' dir='ltr'><em>pater,</em></span> <span class='ocrx_word' id='word_1_353' title='bbox 1669 1654 1743 1684; x_wconf 80' lang='lat' dir='ltr'><em>quo-</em></span> 
     </span>
     <span class='ocr_line' id='line_1_30' title="bbox 99 1692 1742 1737; baseline 0 -13"><span class='ocrx_word' id='word_1_354' title='bbox 99 1693 187 1724; x_wconf 83' lang='lat' dir='ltr'><em>niam</em></span> <span class='ocrx_word' id='word_1_355' title='bbox 217 1694 265 1724; x_wconf 85' lang='lat' dir='ltr'><em>sic</em></span> <span class='ocrx_word' id='word_1_356' title='bbox 286 1693 360 1734; x_wconf 86' lang='lat' dir='ltr'><em>fuit</em></span> <span class='ocrx_word' id='word_1_357' title='bbox 384 1692 546 1734; x_wconf 73' lang='lat' dir='ltr'><em>placitum</em></span> <span class='ocrx_word' id='word_1_358' title='bbox 576 1698 650 1724; x_wconf 85' lang='lat' dir='ltr'><em>ante</em></span> <span class='ocrx_word' id='word_1_359' title='bbox 679 1698 717 1724; x_wconf 79' lang='lat' dir='ltr'><em>te.</em></span> <span class='ocrx_word' id='word_1_360' title='bbox 767 1693 887 1724; x_wconf 83' lang='lat' dir='ltr'><em>Omnia</em></span> <span class='ocrx_word' id='word_1_361' title='bbox 916 1694 998 1725; x_wconf 54' lang='lat' dir='ltr'><em>milti</em></span> <span class='ocrx_word' id='word_1_362' title='bbox 1020 1695 1146 1726; x_wconf 83' lang='lat' dir='ltr'><em>tradita</em></span> <span class='ocrx_word' id='word_1_363' title='bbox 1170 1700 1244 1726; x_wconf 80' lang='lat' dir='ltr'><em>sunt</em></span> <span class='ocrx_word' id='word_1_364' title='bbox 1272 1707 1292 1726; x_wconf 83' lang='lat' dir='ltr'><em>a</em></span> <span class='ocrx_word' id='word_1_365' title='bbox 1315 1701 1408 1737; x_wconf 77' lang='lat' dir='ltr'><em>patre</em></span> <span class='ocrx_word' id='word_1_366' title='bbox 1431 1707 1507 1727; x_wconf 80' lang='lat' dir='ltr'><em>meo.</em></span> <span class='ocrx_word' id='word_1_367' title='bbox 1553 1695 1647 1735; x_wconf 86' lang='lat' dir='ltr'><em>Ecce,</em></span> <span class='ocrx_word' id='word_1_368' title='bbox 1671 1705 1742 1725; x_wconf 87' lang='lat' dir='ltr'><em>cum</em></span> 
     </span>
     <span class='ocr_line' id='line_1_31' title="bbox 51 1743 1746 1788; baseline 0.001 -13"><span class='ocrx_word' id='word_1_369' title='bbox 51 1757 78 1776; x_wconf 78' lang='lat'><em>³0</em></span> <span class='ocrx_word' id='word_1_370' title='bbox 98 1743 258 1776; x_wconf 81' lang='lat' dir='ltr'><em>exaltatus</em></span> <span class='ocrx_word' id='word_1_371' title='bbox 286 1744 381 1776; x_wconf 85' lang='lat' dir='ltr'><em>fuerit</em></span> <span class='ocrx_word' id='word_1_372' title='bbox 405 1744 561 1783; x_wconf 80' lang='lat' dir='ltr'><em>Christus,</em></span> <span class='ocrx_word' id='word_1_373' title='bbox 591 1743 710 1775; x_wconf 83' lang='lat' dir='ltr'><em>dicitur</em></span> <span class='ocrx_word' id='word_1_374' title='bbox 737 1745 777 1775; x_wconf 86' lang='lat' dir='ltr'><em>ad</em></span> <span class='ocrx_word' id='word_1_375' title='bbox 811 1756 844 1776; x_wconf 89' lang='lat' dir='ltr'><em>se</em></span> <span class='ocrx_word' id='word_1_376' title='bbox 875 1745 982 1776; x_wconf 86' lang='lat' dir='ltr'><em>omnia</em></span> <span class='ocrx_word' id='word_1_377' title='bbox 1012 1745 1148 1785; x_wconf 81' lang='lat' dir='ltr'><em>trahere,</em></span> <span class='ocrx_word' id='word_1_378' title='bbox 1180 1751 1211 1777; x_wconf 86' lang='lat' dir='ltr'><em>et</em></span> <span class='ocrx_word' id='word_1_379' title='bbox 1242 1747 1302 1778; x_wconf 86' lang='lat' dir='ltr'><em>sibi</em></span> <span class='ocrx_word' id='word_1_380' title='bbox 1333 1748 1441 1778; x_wconf 84' lang='lat' dir='ltr'><em>omnia</em></span> <span class='ocrx_word' id='word_1_381' title='bbox 1471 1758 1489 1777; x_wconf 88' lang='lat' dir='ltr'><em>a</em></span> <span class='ocrx_word' id='word_1_382' title='bbox 1513 1751 1604 1788; x_wconf 84' lang='lat' dir='ltr'><em>patre</em></span> <span class='ocrx_word' id='word_1_383' title='bbox 1629 1745 1746 1777; x_wconf 79' lang='lat' dir='ltr'><em>tradita</em></span> 
     </span>
     <span class='ocr_line' id='line_1_32' title="bbox 99 1795 1745 1838; baseline 0.001 -11"><span class='ocrx_word' id='word_1_384' title='bbox 99 1807 178 1828; x_wconf 86' lang='lat' dir='ltr'><em>esse.</em></span> <span class='ocrx_word' id='word_1_385' title='bbox 223 1795 287 1827; x_wconf 87' lang='lat' dir='ltr'><em>Sed</em></span> <span class='ocrx_word' id='word_1_386' title='bbox 315 1795 378 1836; x_wconf 87' lang='lat' dir='ltr'><em>ille,</em></span> <span class='ocrx_word' id='word_1_387' title='bbox 406 1797 460 1838; x_wconf 90' lang='lat' dir='ltr'><em>qui</em></span> <span class='ocrx_word' id='word_1_388' title='bbox 493 1807 554 1827; x_wconf 88' lang='lat' dir='ltr'><em>non</em></span> <span class='ocrx_word' id='word_1_389' title='bbox 587 1801 635 1827; x_wconf 89' lang='lat' dir='ltr'><em>est</em></span> <span class='ocrx_word' id='word_1_390' title='bbox 657 1797 689 1826; x_wconf 89' lang='lat' dir='ltr'><em>in</em></span> <span class='ocrx_word' id='word_1_391' title='bbox 718 1796 778 1827; x_wconf 85' lang='lat' dir='ltr'><em>hac</em></span> <span class='ocrx_word' id='word_1_392' title='bbox 801 1797 1009 1828; x_wconf 81' lang='lat' dir='ltr'><em>universitate</em></span> <span class='ocrx_word' id='word_1_393' title='bbox 1020 1803 1042 1836; x_wconf 83' lang='lat'><em>³,</em></span> <span class='ocrx_word' id='word_1_394' title='bbox 1072 1798 1131 1828; x_wconf 87' lang='lat' dir='ltr'><em>hoc</em></span> <span class='ocrx_word' id='word_1_395' title='bbox 1156 1803 1204 1829; x_wconf 86' lang='lat' dir='ltr'><em>est</em></span> <span class='ocrx_word' id='word_1_396' title='bbox 1227 1799 1259 1829; x_wconf 90' lang='lat' dir='ltr'><em>in</em></span> <span class='ocrx_word' id='word_1_397' title='bbox 1283 1798 1441 1829; x_wconf 82' lang='lat' dir='ltr'><em>catholica</em></span> <span class='ocrx_word' id='word_1_398' title='bbox 1465 1798 1608 1838; x_wconf 83' lang='lat' dir='ltr'><em>ecclesia,</em></span> <span class='ocrx_word' id='word_1_399' title='bbox 1633 1798 1745 1828; x_wconf 84' lang='lat' dir='ltr'><em>scribit</em></span> 
     </span>
     <span class='ocr_line' id='line_1_33' title="bbox 98 1847 1744 1891; baseline 0.001 -13"><span class='ocrx_word' id='word_1_400' title='bbox 98 1847 188 1879; x_wconf 85' lang='lat' dir='ltr'><em>talia:</em></span> <span class='ocrx_word' id='word_1_401' title='bbox 212 1847 292 1888; x_wconf 74' lang='lat' dir='ltr'><em>Nos,</em></span> <span class='ocrx_word' id='word_1_402' title='bbox 314 1847 427 1890; x_wconf 77' lang='lat' dir='ltr'><em>inquit,</em></span> <span class='ocrx_word' id='word_1_403' title='bbox 451 1849 510 1890; x_wconf 78' lang='lat' dir='ltr'><em>qui</em></span> <span class='ocrx_word' id='word_1_404' title='bbox 534 1849 655 1879; x_wconf 81' lang='lat' dir='ltr'><em>iustam</em></span> <span class='ocrx_word' id='word_1_405' title='bbox 676 1853 800 1888; x_wconf 82' lang='lat' dir='ltr'><em>partem</em></span> <span class='ocrx_word' id='word_1_406' title='bbox 826 1848 982 1890; x_wconf 72' lang='lat' dir='ltr'><em>Greyorii</em></span> <span class='ocrx_word' id='word_1_407' title='bbox 1003 1850 1070 1880; x_wconf 77' lang='lat' dir='ltr'><em>iam</em></span> <span class='ocrx_word' id='word_1_408' title='bbox 1095 1862 1114 1880; x_wconf 86' lang='lat' dir='ltr'><em>a</em></span> <span class='ocrx_word' id='word_1_409' title='bbox 1140 1850 1207 1881; x_wconf 83' lang='lat' dir='ltr'><em>Deo</em></span> <span class='ocrx_word' id='word_1_410' title='bbox 1231 1852 1401 1891; x_wconf 76' lang='lat' dir='ltr'><em>assumpti,</em></span> <span class='ocrx_word' id='word_1_411' title='bbox 1430 1851 1513 1880; x_wconf 82' lang='lat' dir='ltr'><em>sicut</em></span> <span class='ocrx_word' id='word_1_412' title='bbox 1543 1851 1665 1880; x_wconf 78' lang='lat' dir='ltr'><em>iustum</em></span> <span class='ocrx_word' id='word_1_413' title='bbox 1689 1854 1744 1889; x_wconf 78' lang='lat' dir='ltr'><em>est,</em></span> 
     </span>
     <span class='ocr_line' id='line_1_34' title="bbox 99 1899 1742 1942; baseline -0.001 -11"><span class='ocrx_word' id='word_1_414' title='bbox 99 1899 314 1941; x_wconf 78' lang='lat' dir='ltr'><em>defendimus,</em></span> <span class='ocrx_word' id='word_1_415' title='bbox 335 1911 396 1941; x_wconf 81' lang='lat' dir='ltr'><em>per</em></span> <span class='ocrx_word' id='word_1_416' title='bbox 418 1899 474 1930; x_wconf 83' lang='lat' dir='ltr'><em>Izoc</em></span> <span class='ocrx_word' id='word_1_417' title='bbox 497 1911 563 1930; x_wconf 84' lang='lat' dir='ltr'><em>non</em></span> <span class='ocrx_word' id='word_1_418' title='bbox 587 1899 721 1940; x_wconf 77' lang='lat' dir='ltr'><em>homini,</em></span> <span class='ocrx_word' id='word_1_419' title='bbox 745 1900 801 1930; x_wconf 84' lang='lat' dir='ltr'><em>sed</em></span> <span class='ocrx_word' id='word_1_420' title='bbox 816 1900 878 1930; x_wconf 80' lang='lat' dir='ltr'><em>soli</em></span> <span class='ocrx_word' id='word_1_421' title='bbox 896 1900 963 1930; x_wconf 87' lang='lat' dir='ltr'><em>Deo</em></span> <span class='ocrx_word' id='word_1_422' title='bbox 983 1901 1113 1942; x_wconf 73' lang='lat' dir='ltr'><em>placere</em></span> <span class='ocrx_word' id='word_1_423' title='bbox 1129 1901 1364 1932; x_wconf 76' lang='lat' dir='ltr'><em>contendimus.</em></span> <span class='ocrx_word' id='word_1_424' title='bbox 1403 1901 1500 1942; x_wconf 84' lang='lat' dir='ltr'>Ergo,</span> <span class='ocrx_word' id='word_1_425' title='bbox 1525 1902 1606 1932; x_wconf 85' lang='lat' dir='ltr'><em>sicut</em></span> <span class='ocrx_word' id='word_1_426' title='bbox 1622 1900 1742 1931; x_wconf 88' lang='lat' dir='ltr'><em>dictum</em></span> 
     </span>
     <span class='ocr_line' id='line_1_35' title="bbox 98 1950 1743 1993; baseline 0 -11"><span class='ocrx_word' id='word_1_427' title='bbox 98 1955 146 1982; x_wconf 85' lang='lat' dir='ltr'><em>est</em></span> <span class='ocrx_word' id='word_1_428' title='bbox 175 1962 217 1982; x_wconf 88' lang='lat' dir='ltr'><em>ex</em></span> <span class='ocrx_word' id='word_1_429' title='bbox 245 1951 437 1982; x_wconf 83' lang='lat' dir='ltr'><em>auctoritate</em></span> <span class='ocrx_word' id='word_1_430' title='bbox 468 1956 652 1981; x_wconf 87' lang='lat' dir='ltr'><em>sanctorum</em></span> <span class='ocrx_word' id='word_1_431' title='bbox 685 1957 824 1993; x_wconf 89' lang='lat' dir='ltr'><em>patrum,</em></span> <span class='ocrx_word' id='word_1_432' title='bbox 854 1950 997 1990; x_wconf 78' lang='lat' dir='ltr'><em>heretici,</em></span> <span class='ocrx_word' id='word_1_433' title='bbox 1029 1952 1103 1983; x_wconf 88' lang='lat' dir='ltr'><em>dum</em></span> <span class='ocrx_word' id='word_1_434' title='bbox 1137 1952 1308 1984; x_wconf 86' lang='lat' dir='ltr'><em>defendere</em></span> <span class='ocrx_word' id='word_1_435' title='bbox 1332 1953 1438 1984; x_wconf 89' lang='lat' dir='ltr'><em>Deum</em></span> <span class='ocrx_word' id='word_1_436' title='bbox 1463 1953 1617 1993; x_wconf 75' lang='lat' dir='ltr'><em>nituntur,</em></span> <span class='ocrx_word' id='word_1_437' title='bbox 1648 1952 1743 1982; x_wconf 85' lang='lat' dir='ltr'><em>offen-</em></span> 
     </span>
     <span class='ocr_line' id='line_1_36' title="bbox 52 2002 1744 2046; baseline 0 -12"><span class='ocrx_word' id='word_1_438' title='bbox 52 2014 79 2034; x_wconf 73' lang='lat'><em>85</em></span> <span class='ocrx_word' id='word_1_439' title='bbox 98 2002 191 2042; x_wconf 81' lang='lat' dir='ltr'><em>dunt3</em></span> <span class='ocrx_word' id='word_1_440' title='bbox 215 2007 335 2045; x_wconf 85' lang='lat' dir='ltr'><em>quanto</em></span> <span class='ocrx_word' id='word_1_441' title='bbox 359 2003 462 2044; x_wconf 85' lang='lat' dir='ltr'><em>magis</em></span> <span class='ocrx_word' id='word_1_442' title='bbox 486 2003 541 2045; x_wconf 92' lang='lat' dir='ltr'><em>qui</em></span> <span class='ocrx_word' id='word_1_443' title='bbox 566 2009 688 2044; x_wconf 87' lang='lat' dir='ltr'><em>partem</em></span> <span class='ocrx_word' id='word_1_444' title='bbox 713 2002 849 2034; x_wconf 86' lang='lat' dir='ltr'><em>alicuius</em></span> <span class='ocrx_word' id='word_1_445' title='bbox 874 2003 1011 2034; x_wconf 91' lang='lat' dir='ltr'><em>hominis</em></span> <span class='ocrx_word' id='word_1_446' title='bbox 1035 2003 1225 2035; x_wconf 75' lang='lat' dir='ltr'><em>defendunt!</em></span> <span class='ocrx_word' id='word_1_447' title='bbox 1270 2004 1376 2035; x_wconf 84' lang='lat' dir='ltr'><em>Unum</em></span> <span class='ocrx_word' id='word_1_448' title='bbox 1408 2005 1516 2046; x_wconf 84' lang='lat' dir='ltr'><em>itaque</em></span> <span class='ocrx_word' id='word_1_449' title='bbox 1544 2005 1671 2045; x_wconf 78' lang='lat' dir='ltr'><em>signum</em></span> <span class='ocrx_word' id='word_1_450' title='bbox 1696 2009 1744 2034; x_wconf 91' lang='lat' dir='ltr'><em>est</em></span> 
     </span>
     <span class='ocr_line' id='line_1_37' title="bbox 98 2053 1743 2098; baseline 0.001 -13"><span class='ocrx_word' id='word_1_451' title='bbox 98 2053 277 2086; x_wconf 83' lang='lat' dir='ltr'><em>electionis:</em></span> <span class='ocrx_word' id='word_1_452' title='bbox 308 2053 453 2085; x_wconf 87' lang='lat' dir='ltr'><em>soliditas</em></span> <span class='ocrx_word' id='word_1_453' title='bbox 482 2055 635 2085; x_wconf 82' lang='lat' dir='ltr'><em>caritatis.</em></span> <span class='ocrx_word' id='word_1_454' title='bbox 680 2054 776 2085; x_wconf 86' lang='lat' dir='ltr'><em>Unde</em></span> <span class='ocrx_word' id='word_1_455' title='bbox 806 2065 845 2085; x_wconf 94' lang='lat' dir='ltr'><em>ne</em></span> <span class='ocrx_word' id='word_1_456' title='bbox 874 2054 922 2086; x_wconf 91' lang='lat' dir='ltr'><em>vel</em></span> <span class='ocrx_word' id='word_1_457' title='bbox 953 2055 1116 2086; x_wconf 83' lang='lat' dir='ltr'><em>miraculis</em></span> <span class='ocrx_word' id='word_1_458' title='bbox 1147 2056 1276 2098; x_wconf 84' lang='lat' dir='ltr'><em>quidem</em></span> <span class='ocrx_word' id='word_1_459' title='bbox 1307 2056 1517 2098; x_wconf 88' lang='lat' dir='ltr'><em>reproborum</em></span> <span class='ocrx_word' id='word_1_460' title='bbox 1543 2055 1743 2094; x_wconf 77' lang='lat' dir='ltr'><em>seducamur⁷</em></span> 
     </span>
     <span class='ocr_line' id='line_1_38' title="bbox 98 2105 1906 2150; baseline 0.001 -13"><span class='ocrx_word' id='word_1_461' title='bbox 98 2116 180 2148; x_wconf 86' lang='lat' dir='ltr'><em>quae</em></span> <span class='ocrx_word' id='word_1_462' title='bbox 209 2117 272 2137; x_wconf 89' lang='lat' dir='ltr'><em>non</em></span> <span class='ocrx_word' id='word_1_463' title='bbox 302 2105 382 2137; x_wconf 88' lang='lat' dir='ltr'><em>fiunt</em></span> <span class='ocrx_word' id='word_1_464' title='bbox 410 2117 451 2137; x_wconf 82' lang='lat' dir='ltr'><em>ex</em></span> <span class='ocrx_word' id='word_1_465' title='bbox 474 2106 618 2140; x_wconf 71' lang='lat' dir='ltr'><em>caritate,</em></span> <span class='ocrx_word' id='word_1_466' title='bbox 649 2105 704 2136; x_wconf 88' lang='lat' dir='ltr'><em>sed</em></span> <span class='ocrx_word' id='word_1_467' title='bbox 737 2117 794 2147; x_wconf 91' lang='lat' dir='ltr'><em>per</em></span> <span class='ocrx_word' id='word_1_468' title='bbox 823 2105 1003 2139; x_wconf 85' lang='lat' dir='ltr'><em>elationem.</em></span> <span class='ocrx_word' id='word_1_469' title='bbox 1055 2107 1095 2138; x_wconf 87' lang='lat' dir='ltr'><em>In</em></span> <span class='ocrx_word' id='word_1_470' title='bbox 1126 2108 1194 2148; x_wconf 79' lang='lat' dir='ltr'><em>hoc,</em></span> <span class='ocrx_word' id='word_1_471' title='bbox 1223 2108 1326 2150; x_wconf 87' lang='lat' dir='ltr'><em>inquit</em></span> <span class='ocrx_word' id='word_1_472' title='bbox 1348 2108 1520 2145; x_wconf 68' lang='lat' dir='ltr'><em>Dominus,</em></span> <span class='ocrx_word' id='word_1_473' title='bbox 1552 2112 1744 2149; x_wconf 73' lang='lat' dir='ltr'><em>coynoscent</em></span> <span class='ocrx_word' id='word_1_474' title='bbox 1765 2116 1906 2138; x_wconf 42' lang='lat' dir='ltr'><em>lou-1³³5.</em></span> 
     </span>
     <span class='ocr_line' id='line_1_39' title="bbox 99 2158 1744 2200; baseline 0.001 -12"><span class='ocrx_word' id='word_1_475' title='bbox 99 2168 215 2198; x_wconf 75' lang='lat' dir='ltr'><em>omnes,</em></span> <span class='ocrx_word' id='word_1_476' title='bbox 238 2159 316 2199; x_wconf 81' lang='lat' dir='ltr'><em>quia</em></span> <span class='ocrx_word' id='word_1_477' title='bbox 338 2159 400 2188; x_wconf 80' lang='lat' dir='ltr'><em>mei</em></span> <span class='ocrx_word' id='word_1_478' title='bbox 422 2159 498 2188; x_wconf 81' lang='lat' dir='ltr'><em>estis</em></span> <span class='ocrx_word' id='word_1_479' title='bbox 521 2158 691 2198; x_wconf 75' lang='lat' dir='ltr'><em>discipuli,</em></span> <span class='ocrx_word' id='word_1_480' title='bbox 713 2159 742 2188; x_wconf 84' lang='lat' dir='ltr'><em>si</em></span> <span class='ocrx_word' id='word_1_481' title='bbox 765 2158 964 2189; x_wconf 84' lang='lat' dir='ltr'><em>dilectionem</em></span> <span class='ocrx_word' id='word_1_482' title='bbox 992 2159 1170 2190; x_wconf 73' lang='lat' dir='ltr'><em>habueritis</em></span> <span class='ocrx_word' id='word_1_483' title='bbox 1202 2159 1247 2190; x_wconf 84' lang='lat' dir='ltr'><em>ad</em></span> <span class='ocrx_word' id='word_1_484' title='bbox 1268 2161 1416 2191; x_wconf 81' lang='lat' dir='ltr'><em>invicem.</em></span> <span class='ocrx_word' id='word_1_485' title='bbox 1461 2159 1564 2200; x_wconf 78' lang='lat' dir='ltr'><em>Igitur</em></span> <span class='ocrx_word' id='word_1_486' title='bbox 1595 2158 1649 2189; x_wconf 92' lang='lat' dir='ltr'><em>ubi</em></span> <span class='ocrx_word' id='word_1_487' title='bbox 1680 2170 1744 2189; x_wconf 92' lang='lat' dir='ltr'><em>non</em></span> 
     </span>
     <span class='ocr_line' id='line_1_40' title="bbox 98 2209 1743 2251; baseline 0.002 -12"><span class='ocrx_word' id='word_1_488' title='bbox 98 2214 145 2240; x_wconf 90' lang='lat' dir='ltr'><em>est</em></span> <span class='ocrx_word' id='word_1_489' title='bbox 170 2209 296 2248; x_wconf 85' lang='lat' dir='ltr'><em>caritas,</em></span> <span class='ocrx_word' id='word_1_490' title='bbox 325 2209 409 2240; x_wconf 86' lang='lat' dir='ltr'><em>unde</em></span> <span class='ocrx_word' id='word_1_491' title='bbox 438 2209 549 2240; x_wconf 82' lang='lat' dir='ltr'><em>unitur</em></span> <span class='ocrx_word' id='word_1_492' title='bbox 576 2209 722 2248; x_wconf 82' lang='lat' dir='ltr'><em>ecelesia,</em></span> <span class='ocrx_word' id='word_1_493' title='bbox 752 2209 794 2240; x_wconf 91' lang='lat' dir='ltr'><em>ibi</em></span> <span class='ocrx_word' id='word_1_494' title='bbox 826 2220 887 2240; x_wconf 87' lang='lat' dir='ltr'><em>non</em></span> <span class='ocrx_word' id='word_1_495' title='bbox 918 2216 965 2241; x_wconf 86' lang='lat' dir='ltr'><em>cst</em></span> <span class='ocrx_word' id='word_1_496' title='bbox 996 2210 1127 2251; x_wconf 83' lang='lat' dir='ltr'><em>iustitia,</em></span> <span class='ocrx_word' id='word_1_497' title='bbox 1159 2217 1190 2242; x_wconf 87' lang='lat' dir='ltr'><em>et</em></span> <span class='ocrx_word' id='word_1_498' title='bbox 1214 2211 1268 2242; x_wconf 88' lang='lat' dir='ltr'><em>ubi</em></span> <span class='ocrx_word' id='word_1_499' title='bbox 1292 2222 1353 2242; x_wconf 90' lang='lat' dir='ltr'><em>non</em></span> <span class='ocrx_word' id='word_1_500' title='bbox 1378 2217 1426 2242; x_wconf 85' lang='lat' dir='ltr'><em>cst</em></span> <span class='ocrx_word' id='word_1_501' title='bbox 1450 2211 1581 2249; x_wconf 67' lang='lat' dir='ltr'><em>iustitia,</em></span> <span class='ocrx_word' id='word_1_502' title='bbox 1610 2211 1654 2242; x_wconf 90' lang='lat' dir='ltr'><em>ibi</em></span> <span class='ocrx_word' id='word_1_503' title='bbox 1684 2222 1743 2242; x_wconf 85' lang='lat' dir='ltr'><em>nec</em></span> 
     </span>
     <span class='ocr_line' id='line_1_41' title="bbox 52 2259 1742 2303; baseline 0.002 -13"><span class='ocrx_word' id='word_1_504' title='bbox 52 2271 79 2290; x_wconf 75' lang='lat'><em>40</em></span> <span class='ocrx_word' id='word_1_505' title='bbox 98 2261 199 2292; x_wconf 82' lang='lat' dir='ltr'><em>virtus</em></span> <span class='ocrx_word' id='word_1_506' title='bbox 228 2259 346 2302; x_wconf 86' lang='lat' dir='ltr'><em>aliqua,</em></span> <span class='ocrx_word' id='word_1_507' title='bbox 376 2261 528 2303; x_wconf 87' lang='lat' dir='ltr'><em>quoniam</em></span> <span class='ocrx_word' id='word_1_508' title='bbox 561 2271 671 2291; x_wconf 88' lang='lat' dir='ltr'><em>omnes</em></span> <span class='ocrx_word' id='word_1_509' title='bbox 700 2261 851 2292; x_wconf 88' lang='lat' dir='ltr'><em>virtutum</em></span> <span class='ocrx_word' id='word_1_510' title='bbox 880 2262 1003 2303; x_wconf 86' lang='lat' dir='ltr'><em>species</em></span> <span class='ocrx_word' id='word_1_511' title='bbox 1034 2263 1236 2294; x_wconf 86' lang='lat' dir='ltr'><em>eontinentur</em></span> <span class='ocrx_word' id='word_1_512' title='bbox 1258 2274 1321 2294; x_wconf 88' lang='lat' dir='ltr'><em>uno</em></span> <span class='ocrx_word' id='word_1_513' title='bbox 1344 2263 1484 2294; x_wconf 86' lang='lat' dir='ltr'><em>iustitiae</em></span> <span class='ocrx_word' id='word_1_514' title='bbox 1507 2263 1644 2302; x_wconf 85' lang='lat' dir='ltr'><em>nomine,</em></span> <span class='ocrx_word' id='word_1_515' title='bbox 1672 2273 1742 2293; x_wconf 88' lang='lat' dir='ltr'><em>cum</em></span> 
     </span>
     <span class='ocr_line' id='line_1_42' title="bbox 98 2311 1158 2345; baseline 0.003 -3"><span class='ocrx_word' id='word_1_516' title='bbox 98 2316 129 2343; x_wconf 87' lang='lat' dir='ltr'><em>et</em></span> <span class='ocrx_word' id='word_1_517' title='bbox 150 2311 272 2343; x_wconf 87' lang='lat' dir='ltr'><em>iustitia</em></span> <span class='ocrx_word' id='word_1_518' title='bbox 294 2312 334 2343; x_wconf 90' lang='lat' dir='ltr'><em>sit</em></span> <span class='ocrx_word' id='word_1_519' title='bbox 357 2311 409 2343; x_wconf 86' lang='lat' dir='ltr'><em>lex</em></span> <span class='ocrx_word' id='word_1_520' title='bbox 432 2311 542 2343; x_wconf 85' lang='lat' dir='ltr'><em>divina</em></span> <span class='ocrx_word' id='word_1_521' title='bbox 564 2317 595 2343; x_wconf 91' lang='lat' dir='ltr'><em>et</em></span> <span class='ocrx_word' id='word_1_522' title='bbox 617 2312 779 2343; x_wconf 84' lang='lat' dir='ltr'><em>vinculum</em></span> <span class='ocrx_word' id='word_1_523' title='bbox 804 2313 965 2344; x_wconf 86' lang='lat' dir='ltr'><em>societatis</em></span> <span class='ocrx_word' id='word_1_524' title='bbox 989 2313 1158 2345; x_wconf 88' lang='lat' dir='ltr'><em>humanae.</em></span> 
     </span>
     <span class='ocr_line' id='line_1_43' title="bbox 206 2363 1744 2408; baseline 0.001 -15"><span class='ocrx_word' id='word_1_525' title='bbox 206 2363 255 2396; x_wconf 84' lang='lat'><em>15.</em></span> <span class='ocrx_word' id='word_1_526' title='bbox 300 2363 520 2395; x_wconf 65' lang='lat' dir='ltr'><em>Intuendwn‘¹</em></span> <span class='ocrx_word' id='word_1_527' title='bbox 543 2365 651 2403; x_wconf 84' lang='lat' dir='ltr'><em>etiam,</em></span> <span class='ocrx_word' id='word_1_528' title='bbox 675 2365 790 2406; x_wconf 83' lang='lat' dir='ltr'><em>inquit,</em></span> <span class='ocrx_word' id='word_1_529' title='bbox 814 2365 899 2406; x_wconf 79' lang='lat' dir='ltr'><em>quod</em></span> <span class='ocrx_word' id='word_1_530' title='bbox 923 2366 1062 2406; x_wconf 69' lang='lat' dir='ltr'><em>omnesb,</em></span> <span class='ocrx_word' id='word_1_531' title='bbox 1093 2367 1152 2407; x_wconf 78' lang='lat' dir='ltr'><em>qui</em></span> <span class='ocrx_word' id='word_1_532' title='bbox 1180 2366 1339 2408; x_wconf 65' lang='lat' dir='ltr'><em>W&#39;iyberto</em></span> <span class='ocrx_word' id='word_1_533' title='bbox 1362 2367 1410 2397; x_wconf 80' lang='lat' dir='ltr'><em>vel</em></span> <span class='ocrx_word' id='word_1_534' title='bbox 1435 2366 1600 2397; x_wconf 80' lang='lat' dir='ltr'><em>Henrz&#39;clzo</em></span> <span class='ocrx_word' id='word_1_535' title='bbox 1613 2365 1744 2406; x_wconf 69' lang='lat' dir='ltr'><em>favent⁷</em></span> 
     </span>
     <span class='ocr_line' id='line_1_44' title="bbox 101 2415 1837 2458; baseline 0 -12"><span class='ocrx_word' id='word_1_536' title='bbox 101 2419 159 2446; x_wconf 83' lang='lat' dir='ltr'><em>aut</em></span> <span class='ocrx_word' id='word_1_537' title='bbox 180 2415 368 2456; x_wconf 80' lang='lat' dir='ltr'><em>temporalis</em></span> <span class='ocrx_word' id='word_1_538' title='bbox 392 2416 548 2447; x_wconf 82' lang='lat' dir='ltr'><em>commodi</em></span> <span class='ocrx_word' id='word_1_539' title='bbox 569 2421 714 2458; x_wconf 76' lang='lat' dir='ltr'><em>respectu</em></span> <span class='ocrx_word' id='word_1_540' title='bbox 738 2416 785 2446; x_wconf 84' lang='lat' dir='ltr'><em>vel</em></span> <span class='ocrx_word' id='word_1_541' title='bbox 803 2416 967 2447; x_wconf 76' lang='lat' dir='ltr'><em>humanae</em></span> <span class='ocrx_word' id='word_1_542' title='bbox 982 2417 1107 2458; x_wconf 71' lang='lat' dir='ltr'><em>ylorz&#39;ae</em></span> <span class='ocrx_word' id='word_1_543' title='bbox 1120 2417 1261 2458; x_wconf 81' lang='lat' dir='ltr'><em>faciunt</em></span> <span class='ocrx_word' id='word_1_544' title='bbox 1277 2418 1335 2449; x_wconf 81' lang='lat' dir='ltr'><em>hoc</em></span> <span class='ocrx_word' id='word_1_545' title='bbox 1355 2419 1489 2449; x_wconf 81' lang='lat' dir='ltr'><em>intuitu.</em></span> <span class='ocrx_word' id='word_1_546' title='bbox 1529 2417 1619 2448; x_wconf 78' lang='lat' dir='ltr'><em>Sicut</em></span> <span class='ocrx_word' id='word_1_547' title='bbox 1635 2415 1747 2447; x_wconf 88' lang='lat' dir='ltr'><em>scribit</em></span> <span class='ocrx_word' id='word_1_548' title='bbox 1766 2424 1837 2447; x_wconf 79' lang='lat' dir='ltr'>(xlv)</span> 
     </span>
     <span class='ocr_line' id='line_1_45' title="bbox 101 2465 1743 2511; baseline 0 -14"><span class='ocrx_word' id='word_1_549' title='bbox 101 2465 249 2497; x_wconf 82' lang='lat' dir='ltr'><em>Gelasius</em></span> <span class='ocrx_word' id='word_1_550' title='bbox 273 2472 391 2508; x_wconf 86' lang='lat' dir='ltr'><em>papa⁵‚</em></span> <span class='ocrx_word' id='word_1_551' title='bbox 414 2467 480 2498; x_wconf 80' lang='lat' dir='ltr'><em>duo</em></span> <span class='ocrx_word' id='word_1_552' title='bbox 503 2472 589 2506; x_wconf 84' lang='lat' dir='ltr'><em>sunt,</em></span> <span class='ocrx_word' id='word_1_553' title='bbox 614 2467 731 2508; x_wconf 78' lang='lat' dir='ltr'><em>quibus</em></span> <span class='ocrx_word' id='word_1_554' title='bbox 750 2468 988 2508; x_wconf 74' lang='lat' dir='ltr'><em>principaliter</em></span> <span class='ocrx_word' id='word_1_555' title='bbox 1011 2470 1155 2500; x_wconf 76' lang='lat' dir='ltr'><em>mundus</em></span> <span class='ocrx_word' id='word_1_556' title='bbox 1179 2470 1231 2500; x_wconf 74' lang='lat' dir='ltr'><em>hic</em></span> <span class='ocrx_word' id='word_1_557' title='bbox 1251 2471 1387 2511; x_wconf 61' lang='lat' dir='ltr'><em>reystur,</em></span> <span class='ocrx_word' id='word_1_558' title='bbox 1412 2470 1594 2501; x_wconf 76' lang='lat' dir='ltr'><em>auctoritas</em></span> <span class='ocrx_word' id='word_1_559' title='bbox 1610 2473 1743 2499; x_wconf 73' lang='lat' dir='ltr'><em>sacratu</em></span> 
     </span>
     <span class='ocr_line' id='line_1_46' title="bbox 55 2518 1746 2562; baseline 0.001 -14"><span class='ocrx_word' id='word_1_560' title='bbox 55 2527 82 2546; x_wconf 76' lang='lat'><em>4⁵</em></span> <span class='ocrx_word' id='word_1_561' title='bbox 97 2518 287 2558; x_wconf 73' lang='lat' dir='ltr'><em>pontificum</em></span> <span class='ocrx_word' id='word_1_562' title='bbox 317 2523 345 2549; x_wconf 84' lang='lat' dir='ltr'><em>et</em></span> <span class='ocrx_word' id='word_1_563' title='bbox 374 2518 498 2560; x_wconf 75' lang='lat' dir='ltr'><em>reyalis</em></span> <span class='ocrx_word' id='word_1_564' title='bbox 528 2523 681 2559; x_wconf 78' lang='lat' dir='ltr'><em>potestas.</em></span> <span class='ocrx_word' id='word_1_565' title='bbox 734 2519 903 2551; x_wconf 69' lang='lat' dir='ltr'><em>Christusss</em></span> <span class='ocrx_word' id='word_1_566' title='bbox 937 2521 1033 2559; x_wconf 82' lang='lat' dir='ltr'><em>enim,</em></span> <span class='ocrx_word' id='word_1_567' title='bbox 1066 2531 1184 2552; x_wconf 82' lang='lat' dir='ltr'><em>memor</em></span> <span class='ocrx_word' id='word_1_568' title='bbox 1207 2521 1417 2562; x_wconf 66' lang='lat' dir='ltr'><em>fragilitatis</em></span> <span class='ocrx_word' id='word_1_569' title='bbox 1450 2521 1625 2559; x_wconf 82' lang='lat' dir='ltr'><em>humanae,</em></span> <span class='ocrx_word' id='word_1_570' title='bbox 1660 2520 1746 2562; x_wconf 74' lang='lat' dir='ltr'><em>quod</em></span> 
     </span>
     <span class='ocr_line' id='line_1_47' title="bbox 101 2569 1746 2614; baseline 0.001 -15"><span class='ocrx_word' id='word_1_571' title='bbox 101 2579 233 2600; x_wconf 82' lang='lat' dir='ltr'><em>suorum</em></span> <span class='ocrx_word' id='word_1_572' title='bbox 260 2569 363 2600; x_wconf 80' lang='lat' dir='ltr'><em>saluti</em></span> <span class='ocrx_word' id='word_1_573' title='bbox 391 2575 581 2611; x_wconf 74' lang='lat' dir='ltr'><em>con9⁷·ueret</em></span> <span class='ocrx_word' id='word_1_574' title='bbox 612 2571 859 2612; x_wconf 75' lang='lat' dir='ltr'><em>dispensatione</em></span> <span class='ocrx_word' id='word_1_575' title='bbox 889 2572 1069 2612; x_wconf 56' lang='lat' dir='ltr'><em>massnz&#39;jica</em></span> <span class='ocrx_word' id='word_1_576' title='bbox 1093 2573 1293 2614; x_wconf 79' lang='lat' dir='ltr'><em>temperavit,</em></span> <span class='ocrx_word' id='word_1_577' title='bbox 1322 2574 1369 2604; x_wconf 79' lang='lat' dir='ltr'><em>sic</em></span> <span class='ocrx_word' id='word_1_578' title='bbox 1393 2573 1576 2603; x_wconf 78' lang='lat' dir='ltr'><em>actionibus</em></span> <span class='ocrx_word' id='word_1_579' title='bbox 1597 2572 1746 2613; x_wconf 74' lang='lat' dir='ltr'><em>propriis</em></span> 
     </span>
    </p>
   </div>
   <div class='ocr_carea' id='block_1_3' title="bbox 212 2651 1244 2685">
    <p class='ocr_par' dir='ltr' id='par_1_3' title="bbox 212 2651 1244 2685">
     <span class='ocr_line' id='line_1_48' title="bbox 212 2651 1244 2685; baseline 0.004 -11"><span class='ocrx_word' id='word_1_580' title='bbox 212 2651 238 2681; x_wconf 79' lang='lat' dir='ltr'><em>a)</em></span> <span class='ocrx_word' id='word_1_581' title='bbox 260 2651 449 2675; x_wconf 72' lang='lat' dir='ltr'><em>universitatae</em></span> <span class='ocrx_word' id='word_1_582' title='bbox 474 2654 495 2675; x_wconf 93' lang='lat'><em>1.</em></span> <span class='ocrx_word' id='word_1_583' title='bbox 574 2652 599 2683; x_wconf 92' lang='lat' dir='ltr'><em>b)</em></span> <span class='ocrx_word' id='word_1_584' title='bbox 623 2651 667 2683; x_wconf 78' lang='lat' dir='ltr'><em>[an</em></span> <span class='ocrx_word' id='word_1_585' title='bbox 688 2652 808 2676; x_wconf 78' lang='lat' dir='ltr'><em>homines</em></span> <span class='ocrx_word' id='word_1_586' title='bbox 829 2652 987 2684; x_wconf 72' lang='lat' dir='ltr'><em>leyenclum‘?</em></span> <span class='ocrx_word' id='word_1_587' title='bbox 1008 2661 1030 2677; x_wconf 85' lang='lat' dir='ltr'><em>v.</em></span> <span class='ocrx_word' id='word_1_588' title='bbox 1052 2662 1135 2685; x_wconf 69' lang='lat' dir='ltr'><em>supra</em></span> <span class='ocrx_word' id='word_1_589' title='bbox 1155 2663 1174 2678; x_wconf 87' lang='lat' dir='ltr'><em>c.</em></span> <span class='ocrx_word' id='word_1_590' title='bbox 1194 2654 1244 2685; x_wconf 79' lang='lat'>13].</span> 
     </span>
    </p>
   </div>
   <div class='ocr_carea' id='block_1_4' title="bbox 57 2719 1744 2903">
    <p class='ocr_par' dir='ltr' id='par_1_4' title="bbox 57 2719 1744 2903">
     <span class='ocr_line' id='line_1_49' title="bbox 211 2719 1744 2758; baseline 0 -12"><span class='ocrx_word' id='word_1_591' title='bbox 211 2719 238 2753; x_wconf 94' lang='lat' dir='ltr'><em>l)</em></span> <span class='ocrx_word' id='word_1_592' title='bbox 261 2720 316 2753; x_wconf 92' lang='lat' dir='ltr'><em>[V.</em></span> <span class='ocrx_word' id='word_1_593' title='bbox 339 2729 426 2754; x_wconf 81' lang='lat' dir='ltr'><em>supra</em></span> <span class='ocrx_word' id='word_1_594' title='bbox 450 2730 473 2747; x_wconf 88' lang='lat' dir='ltr'><em>c.</em></span> <span class='ocrx_word' id='word_1_595' title='bbox 493 2721 520 2748; x_wconf 85' lang='grc'><em>5.</em></span> <span class='ocrx_word' id='word_1_596' title='bbox 543 2721 579 2752; x_wconf 78' lang='lat'>6;,·</span> <span class='ocrx_word' id='word_1_597' title='bbox 603 2720 682 2753; x_wconf 83' lang='lat' dir='ltr'><em>infra</em></span> <span class='ocrx_word' id='word_1_598' title='bbox 706 2730 729 2748; x_wconf 79' lang='lat' dir='ltr'><em>c,</em></span> <span class='ocrx_word' id='word_1_599' title='bbox 751 2722 814 2754; x_wconf 87' lang='lat'><em>14].</em></span> <span class='ocrx_word' id='word_1_600' title='bbox 883 2724 912 2756; x_wconf 77' lang='lat'><em>2)</em></span> <span class='ocrx_word' id='word_1_601' title='bbox 937 2723 981 2755; x_wconf 67' lang='lat' dir='ltr'><em>‘&#39;s-</em></span> <span class='ocrx_word' id='word_1_602' title='bbox 1005 2733 1092 2757; x_wconf 76' lang='lat' dir='ltr'><em>supra</em></span> <span class='ocrx_word' id='word_1_603' title='bbox 1112 2734 1143 2758; x_wconf 81' lang='lat' dir='ltr'><em>p.</em></span> <span class='ocrx_word' id='word_1_604' title='bbox 1163 2724 1232 2756; x_wconf 75' lang='lat'><strong>2:24,</strong></span> <span class='ocrx_word' id='word_1_605' title='bbox 1256 2733 1281 2750; x_wconf 84' lang='lat' dir='ltr'><em>n.</em></span> <span class='ocrx_word' id='word_1_606' title='bbox 1304 2725 1328 2750; x_wconf 87' lang='lat' dir='ltr'><em>l.</em></span> <span class='ocrx_word' id='word_1_607' title='bbox 1396 2724 1424 2757; x_wconf 80' lang='lat'><em>3)</em></span> <span class='ocrx_word' id='word_1_608' title='bbox 1451 2723 1494 2756; x_wconf 73' lang='lat' dir='ltr'><em>Cf.</em></span> <span class='ocrx_word' id='word_1_609' title='bbox 1518 2732 1605 2757; x_wconf 53' lang='lat' dir='ltr'><em>supra</em></span> <span class='ocrx_word' id='word_1_610' title='bbox 1626 2732 1655 2756; x_wconf 78' lang='lat'><em>1¹-</em></span> <span class='ocrx_word' id='word_1_611' title='bbox 1678 2723 1744 2748; x_wconf 58' lang='lat'>13⁴2.</span> 
     </span>
     <span class='ocr_line' id='line_1_50' title="bbox 105 2769 1743 2808; baseline 0.002 -13"><span class='ocrx_word' id='word_1_612' title='bbox 105 2769 174 2796; x_wconf 75' lang='lat'>¹202.</span> <span class='ocrx_word' id='word_1_613' title='bbox 199 2770 269 2797; x_wconf 77' lang='lat'>211.</span> <span class='ocrx_word' id='word_1_614' title='bbox 336 2771 365 2803; x_wconf 83' lang='lat'><em>4)</em></span> <span class='ocrx_word' id='word_1_615' title='bbox 388 2771 452 2805; x_wconf 85' lang='lat' dir='ltr'><em>[Cf.</em></span> <span class='ocrx_word' id='word_1_616' title='bbox 476 2781 564 2805; x_wconf 81' lang='lat' dir='ltr'><em>supra</em></span> <span class='ocrx_word' id='word_1_617' title='bbox 588 2781 611 2797; x_wconf 83' lang='lat' dir='ltr'><em>c.</em></span> <span class='ocrx_word' id='word_1_618' title='bbox 630 2772 657 2804; x_wconf 77' lang='lat'><em>4,</em></span> <span class='ocrx_word' id='word_1_619' title='bbox 680 2781 709 2806; x_wconf 81' lang='lat' dir='ltr'><em>p.</em></span> <span class='ocrx_word' id='word_1_620' title='bbox 728 2772 815 2806; x_wconf 66' lang='lat'><em>915]</em></span> <span class='ocrx_word' id='word_1_621' title='bbox 889 2774 918 2807; x_wconf 81' lang='lat'><em>5)</em></span> <span class='ocrx_word' id='word_1_622' title='bbox 942 2774 1033 2808; x_wconf 61' lang='lat' dir='ltr'><em>ln&#39;pz‘st.</em></span> <span class='ocrx_word' id='word_1_623' title='bbox 1062 2775 1108 2808; x_wconf 80' lang='lat'><em>12,</em></span> <span class='ocrx_word' id='word_1_624' title='bbox 1131 2785 1154 2802; x_wconf 84' lang='lat' dir='ltr'><em>c.</em></span> <span class='ocrx_word' id='word_1_625' title='bbox 1180 2776 1206 2808; x_wconf 72' lang='grc'><em>2,</em></span> <span class='ocrx_word' id='word_1_626' title='bbox 1230 2775 1268 2801; x_wconf 86' lang='lat' dir='ltr'><em>ad</em></span> <span class='ocrx_word' id='word_1_627' title='bbox 1290 2776 1387 2801; x_wconf 72' lang='lat' dir='ltr'><em>Anast.</em></span> <span class='ocrx_word' id='word_1_628' title='bbox 1412 2776 1454 2802; x_wconf 77' lang='lat' dir='ltr'><em>ed.</em></span> <span class='ocrx_word' id='word_1_629' title='bbox 1482 2775 1559 2800; x_wconf 70' lang='lat' dir='ltr'><em>Tmel</em></span> <span class='ocrx_word' id='word_1_630' title='bbox 1583 2774 1606 2806; x_wconf 71' lang='lat' dir='ltr'><em>I,</em></span> <span class='ocrx_word' id='word_1_631' title='bbox 1626 2783 1654 2806; x_wconf 74' lang='lat' dir='ltr'><em>p.</em></span> <span class='ocrx_word' id='word_1_632' title='bbox 1675 2774 1743 2799; x_wconf 67' lang='lat'><em>350.</em></span> 
     </span>
     <span class='ocr_line' id='line_1_51' title="bbox 57 2819 1439 2860; baseline 0.004 -14"><span class='ocrx_word' id='word_1_633' title='bbox 57 2827 84 2847; x_wconf 83' lang='lat'><em>50</em></span> <span class='ocrx_word' id='word_1_634' title='bbox 105 2819 183 2855; x_wconf 85' lang='lat' dir='ltr'><em>35l,·</em></span> <span class='ocrx_word' id='word_1_635' title='bbox 207 2821 244 2854; x_wconf 80' lang='lat' dir='ltr'><em>cf.</em></span> <span class='ocrx_word' id='word_1_636' title='bbox 269 2822 368 2849; x_wconf 80' lang='lat' dir='ltr'><em>Libell.</em></span> <span class='ocrx_word' id='word_1_637' title='bbox 392 2823 416 2855; x_wconf 86' lang='lat' dir='ltr'><em>I,</em></span> <span class='ocrx_word' id='word_1_638' title='bbox 437 2831 466 2856; x_wconf 78' lang='lat' dir='ltr'><em>p.</em></span> <span class='ocrx_word' id='word_1_639' title='bbox 485 2823 554 2849; x_wconf 70' lang='lat'>492.</span> <span class='ocrx_word' id='word_1_640' title='bbox 644 2823 673 2857; x_wconf 83' lang='grc'><em>6)</em></span> <span class='ocrx_word' id='word_1_641' title='bbox 700 2823 794 2850; x_wconf 70' lang='lat' dir='ltr'><em>Tract.</em></span> <span class='ocrx_word' id='word_1_642' title='bbox 821 2824 871 2857; x_wconf 83' lang='lat' dir='ltr'><em>IV,</em></span> <span class='ocrx_word' id='word_1_643' title='bbox 896 2828 910 2855; x_wconf 62' lang='lat' dir='ltr'><em>,S</em></span> <span class='ocrx_word' id='word_1_644' title='bbox 936 2826 982 2858; x_wconf 84' lang='lat'><em>11,</em></span> <span class='ocrx_word' id='word_1_645' title='bbox 1003 2835 1032 2860; x_wconf 83' lang='lat' dir='ltr'><em>p.</em></span> <span class='ocrx_word' id='word_1_646' title='bbox 1053 2826 1128 2855; x_wconf 75' lang='lat'>568,-</span> <span class='ocrx_word' id='word_1_647' title='bbox 1153 2827 1189 2859; x_wconf 72' lang='lat' dir='ltr'><em>“f-</em></span> <span class='ocrx_word' id='word_1_648' title='bbox 1213 2835 1301 2860; x_wconf 79' lang='lat' dir='ltr'><em>supra</em></span> <span class='ocrx_word' id='word_1_649' title='bbox 1319 2835 1349 2859; x_wconf 72' lang='lat'><em>2).</em></span> <span class='ocrx_word' id='word_1_650' title='bbox 1371 2826 1439 2852; x_wconf 70' lang='lat'><em>186.</em></span> 
     </span>
     <span class='ocr_line' id='line_1_52' title="bbox 177 2876 1513 2903; baseline 0.002 -3"><span class='ocrx_word' id='word_1_651' title='bbox 177 2876 272 2901; x_wconf 82' lang='lat' dir='ltr'><em>Libelli</em></span> <span class='ocrx_word' id='word_1_652' title='bbox 293 2877 325 2901; x_wconf 74' lang='lat' dir='ltr'><em>do</em></span> <span class='ocrx_word' id='word_1_653' title='bbox 345 2877 399 2901; x_wconf 81' lang='lat' dir='ltr'><em>lite.</em></span> <span class='ocrx_word' id='word_1_654' title='bbox 430 2877 463 2902; x_wconf 85' lang='lat' dir='ltr'><em>Il.</em></span> <span class='ocrx_word' id='word_1_655' title='bbox 1481 2880 1513 2903; x_wconf 76' lang='lat'><em>:29</em></span> 
     </span>
    </p>
   </div>
  </div>
 </body>
</html>
