2132 3067
82 711 107 730 10

81 969 106 988 1⁵

80 1228 107 1246 20

80 1489 107 1507 25

82 1794 109 1812 8¹)

83 2024 110 2042 3⁵

83 2302 111 2321 40

83 2558 110 2578 ⁴⁵

84 2813 112 2833 50

476 144 665 171 LIBELLUS
690 145 845 172 CONTRA
867 145 1080 172 INVASORES
1105 146 1153 172 ET
1178 146 1429 174 SYMONIACOS.
1717 145 1777 175 307

129 234 333 276 apostolatus
363 234 487 265 culmen
519 245 607 264 unus
638 234 676 264 cle
707 233 937 264 cardinalibus
964 234 1164 276 presbyteris
1201 242 1258 266 aut
1293 237 1487 268 diaconibus
1523 243 1778 268 consecraretur.

128 285 164 316 In
188 286 316 316 actione
340 291 491 327 quarta¹:
516 284 556 316 Si
579 286 652 326 quis
675 296 714 315 επὶ
737 285 900 326 episcopis
923 286 970 316 vel
990 286 1187 328 presbyteris
1213 288 1257 318 vel
1283 289 1448 319 monacbis
1472 288 1520 319 vel
1544 288 1641 320 laicis
1665 295 1778 321 contra

127 349 290 368 canonum
314 342 342 367 et
364 341 552 368 sanctorum
573 341 708 377 patrum
732 340 856 366 statuta
878 348 1095 378 prorumpens
1119 340 1153 369 in
1177 339 1320 379 9radum
1335 339 1485 378 filiorum
1509 345 1643 371 sanctae
1659 341 1777 372 Roma-

129 401 189 420 nae
212 388 380 428 ecclesiae,
410 389 448 419 id
477 393 522 419 est
550 388 814 430 presbyterorum
846 388 1067 419 cardinalium
1101 395 1128 419 et
1159 390 1386 431 diaconorum,
1415 393 1463 421 ire
1494 393 1728 432 presumpserit
1751 397 1779 423 et

128 441 214 472 hanc
245 441 456 482 apostolicam
485 440 589 471 sedem
618 439 772 470 invadere
802 439 935 480 quilibet
958 451 997 470 eae
1021 441 1227 482 supradictis
1258 444 1457 483 temptaverit
1489 448 1516 473 et
1549 444 1592 473 ad
1621 455 1778 474 summum

127 492 345 533 pontificalem
362 492 514 523 honorem
533 491 707 522 ascendere
723 491 871 531 voluerit,
895 491 963 531 ipsi
978 496 1005 520 et
1022 491 1087 522 sibi
1100 491 1296 532 faventibus
1305 494 1370 533 fiat
1384 499 1574 535 perpetuum
1594 495 1778 526 anathema.

128 543 208 574 Item
234 543 348 573 infra²:
379 543 418 574 Si
446 544 519 585 quis
542 544 689 574 resistere
711 544 946 583 presumpserit
970 544 1193 574 sacerdotibus
1217 550 1312 585 atque
1333 546 1535 585 primatibus
1558 547 1709 577 ecclesiae
1736 547 1780 578 rel

127 600 241 626 cuncto
265 593 347 626 clero
372 595 417 625 ad
440 594 623 636 eligendum
648 594 713 625 sibi
735 594 920 625 Romanum
941 595 1126 635 pontificem
1150 597 1326 626 secundum
1353 597 1438 627 banc
1462 599 1652 628 canonicam
1678 599 1779 629 tradi-

127 647 255 686 tionem,
280 646 454 677 anathema
474 647 543 684 sit.]
581 646 654 676 Exn
679 645 815 676 concilio
839 644 955 676 Leonis
975 646 1102 687 quartib
1126 647 1352 688 episcoporum
1372 647 1417 678 Le
1435 659 1503 690 cap.
1522 649 1620 679 VM:
1645 649 1683 680 Si
1706 650 1780 691 quis

126 698 369 729 sacer-dotz'bus2
393 697 471 728 sens
490 697 692 739 primatibus
715 697 878 727 nobilibus
895 708 950 727 seu
969 703 1105 728 cunctos
1121 698 1205 728 clero
1227 699 1324 729 huius
1345 705 1479 730 sanctae
1495 701 1665 731 Romanae
1688 701 1780 732 eccle-

127 751 196 780 siae
219 750 401 780 electionem
418 749 563 780 Romani
576 749 745 790 pontificis
762 749 988 779 contradicere
1001 751 1251 790 presumpserit,
1275 752 1358 781 sicut
1377 753 1410 781 in
1429 752 1566 782 concilio
1582 752 1780 783 beatis-simin

127 801 307 842 Stephani*
339 812 452 842 papae
480 800 600 842 legitur
630 805 794 840 statutum,
824 801 1000 831 anatliema
1030 802 1081 831 sit.
1141 802 1222 832 Item
1259 801 1345 843 quod
1378 802 1490 833 electio
1522 804 1684 844 pontilicis
1715 814 1779 834 non

128 853 285 894 pertineat
307 851 396 883 laicis
419 856 556 891 tantum,
580 863 620 882 ex
644 851 801 883 conciliok
825 851 1035 883 Laodicensi¹
1068 862 1139 894 cap.
1165 853 1246 884 XIII
1257 859 1324 884 ¹¹¹-⁴:
1354 854 1429 884 Non
1461 859 1506 885 est
1525 856 1779 895 permittendum

127 905 240 935 turbae
274 904 466 935 electionesfl
506 915 616 934 eorum
655 904 766 940 facere
795 904 852 944 qui
885 908 963 934 sunt
997 904 1042 934 ad
1075 906 1292 936 sacerdotium
1332 907 1577 946 promonenclio.
1630 907 1708 937 Item
1739 918 1780 937 ex

128 955 256 987 decreto
281 966 384 997 papae
402 955 592 986 Celestini⁵z
619 955 795 986 Docendus
818 959 862 985 est
882 954 1040 996 populu5,
1064 967 1127 987 non
1140 963 1152 982 1’
1176 958 1381 998 sequendus5
1411 969 1543 999 nosque,
1568 959 1597 988 si
1622 959 1780 997 nesciunt,

128 1019 179 1039 eos
202 1008 306 1049 quida
334 1007 430 1038 liceat
459 1008 575 1049 quidve
605 1018 669 1038 non
699 1007 793 1037 liceat
825 1017 1034 1047 commonere,
1063 1019 1127 1038 non
1154 1008 1225 1039 liisr
1249 1020 1439 1040 consensum
1466 1011 1599 1051 prebere
1624 1010 1780 1041 debemus.

233 1060 262 1090 9.
310 1059 462 1090 Decursis
493 1059 603 1101 itaque
634 1063 681 1089 tot
711 1064 895 1089 sanctorum
928 1064 1054 1100 patrum
1087 1060 1335 1090 auctoritatibus
1360 1060 1547 1091 Latinorum
1580 1060 1702 1092 scilicet
1729 1066 1780 1092 etS

129 1111 337 1148 Graecorum,
367 1116 456 1152 patet
486 1110 563 1141 nihil
594 1111 671 1141 iuris
702 1110 928 1151 imperatoriae
952 1112 1103 1152 potestati
1126 1111 1157 1141 in
1181 1112 1371 1152 pontificum
1395 1111 1552 1143 electione
1576 1124 1632 1144 seu
1657 1124 1782 1154 promo-

128 1163 212 1194 tione
235 1162 277 1193 ab
302 1162 422 1193 eisdem
446 1162 646 1193 adtributum
671 1173 758 1201 esse;
790 1162 888 1192 immo
913 1173 952 1192 ne
977 1173 1040 1203 qua
1063 1162 1185 1193 laicalis
1213 1169 1352 1204 potestas
1376 1163 1437 1194 sibi
1455 1165 1649 1206 quioquam¹
1677 1165 1708 1195 in
1734 1165 1781 1195 his

128 1214 286 1251 vendicet,
323 1224 341 1244 a
373 1213 565 1256 quibusdam
599 1225 710 1244 eorum
735 1213 794 1244 sub
820 1214 1035 1251 anathemate,
1064 1214 1118 1245 idu
1143 1220 1191 1245 est
1213 1221 1251 1246 av
1275 1216 1346 1247 Deo
1371 1217 1584 1257 separatione,
1608 1216 1780 1247 inhibitum

128 1267 236 1297 fuisse.
282 1266 324 1296 Et
347 1271 433 1296 certe
457 1265 516 1296 sub
540 1266 673 1307 prefatis
704 1265 858 1296 Romanis
889 1266 1097 1306 pontificibus
1121 1266 1272 1307 leguntur
1303 1268 1448 1298 extitisse
1480 1268 1694 1309 potentissimi
1726 1269 1781 1298 im-

128 1324 306 1360 peratores,
331 1328 393 1348 non
410 1317 511 1348 solum
530 1316 656 1348 Orienti
667 1323 686 1336 w
710 1323 845 1347 verum¹
868 1317 963 1348 etiam
983 1317 1176 1349 Occidentis*
1201 1319 1396 1360 imperantes
1406 1325 1427 1357 Ζ,
1452 1319 1573 1350 seilicet
1586 1319 1781 1350 Valentinia-

129 1375 211 1401 nus⁶
240 1376 271 1401 et
295 1369 497 1400 Theodosius
522 1370 671 1404 iuniores,
703 1369 890 1407 Martianus,
922 1369 1093 1400 Mauritius
1123 1376 1154 1400 et
1178 1370 1311 1401 Phoeas.
1358 1371 1400 1402 Et
1428 1381 1500 1401 eum
1527 1371 1690 1412 prefataea
1715 1372 1782 1402 uni-

129 1421 268 1453 versales
292 1420 418 1462 synodi,
442 1419 474 1450 id
494 1426 540 1452 est
560 1421 663 1461 prima
680 1425 712 1450 et
728 1421 875 1461 septima,
899 1431 916 1450 a
933 1426 979 1451 tot
996 1420 1142 1462 patribus
1160 1427 1332 1462 agerentur
1348 1422 1467 1453 Nieeae
1477 1423 1499 1463 b,
1524 1422 1783 1453 christianissimi

129 1475 372 1515 imperatores⁰‚
408 1472 640 1503 Constantinus
671 1471 811 1512 Magnus
824 1478 844 1512 ⁷,
875 1477 907 1503 et
938 1473 1013 1503 item
1046 1472 1300 1503 Constantinus*
1338 1480 1369 1504 et
1401 1474 1531 1514 Hirene,
1571 1479 1672 1505 mater
1703 1475 1782 1515 eius,

129 1524 297 1566 legunturd
320 1524 472 1554 adfuisse.
519 1523 585 1554 Sed
615 1527 647 1554 et
671 1522 789 1553 Basilio
815 1534 933 1564 magno
965 1524 1160 1565 imperatore
1193 1530 1321 1566 petente
1345 1531 1376 1556 et
1399 1532 1547 1566 presente
1571 1525 1709 1567 legitur⁹
1734 1537 1783 1556 oe-

129 1582 203 1608 tava
231 1575 376 1618 synodus
407 1577 482 1606 item
515 1574 726 1605 universalise
751 1574 1032 1617 Constantinopoli
1057 1574 1220 1607 celebrata
1248 1577 1357 1610 fuisse.
1404 1577 1516 1618 Itaque
1540 1589 1611 1608 cum
1643 1578 1783 1619 prima¹⁰

129 1640 238 1660 earum
271 1627 437 1659 censerets
469 1638 533 1658 non
565 1626 748 1657 habendum
789 1637 984 1668 quemquam
1019 1627 1208 1669 episcopum
1242 1629 1310 1659 sine
1342 1628 1500 1659 consilio&
1531 1628 1781 1670 metropolitani,

129 1681 267 1723 septima
298 1690 373 1710 vero
405 1680 535 1710 trium¹¹
569 1689 734 1709 sacrorum
767 1678 913 1709 ordinum
950 1678 1136 1710 electionem
1173 1690 1191 1709 a
1223 1680 1426 1722 principibus
1459 1680 1666 1722 prohibereth
1702 1682 1781 1719 fieri,

241 1788 267 1816 a)
288 1785 369 1810 verba
388 1785 428 1809 Ex
446 1799 479 1802 —
498 1784 640 1809 anathema
660 1785 695 1808 sit
714 1793 762 1809 om.
778 1784 803 1808 B
816 1784 839 1809 2.
898 1785 926 1811 b,
947 1785 1002 1809 1111
1022 1784 1053 1809 A.
1113 1786 1137 1816 c)
1159 1785 1231 1810 deest
1250 1785 1273 1810 A
1286 1786 1310 1810 ⁵2.
1369 1786 1396 1815 d)
1419 1786 1480 1810 ΥΙῑΟ
1502 1786 1525 1810 Α
1540 1788 1562 1812 l.
1621 1790 1644 1817 e)
1668 1786 1705 1810 ita
1722 1786 1780 1811 Nic.

131 1832 192 1857 C'oll.
213 1841 272 1857 czm.
293 1831 330 1861 A‚·
351 1840 383 1855 ex
403 1839 457 1855 sac.
479 1831 503 1854 B
516 1832 539 1855 1.
633 1831 653 1862 f)
673 1830 716 1855 vel
736 1829 759 1855 A
773 1831 796 1855 2.
891 1833 920 1862 g)
941 1834 1047 1855 caetero
1068 1830 1127 1855 A3.
1221 1831 1248 1861 h)
1270 1832 1341 1856 beati
1361 1832 1384 1856 A
1397 1833 1421 1857 Ξ.
1437 1834 1462 1856 3.
1557 1833 1578 1859 i·
1600 1833 1728 1857 Bonifatii
1756 1836 1782 1857 et

131 1878 221 1911 steph.
244 1878 308 1904 Bl:
329 1885 416 1910 papae
437 1886 486 1901 om.
506 1876 566 1901 A3.
647 1877 678 1907 k)
699 1877 811 1901 consilio
832 1876 864 1901 A.
945 1877 965 1902 Ι)
988 1877 1141 1902 Leodiceno
1162 1877 1223 1901 Be.
1310 1882 1344 1908 m)
1368 1887 1425 1910 cap.
1441 1879 1504 1903 IIII.
1526 1878 1564 1909 B;
1585 1887 1643 1911 cap.
1659 1879 1720 1903 XII.
1741 1879 1779 1908 A;

131 1929 167 1950 est
182 1933 240 1957 cap.
252 1924 327 1955 XIII,
343 1932 355 1948 e
370 1932 420 1955 quo
434 1931 543 1947 numero
560 1923 615 1947 1111
632 1927 782 1954 corruptum
798 1931 852 1947 esse
866 1922 980 1947 videtur.
1042 1924 1071 1951 n]
1093 1924 1296 1956 eleccionesque
1310 1924 1398 1948 facere
1415 1924 1438 1949 A
1451 1925 1474 1949 2.
1534 1926 1559 1955 o)
1585 1925 1781 1956 provehendi

131 1971 154 1996 A
169 1970 245 1996 Cone.
262 1970 346 1994 Laod.
405 1970 432 2002 p)
456 1973 482 1993 et
495 1977 548 1993 non
563 1968 619 1993 A3.
678 1974 706 2001 q)
729 1969 791 2001 quid
811 1969 853 1992 lie.
869 1969 923 1992 des.
939 1969 963 1992 B
975 1970 998 1993 1.
1057 1969 1081 1999 r)
1101 1969 1172 1993 deest
1191 1969 1223 1994 A.
1281 1974 1303 2001 s)
1326 1970 1396 1994 deest
1412 1970 1436 1994 Β
1450 1971 1472 1994 l.
1530 1971 1550 2002 t)
1574 1972 1695 2003 quitquid
1715 1971 1738 1996 A
1750 1972 1781 2002 23

132 2017 275 2050 quidquam
295 2015 357 2040 A3.
460 2015 488 2045 u)
509 2015 559 2039 hoc
579 2014 640 2039 A3.
748 2016 775 2045 v)
795 2016 965 2046 separatione
986 2023 1002 2038 a
1022 2015 1080 2039 Deo
1101 2015 1133 2039 A.
1241 2015 1276 2046 w)
1297 2016 1414 2040 Orientis
1435 2016 1460 2040 B
1474 2019 1497 2041 2.
1605 2020 1632 2047 x)
1654 2018 1698 2041 sed
1720 2017 1743 2042 A
1756 2019 1780 2042 3.

130 2063 160 2095 y)
180 2063 335 2088 Occidentis
357 2061 418 2086 ΒΞ.
531 2062 555 2092 z)
576 2061 646 2085 deest
667 2061 729 2084 ΒΞ.
842 2061 870 2091 a)
891 2061 962 2085 univ.
984 2061 1048 2092 pref.
1071 2060 1093 2085 A
1107 2062 1131 2087 2.
1234 2062 1261 2091 b)
1283 2062 1390 2093 Nyeeae
1411 2062 1436 2086 Β
1450 2064 1471 2085 1.
1583 2064 1606 2093 c)
1631 2063 1700 2088 deest
1721 2063 1743 2087 A
1757 2066 1780 2087 22.

132 2109 158 2141 d)
181 2109 225 2134 aff.
245 2109 297 2140 leg.
317 2107 377 2132 A3.
465 2108 490 2138 e)
512 2107 689 2131 universalem
711 2106 791 2130 Rea.
877 2107 896 2137 f)
921 2106 957 2130 ita
977 2107 1017 2136 A‚·
1037 2108 1182 2138 censeriat;
1203 2109 1222 2132 ri
1244 2108 1296 2132 del.
1318 2108 1383 2138 Bl;
1406 2112 1516 2133 censeat
1537 2109 1598 2133 ΒΞ.
1675 2114 1701 2141 g)
1726 2111 1781 2134 sive

131 2164 205 2180 cons.
224 2153 292 2185 A23
312 2153 426 2179 coneilio
447 2152 470 2177 A
483 2153 506 2177 3.
529 2153 563 2178 Β.
640 2153 668 2183 h)
689 2152 852 2185 prohibuerit
873 2152 933 2177 ΒΞ.

241 2243 268 2277 1)
297 2242 396 2268 Mami
422 2243 441 2268 l.
465 2243 483 2269 l.
509 2242 560 2268 col.
587 2242 664 2274 720;
697 2242 766 2268 Coll.
790 2251 853 2267 con.
877 2242 917 2273 II,
949 2251 970 2267 c.
999 2242 1066 2274 131,
1096 2251 1123 2275 p.
1146 2243 1214 2269 ²241.
1248 2258 1286 2260 —
1319 2244 1402 2269 Grat.
1428 2243 1503 2269 Dist.
1528 2244 1673 2276 LXXIX,
1704 2254 1726 2271 c,
1752 2245 1779 2271 ὃ.

133 2294 161 2329 2)
185 2294 285 2320 Mami
307 2294 325 2320 l.
349 2294 368 2320 l.
393 2294 445 2320 col.
471 2294 549 2327 721;
574 2293 642 2320 Coll.
667 2302 730 2319 can.
754 2293 773 2320 l.
798 2293 834 2319 l..·
858 2293 940 2318 Item.
986 2293 1015 2320 Si
1041 2293 1104 2328 quis
1128 2297 1177 2320 etc.
1297 2295 1325 2327 3)
1349 2295 1435 2320 Immo
1459 2303 1492 2320 esc
1515 2305 1591 2321 conc.
1616 2296 1732 2321 n'icolaz·
1755 2296 1779 2322 I.

131 2355 158 2373 a.
183 2346 242 2372 863
274 2356 296 2372 c.
325 2346 371 2378 11,
403 2345 501 2371 lIIansi
523 2345 589 2377 XV,
620 2345 670 2372 col.
696 2345 774 2378 (3595
816 2345 883 2371 Con.
909 2354 972 2372 cau.
996 2346 1020 2377 I,
1050 2355 1074 2371 c.
1103 2346 1169 2378 123,
1195 2355 1225 2379 p.
1244 2346 1298 2370 94.-
1334 2346 1393 2371 Leo
1427 2336 1545 2380 quartus
1576 2350 1604 2372 et
1636 2348 1779 2373 secundus

131 2397 292 2432 Eugenius3
326 2397 394 2424 Call.
420 2397 492 2422 Brit.
525 2397 590 2422 Var.
616 2397 644 2423 2.
673 2405 717 2421 nr.
742 2396 780 2421 30
811 2397 927 2430 (‘Neues
955 2397 1067 2423 Archiv'
1097 2397 1125 2429 V,
1151 2407 1182 2431 p.
1201 2397 1290 2431 586).-
1321 2397 1361 2422 Ex
1394 2397 1518 2423 eom—ilio
1548 2398 1655 2424 Leonis
1687 2399 1779 2433 quarti

131 2448 334 2483 episcoporum
357 2448 462 2480 LXXI,
494 2456 557 2482 cap.
582 2448 618 2473 ΙΙ.
651 2463 687 2466 -
723 2448 805 2474 Grat.
829 2448 906 2474 Dist.
931 2449 1073 2480 LXXIX,
1099 2459 1120 2477 c.
1147 2449 1182 2475 6.-
1212 2449 1284 2474 Itvm
1317 2457 1349 2474 ex
1381 2449 1504 2475 concilio
1535 2450 1642 2476 Leonis
1674 2459 1779 2484 papae.

132 2500 176 2533 C's.
201 2501 311 2533 Ewatd,
335 2500 384 2526 ‘N.
401 2499 493 2526 Arelas
517 2499 545 2531 V,
565 2509 597 2533 p.
615 2499 685 2525 397.
758 2499 788 2533 4)
813 2499 894 2527 Cone,
918 2500 1036 2526 Laodic.
1061 2510 1082 2526 c.
1104 2501 1149 2528 13.
1174 2510 1208 2526 esc
1229 2501 1373 2534 interpret.
1400 2500 1533 2534 Dionysii
1554 2501 1650 2535 Emiffl,
1684 2502 1783 2528 Illanxi

132 2551 172 2585 ll,
196 2552 247 2578 coz.
274 2551 351 2584 578;
382 2551 451 2578 Coll.
477 2560 539 2577 can.
563 2551 615 2582 JV,
641 2560 664 2578 c.
694 2551 739 2582 15,
760 2560 790 2584 p.
810 2550 888 2576 354:
918 2551 958 2576 Ex
988 2551 1111 2577 coneilio
1136 2551 1304 2578 Laodiceno
1329 2560 1392 2585 cap.
1410 2552 1491 2578 XIII.
1525 2568 1563 2571 —
1596 2554 1678 2579 Grat.
1704 2554 1780 2581 Dies.

131 2603 246 2634 LXIII,
271 2612 294 2630 c.
313 2603 340 2630 6.
385 2603 461 2629 Idem
487 2603 563 2629 locus
585 2602 666 2635 infra
688 2603 786 2628 iterum
811 2603 938 2634 affertur.
1005 2603 1034 2637 5)
1059 2604 1112 2637 Ep.
1131 2605 1158 2631 5.
1183 2604 1221 2629 ad
1245 2604 1329 2637 episc.
1348 2604 1467 2636 Apuliae
1490 2607 1514 2630 et
1533 2604 1686 2630 Calabriae
1709 2614 1732 2630 e.
1753 2605 1777 2630 3

132 2653 231 2680 Mansz·
245 2654 297 2686 IV,
322 2654 372 2680 col.
396 2654 476 2688 469,·
499 2655 707 2681 Schoenemamz
727 2663 758 2688 p.
778 2653 855 2687 7685
876 2654 955 2686 Jaffe'
971 2655 1051 2687 371;
1076 2655 1145 2683 Call.
1170 2664 1231 2681 can.
1250 2655 1302 2688 IV,
1327 2664 1350 2680 c.
1376 2655 1424 2687 37,
1445 2664 1477 2689 p.
1496 2655 1573 2680 361:
1596 2656 1635 2681 Ex
1661 2656 1778 2681 decreto

132 2713 225 2738 papae
248 2704 417 2732 Coelestini.
441 2721 481 2725 —
506 2706 587 2733 (ἓν-αἱ,
613 2705 689 2732 Dist.
713 2705 829 2737 LXIII,
855 2715 876 2734 e.
903 2706 930 2733 2.
1013 2706 1042 2739 6)
1065 2707 1124 2732 III.
1207 2707 1235 2740 7)
1260 2706 1329 2733 Scia.
1353 2707 1382 2732 in
1405 2707 1508 2739 synodo
1533 2707 1556 2732 I.
1582 2708 1687 2732 Nic-eae
1710 2707 1775 2732 celev

133 2755 224 2784 brata.
317 2758 346 2787 8)
375 2757 421 2786 VJ,
446 2757 474 2782 in
496 2767 555 2791 syn.
581 2757 646 2783 Nic.
670 2757 711 2783 II.
804 2757 832 2790 9)
856 2757 924 2790 Syn,
956 2757 1037 2784 VIII.
1132 2758 1180 2792 10)
1206 2757 1249 2790 Cf.
1271 2767 1301 2792 p.
1319 2758 1390 2784 305.
1482 2758 1530 2791 11)
1554 2758 1622 2783 Scit.
1648 2758 1778 2791 episcopi,

129 2808 294 2840 presbyteri,
319 2808 451 2840 diac0⁷1i;
474 2809 511 2841 cf.
531 2818 562 2842 p,
581 2809 651 2833 305.

1495 2864 1545 2885 39¹
