2132 3067
212 357 293 380 Ios-24,
303 358 360 376 mlo.

212 914 240 935 ef.
250 915 299 934 Gul.
312 916 328 934 1,
340 916 358 933 S.

210 1744 285 1763 Thren
305 1745 324 1765 4.
340 1746 358 1763 1.

383 153 446 182 444
729 151 928 178 SIGEBERTI
951 150 1131 177 MONACHI
1154 148 1444 177 GEMBLACENSIS
1468 148 1673 176 APOLOGIA.

383 249 464 273 stros
489 241 725 272 benedictiones
749 250 822 270 suas
847 238 992 271 fidelibus
1016 245 1048 270 et
1070 238 1164 279 longe
1181 236 1368 269 melioribus
1392 237 1548 276 infundat,
1573 237 1628 278 qui
1644 247 1702 278 per
1717 235 1852 267 ariolum
1869 235 2023 266 Balaamn

382 293 540 324 nolentem
570 293 678 332 utique
709 296 739 321 et
774 291 908 321 invitum
940 291 1027 331 genti
1060 295 1190 321 sanctae
1227 294 1257 321 et
1285 288 1531 330 adquisitionisb
1562 287 1680 330 populo
1716 287 1930 329 primogenito
1964 297 2021 318 suo

384 343 478 375 Israel
505 343 677 373 benedixit.
724 341 778 372 Sic
801 342 884 373 enim
910 342 954 372 ait
978 342 1046 382 ipse
1070 341 1220 372 Iosueb‘:
1246 341 1338 370 Misit
1362 339 1521 379 Balaclce,
1544 345 1571 370 et
1594 340 1723 370 vocavit
1745 339 1890 370 Balaam
1904 338 2041 380 filium*

385 397 478 435 Reor,
504 400 535 424 ni
559 393 784 425 maledicerem
810 393 905 431 vobis,
927 397 955 424 et
979 403 1036 433 eqo
1062 391 1150 422 nolui
1171 392 1290 422 audire
1313 395 1414 429 eume,
1437 391 1493 421 sed
1515 402 1530 420 e
1554 391 1721 422 contrario
1741 402 1802 432 per
1823 389 1916 421 illum
1931 389 2023 420 bene-

382 446 478 477 dictis
505 446 601 475 uobis.

487 496 513 527 7.
561 496 633 526 lixg
658 495 775 536 quibus
799 495 948 525 omnibus
978 500 1009 525 et
1032 493 1101 524 aliis
1126 494 1226 524 divini
1252 493 1340 525 verbi
1364 493 1571 525 traditoribus
1602 499 1633 525 et
1656 492 1915 532 tractatoribush,
1939 493 2026 525 vide-

381 549 442 578 rint
466 547 516 578 alii
542 547 619 589 quid
642 546 834 577 conicianti.
881 545 946 576 Nos
970 556 1073 587 neque
1097 546 1140 576 ita
1164 544 1335 586 diligentes
1351 546 1494 584 sumus&
1518 550 1553 576 ut
1573 545 1755 576 sacerdotes
1779 544 1939 586 indignos,
1963 545 2023 577 hoc

381 599 475 630 modo
499 597 728 638 abhorrendos,
760 603 790 628 et
814 598 915 638 quae¹
951 608 1008 638 per
1038 607 1092 627 eos
1124 597 1346 628 ministrantur
1376 602 1577 628 sacramenta
1607 595 1729 638 polluta
1761 607 1831 628 esse
1860 597 1891 627 in
1915 607 2024 628 eorum

381 649 486 681 verbis
510 648 686 689 intelligere
704 649 864 690 possimus
874 655 904 686 ¹¹¹,
921 647 971 678 vel
988 649 1186 689 permissam,
1211 649 1308 678 immo
1326 649 1503 679 iniunctam
1524 647 1616 679 laicis
1640 649 1671 678 in
1689 658 1798 680 eorum
1815 647 2025 680 contumelias

379 708 410 732 et
426 700 583 741 supplicia
601 700 772 739 licentiam,
796 711 852 731 seu
870 698 994 730 malunt
1016 699 1243 739 obedientiam,
1263 699 1447 741 approbare
1464 699 1666 731 valeamusn:
1689 710 1793 741 neque
1815 701 1860 731 ita
1881 699 2024 742 religiosi

379 751 428 783 vel
453 763 572 790 sumus,
596 751 646 782 vel
670 763 740 782 osse
765 751 911 782 volumus
921 756 944 791 ⁰,
975 756 1009 782 ut
1031 757 1141 782 contra
1165 751 1282 782 veteris
1306 762 1343 782 ac
1366 752 1442 782 novi
1466 751 1649 783 testamenti
1672 751 1891 792 auctoritates,
1914 757 2026 783 contra

380 804 584 844 euangelieas
615 809 645 835 et
674 802 889 844 apostolicasv
913 802 1129 833 institutiones
1158 803 1268 834 venire
1297 813 1373 844 prae
1404 803 1503 834 nimia
1535 801 1742 843 religiositate
1772 813 2025 845 praesumamus,

380 855 503 885 etiamsi
528 855 662 886 liarum‘l
687 855 864 885 novitatum
889 859 1038 885 auctores
1065 854 1105 884 ad
1129 853 1307 885 faciendam
1337 854 1399 885 sibi
1424 854 1541 885 fidemr
1565 854 1667 895 signis
1699 860 1729 885 et
1753 854 1909 896 prodigiis
1939 855 2024 886 miri-

381 906 490 937 ficariS
516 906 722 938 videremus‘·
768 905 858 936 Illam
883 905 966 937 enim
990 905 1138 947 apostoli,
1163 911 1266 948 quaeu
1289 904 1438 947 angelum
1463 905 1503 936 dc
1528 905 1617 937 coelo
1640 905 1734 936 aliter
1749 905 2024 947 euangelizantem

379 957 627 989 anathematizat
650 957 744 988 valde
769 958 866 988 timeo
889 958 1090 988 sententiam.
1137 957 1226 988 Alios
1250 958 1370 989 neseio.
1408 958 1444 988 In
1468 969 1518 989 me
1542 957 1720 988 confortata
1742 962 1800 998 est,
1824 962 1856 988 et
1877 968 1938 999 ego
1961 968 2025 989 non

379 1015 513 1050 poterov
536 1009 576 1040 ad
600 1021 679 1041 eam.
727 1010 893 1040 Securosw
918 1009 1026 1040 enim*
1050 1019 1107 1040 nos
1131 1008 1228 1040 feeiti·
1251 1010 1404 1050 magister
1427 1016 1544 1050 noster,
1569 1009 1614 1040 ait
1636 1008 1773 1039 domnus
1790 1008 1991 1050 Augustinus
2003 1015 2022 1050 ¹,

379 1061 473 1102 quiaZ
499 1072 602 1102 neque
625 1062 721 1092 etiam
745 1060 908 1092 miraculis
928 1061 1033 1102 decipi
1050 1060 1216 1092 debemus.
1262 1060 1304 1091 Et
1327 1061 1388 1102 ipsi
1407 1060 1547 1102 quidem,
1571 1066 1666 1102 prout
1688 1070 1746 1091 nos
1768 1071 1831 1091 non
1857 1071 1875 1091 a
1898 1059 2024 1092 levibus

380 1112 563 1143 hominibus
587 1113 782 1154 accepimus,
814 1124 897 1143 nova
924 1119 954 1144 et
978 1123 1080 1154 usque
1111 1112 1151 1143 ad
1175 1117 1255 1143 nos⁸
1282 1112 1426 1143 inaudita
1450 1111 1604 1142 miracula
1626 1111 1756 1151 faciunt,
1787 1111 1870 1142 inter
1900 1117 2023 1144 ceteras

379 1175 457 1205 quas
481 1164 521 1195 ad
546 1175 696 1205 magnam
722 1163 884 1194 rationalis
914 1163 1095 1195 intellectus
1120 1164 1268 1194 iniuriam
1293 1163 1474 1194 ostentantb
1497 1163 1643 1204 ineptias.
1690 1163 1777 1194 Alii²
1800 1163 1873 1195 vel⁰
1897 1174 2026 1206 coemp-

379 1216 483 1246 tione<¹
508 1215 556 1246 vel
582 1215 725 1257 quolibet
754 1215 816 1247 alio
849 1215 943 1246 modo
974 1215 1083 1246 illicite
1115 1220 1271 1257 usurpata
1300 1214 1519 1246 ecclesiastica
1548 1215 1663 1256 officia,
1693 1214 1810 1246 ablatis
1838 1214 1963 1246 baculis
1993 1220 2026 1246 et

378 1268 493 1307 statim,
517 1267 601 1299 sicut
624 1268 712 1309 prius
738 1268 819 1298 inter
842 1278 897 1298 eos
921 1272 1123 1306 convenerat,
1155 1266 1299 1306 redditis,
1331 1277 1412 1308 quae
1436 1277 1507 1297 cum
1531 1271 1622 1298 reatu
1646 1265 1741 1297 modo
1765 1266 2024 1308 possidebantur,

379 1324 487 1349 sancte
516 1324 547 1349 et
570 1320 650 1350 iuste
683 1331 701 1350 a
725 1319 819 1350 modo
844 1324 958 1361 possee
982 1318 1094 1350 haberi
1118 1326 1276 1349 asserunt.
1322 1317 1407 1348 Aliis
1431 1318 1522 1349 istius
1553 1318 1584 1348 in
1614 1317 1719 1359 illum,
1749 1317 1834 1348 illius
1864 1318 1896 1349 in
1927 1319 2024 1350 istum

380 1369 581 1411 prolationes,
606 1382 685 1412 quas
710 1371 825 1402 iniuste
848 1371 950 1402 sortiti
975 1376 1073 1411 erant,
1097 1369 1233 1401 ridiculo
1256 1370 1486 1401 transferentes
1503 1370 1693 1400 concambio
1703 1376 1726 1410 g,
1751 1370 1802 1411 pie
1826 1374 1857 1400 et
1872 1368 2024 1410 religiose

378 1421 410 1452 id
442 1422 507 1452 fieri
541 1433 634 1463 posse
663 1428 851 1462 astruentes,
883 1421 1048 1463 vigilantia
1079 1432 1136 1452 sua
1164 1433 1204 1452 ex
1228 1432 1291 1452 uuo
1319 1421 1438 1463 duplex
1472 1420 1652 1463 periculum
1685 1421 1915 1452 constituunth.
1959 1420 2025 1453 Alii

378 1473 448 1504 loca
471 1474 578 1504 sacrai
606 1473 858 1515 sacrilegiorum,
891 1474 944 1505 utk
968 1475 1066 1513 aiunt,
1090 1474 1238 1515 ingressu
1267 1474 1315 1504 et¹
1343 1484 1475 1514 egressu
1500 1473 1718 1504 contaminata
1740 1473 1955 1514 repurgaturi,
1983 1472 2024 1504 ad

381 1536 489 1555 omnes
513 1537 594 1566 quae
618 1525 832 1556 colicssserantm
856 1525 1100 1556 immunditiasn
1123 1525 1162 1556 de
1179 1525 1274 1556 domo
1292 1524 1364 1555 illa⁰
1380 1530 1528 1566 potenter
1543 1524 1817 1565 exterminandas,
1840 1523 2026 1566 patentibus

381 1588 437 1618 per
461 1577 543 1607 diem
568 1583 598 1608 ct
621 1583 746 1609 noctem
771 1577 950 1609 ecelesiaev
973 1577 1089 1617 ianuis,
1121 1582 1251 1608 ventum
1277 1577 1445 1618 recipiunt.
1490 1575 1554 1606 Alii
1579 1576 1611 1606 in
1635 1575 1759 1617 lapides
1789 1582 1822 1607 et
1842 1575 1932 1617 ligna
1954 1586 2025 1618 pro-

380 1628 568 1670 phanorum,
594 1635 627 1660 ut
643 1636 798 1670 asserunt,
823 1634 994 1660 contactuq
1016 1628 1286 1660 deebi-istianatar
1310 1629 1416 1670 scopis
1433 1627 1734 1668 animadvertentes,
1759 1631 1790 1658 et
1808 1637 1893 1670 aqua
1916 1638 2025 1670 super-

379 1681 513 1711 stitiosi*
539 1679 680 1722 lapidum
707 1682 874 1722 baptistae,
899 1680 974 1711 dum
998 1679 1126 1711 iudaica
1148 1685 1301 1711 revocant
1322 1679 1549 1721 bapffismata‘,
1577 1679 1616 1710 de
1640 1679 1776 1710 stultitia
1798 1679 1956 1710 insaniam
1979 1679 2024 1711 fa—

379 1733 475 1763 ciunt.
522 1732 604 1763 Ecce
629 1731 798 1774 qualibus¹¹
823 1732 1005 1763 vindicibus
1037 1736 1105 1763 tuta
1129 1731 1240 1763 relicta
1270 1737 1318 1762 est
1347 1730 1494 1763 libertas!
1526 1741 1599 1762 ecce
1629 1731 1788 1773 quomodo
1817 1730 2025 1762 obscuratum

379 1789 423 1814 est
447 1786 588 1814 aurum!
613 1795 686 1815 ecce
704 1783 865 1826 quomodo
882 1783 946 1815 sale
963 1783 1118 1815 infatuato
1136 1794 1227 1814 suum
1245 1782 1383 1815 ecclesia
1401 1783 1534 1824 quaerit,
1558 1793 1617 1813 nec
1635 1782 1758 1813 invenit
1774 1781 2025 1814 condimentum.

381 1835 443 1866 Sed
468 1835 598 1866 forsitan
623 1840 794 1867 causentur
818 1846 915 1877 super
939 1835 1000 1866 his:
1030 1835 1115 1877 quod
1139 1846 1197 1866 nos
1221 1834 1358 1876 legimus
1385 1846 1419 1866 se
1443 1845 1570 1877 quoque
1580 1840 1593 1854 v
1616 1833 1740 1875 legere3
1771 1833 1857 1875 quod
1880 1839 2026 1866 tenemus

379 1898 412 1917 se
436 1888 530 1918 etiam
555 1893 679 1927 tenereg
711 1898 773 1918 non
799 1899 838 1918 ex
863 1887 1044 1928 ignorantia
1067 1887 1123 1925 rei,
1153 1887 1207 1918 sed
1233 1887 1311 1918 certi
1336 1896 1432 1917 causa
1457 1886 1589 1916 misterii
1621 1885 1660 1916 ad
1685 1885 1718 1916 id
1740 1884 1916 1927 perductos
1937 1896 2027 1926 esse3

380 1950 507 1980 pravae,
531 1950 613 1980 quae
637 1939 691 1970 diu
716 1938 921 1978 inoleverat¹‚
946 1938 1170 1970 consuetudini
1195 1937 1306 1970 aliter?
1330 1938 1436 1969 resisti
1459 1937 1660 1979 nequivisse3
1684 1942 1718 1968 ut
1734 1936 1829 1968 saluti
1845 1937 2023 1968 animarum

380 1990 570 2024 consuleret,
600 1996 704 2021 novoz
729 1991 842 2021 morbo
873 2001 990 2021 novum
1023 1990 1250 2021 medicamenti
1281 2001 1384 2031 genus
1413 1988 1608 2030 adhibuisse,
1637 1988 1858 2030 perversitatis
1886 1987 2025 2030 licentia,

380 2053 461 2082 quae
485 2042 516 2071 in
542 2042 730 2073 immensum
756 2047 970 2081 exereret-av,
1002 2042 1078 2073 dum
1105 2042 1176 2072 vel¹³
1208 2042 1267 2073 hoc
1290 2042 1386 2072 modo
1411 2041 1619 2079 refraenetur,
1649 2050 1762 2082 parum
1787 2045 1819 2071 et
1840 2040 1917 2071 satis
1939 2040 2026 2071 veni-

381 2092 472 2124 aliter
502 2094 532 2123 in
563 2093 614 2123 illo
640 2094 768 2124 decreto
793 2100 962 2135 peccatum
990 2105 1070 2125 esse.
1115 2093 1176 2125 Cui
1207 2094 1233 2124 si
1264 2094 1307 2124 ita
1332 2098 1411 2132 estc,
1444 2091 1590 2123 illorumd
1619 2092 1777 2122 sententia
1807 2091 1886 2122 nihil
1916 2101 2026 2123 conse-

490 2189 515 2204 n>
539 2182 639 2205 Bnlnnn
661 2181 685 2203 2.
744 2182 769 2211 b)
793 2181 966 2213 adquisitioni
982 2182 1006 2204 ⁶2.
1065 2181 1111 2211 ΜΖ)
1132 2182 1157 2205 ὶιι
1180 2183 1231 2205 los.
1248 2182 1272 2205 ΕΞ.
1331 2185 1358 2211 ς)
1377 2180 1473 2205 balaac
1488 2180 1512 2203 2.
1571 2179 1598 2208 d)
1620 2179 1762 2203 maledicet
1775 2178 1800 2203 2.
1864 2178 1889 2210 e)
1911 2178 1986 2203 illum
2001 2177 2025 2204 ⁹..

381 2227 401 2252 f»
414 2226 524 2250 bencdii
538 2227 562 2251 ’3.
619 2231 644 2257 g)
667 2226 689 2250 E
708 2227 732 2250 2.
790 2227 815 2250 li*
830 2229 988 2251 tractoribus
1003 2228 1028 2252 2.
1086 2228 1249 2253 ilconitiaut
1264 2228 1288 2253 2.
1345 2227 1375 2257 k)
1390 2226 1601 2258 diligentissimis
1616 2226 1640 2249 2.
1698 2225 1718 2250 ll
1735 2225 1779 2256 qui
1797 2224 1822 2249 2.
1881 2223 1916 2256 m)
1932 2231 2025 2256 possu-

381 2280 436 2295 mus
455 2274 475 2296 l.
493 2274 516 2296 Β.
575 2275 602 2299 n)
614 2273 752 2296 audiamus
768 2274 790 2296 ¹2.
849 2276 877 2298 ot
890 2274 1019 2297 malumus
1035 2274 1058 2297 2.
1118 2275 1144 2305 p)
1156 2273 1326 2305 propheticas
1337 2273 1512 2297 institutionis
1528 2272 1553 2296 2.
1611 2270 1639 2304 ql
1657 2278 1746 2295 eorum
1763 2271 1788 2296 2.
1845 2270 1869 2303 r)
1889 2270 1922 2295 de
1935 2269 1986 2294 fide
1999 2269 2026 2295 2.

381 2323 405 2342 st
427 2318 540 2341 mii-amri
563 2318 586 2341 ⁴2*
654 2322 676 2341 ti
696 2318 840 2343 viderimus
865 2322 885 2344 l.
952 2326 980 2345 ιιι
1002 2320 1071 2352 quod
1093 2321 1172 2344 etiam
1194 2320 1218 2344 2.
1285 2320 1311 2347 v)
1335 2322 1397 2352 poto
1418 2319 1451 2343 ad
1473 2319 1524 2343 emi
1545 2319 1570 2342 2.
1627 2318 1663 2342 wi
1684 2324 1792 2341 securas
1811 2315 1855 2342 vel
1871 2323 1979 2341 securos
1999 2315 2026 2340 2.

382 2363 408 2388 x]
430 2371 478 2386 nos
499 2368 557 2385 nnrrv
579 2364 648 2387 enim
670 2364 732 2388 add.
754 2365 808 2387 alia
831 2373 924 2389 manus
945 2366 968 2389 2.
1037 2370 1066 2397 y)
1086 2366 1149 2396 fecit
1173 2367 1200 2396 13
1221 2366 1285 2390 facit
1305 2364 1343 2391 M.
1411 2365 1438 2395 z)
1458 2365 1530 2397 quod
1551 2364 1576 2389 2.
1643 2363 1672 2395 a)
1693 2371 1785 2388 omnes
1805 2362 1830 2387 2.
1887 2362 1916 2393 b)
1936 2364 2026 2386 osten-

382 2408 441 2431 dum
463 2409 559 2439 ineptis
581 2410 605 2433 2.
673 2415 698 2433 cu
720 2410 789 2433 enim
813 2410 849 2434 Μ.
916 2411 941 2437 ιι)
966 2413 1105 2443 coeptione
1125 2412 1149 2436 2.
1217 2413 1242 2443 e)
1262 2411 1358 2436 habere
1379 2419 1457 2443 posse
1479 2410 1504 2435 2.
1561 2410 1580 2441 f)
1603 2410 1636 2434 ali
1657 2410 1734 2434 istius
1754 2409 1815 2433 aliis
1833 2407 1907 2432 illum
1927 2407 1979 2432 illis
2000 2407 2025 2433 2.

382 2454 411 2485 is)
432 2462 490 2477 cum
512 2454 613 2477 ‹u-iiulvio
636 2455 659 2477 2.
765 2455 792 2479 hi
813 2456 953 2487 perficiunt
973 2458 997 2481 2.
1101 2458 1120 2483 il
1143 2461 1237 2482 sancta
1258 2458 1282 2482 ⁶2.
1387 2457 1415 2487 k)
1439 2460 1467 2481 ut
1486 2457 1561 2481 aiunt
1581 2456 1634 2481 des.
1652 2457 1676 2480 1.
1769 2455 1788 2486 l)
1808 2457 1835 2478 et
1853 2461 1908 2486 egr.
1929 2461 1978 2478 om.
1998 2451 2024 2478 2.
2067 2482 2071 2487 ,

382 2508 415 2523 mi
440 2499 613 2523 chnhesornnt
635 2502 659 2523 ⁸2.
747 2508 774 2524 ιιι
795 2502 980 2527 imnmndicins
1001 2504 1024 2527 2.
1111 2503 1138 2529 o]
1159 2503 1226 2527 illud
1247 2505 1271 2529 2.
1356 2503 1386 2535 p)
1406 2504 1459 2527 ian.
1481 2503 1593 2534 ecclesie
1615 2503 1640 2525 2.
1725 2499 1755 2533 q)
1775 2509 1824 2525 om.
1845 2500 1871 2525 2.
1946 2498 1968 2532 r)
1991 2497 2024 2525 do

382 2545 573 2569 chri-tinnitum
597 2546 620 2570 2.
697 2548 719 2573 s)
740 2548 921 2578 supersurinsi
944 2550 966 2572 2.
1042 2549 1064 2575 t)
1086 2550 1245 2581 baptismate
1268 2550 1292 2574 2.
1369 2548 1396 2580 ιι)
1419 2549 1537 2581 qualibet
1557 2549 1581 2572 2.
1657 2547 1684 2579 v)
1707 2553 1756 2579 qq:
1777 2547 1803 2572 2.
1877 2546 1912 2578 w)
1931 2545 1978 2570 sed
1998 2544 2023 2570 2-

382 2599 407 2616 x)
430 2591 595 2615 3¹¹⁰¹=⁴V0¹¹¹¹nt
619 2592 645 2620 Ἡ
667 2592 784 2616 ιιιὼιυι-ειι
807 2594 831 2616 2.
895 2598 922 2625 y>
945 2595 1200 2620 consuetudinaliter
1222 2597 1244 2620 l.
1308 2596 1334 2621 z)
1355 2596 1427 2627 regio
1452 2597 1474 2620 1.
1542 2595 1570 2620 a)
1591 2595 1746 2619 exercuerat
1765 2592 1790 2616 2.
1856 2590 1884 2622 b)
1905 2590 1978 2616 deest
1997 2591 2023 2615 1.

382 2638 409 2662 cl
429 2645 456 2661 ue
479 2637 555 2660 habnt
578 2638 602 2661 ⁴2.
679 2637 707 2661 di
729 2638 830 2662 illarum
852 2639 875 2663 2.

491 2712 517 2736 lt
543 2711 624 2737 Hunc
647 2712 732 2737 locum
758 2722 809 2737 non
834 2713 935 2739 int-eui.
1003 2714 1031 2748 2)
1057 2714 1100 2745 Cf.
1119 2714 1212 2748 Siyeb.
1233 2715 1423 2742 Clirou.1.l..·
1447 2713 1512 2740 aliis
1536 2723 1552 2740 a
1575 2713 1707 2748 symonia
1722 2721 1781 2740 non
1797 2710 2021 2744 declinantibus,

382 2761 446 2788 aliis
470 2766 565 2788 notam
591 2762 728 2788 avaritiae
751 2762 873 2789 honesto
897 2764 1012 2790 nominc
1036 2765 1268 2799 pretexentibus,
1293 2765 1359 2791 dum
1383 2765 1439 2792 hoc
1463 2765 1540 2800 quod
1565 2773 1595 2791 se
1618 2763 1709 2800 gratis
1733 2764 1803 2791 dare
1825 2763 1945 2797 iactant,
1968 2759 2021 2789 snb
2047 2792 2051 2794 ⁷

382 2813 510 2839 caritatis
534 2813 648 2840 nomine
671 2814 808 2841 venduut.

2100 0 2132 159 μαι-Δ
