2132 3067
385 126 444 156 416
740 123 902 151 BENONIS
927 121 1180 154 ALIORL‘MQUE
1203 121 1476 149 CARDINALIUM
1500 121 1669 149 SCRIPTA.

375 218 449 257 fiat.
497 216 565 246 Iloc
595 215 759 245 decretum
792 212 987 243 contrarium
1019 216 1065 242 est
1096 211 1294 242 canonibus·
1326 211 1401 240 novi
1431 215 1461 241 et
1491 211 1607 241 veteris
1630 212 1824 251 testamenti,
1853 211 1884 242 in
1909 210 2027 252 quibus

385 268 523 308 Spiritus
555 272 683 296 sanctus
714 263 878 295 evidenter
909 262 1025 293 clamat
1055 268 1128 293 ante
1160 262 1371 293 vicesimuma
1403 262 1548 303 quintum
1581 273 1700 293 annum
1729 263 1843 293 aetatis
1875 261 2027 294 diaconos

384 330 446 348 non
470 317 586 348 debere
611 315 751 346 ordinari
776 321 906 356 propter
929 313 1154 344 declinandam
1178 313 1405 354 neophitorum
1430 311 1576 344 heresim.

488 369 535 399 10.
584 366 823 398 Hildebrandus
835 371 857 407 ²,
886 365 1067 403 Turbamus,
1096 363 1268 395 Anselmus
1291 364 1456 402 Lucensis,
1486 363 1667 395 Deusdedit
1690 365 1722 395 in
1746 364 2027 406 compilationibus

383 421 447 450 suis
482 418 690 449 fraudulentis
725 429 764 449 ex
800 417 938 449 decretis
971 416 1134 447 Anastasii
1169 426 1287 457 papae:
1322 415 1458 447 Nullum
1494 416 1532 447 de
1566 416 1626 454 his,
1661 416 1708 447 vel
1738 427 1818 459 quos
1849 416 2061 458 baptizavits

383 472 530 510 Acatins,
560 471 605 501 vel
635 481 714 512 qnos
737 469 919 500 sacerdotes
942 470 1008 499 sive
1031 469 1146 499 levitas
1169 467 1345 498 secundam
1370 478 1512 498 canones
1540 468 1719 507 ordinavit,
1751 479 1801 498 eos
1831 479 1870 498 ex
1900 469 2028 498 nomine

382 523 495 554 Acatii
520 523 624 563 porti«)
655 522 789 552 lesionis
821 522 975 562 attiuyat,
1007 531 1068 561 quo
1090 519 1242 559 forsitan
1271 530 1332 560 per
1360 519 1512 560 iniquum
1542 519 1670 550 tradita
1694 520 1892 550 sacramenti
1914 521 2027 561 qratia

382 575 487 604 minus
508 573 618 612 firma
651 573 823 610 virleatm·;
858 578 888 603 et
919 576 1055 602 caetera.
1109 569 1179 600 Hoc
1211 569 1340 600 decreto
1371 570 1563 600 Anastasius
1594 570 1710 601 meruit
1740 570 1828 612 apud
1860 570 1966 601 Deum
1997 576 2029 602 et

382 624 526 654 homines
555 623 735 666 dampnari,
765 624 797 654 in
826 634 889 665 quo
918 627 1028 653 contra
1053 621 1208 662 Spiritum
1241 626 1386 652 sanetum
1417 621 1662 664 blasphemavit,
1692 621 1768 652 dum
1793 621 1975 663 baptizatos
1998 627 2029 654 et

382 675 545 705 ordinatos
569 682 661 705 extra
684 674 872 706 aecclesiam
902 673 1093 705 catholicam
1126 671 1166 702 ab
1190 672 1306 703 Acatio
1337 673 1512 714 dampnato
1543 680 1574 704 et
1604 674 1886 705 excommunicato
1908 673 2027 705 nullam
2048 685 2075 704 10

381 726 532 758 lesionem
557 727 720 768 accepisse
743 725 782 757 de
805 736 901 756 manu
926 725 1031 756 Aeatii
1056 724 1176 765 scripto
1201 725 1348 756 asseruit.
1394 724 1494 756 Cuius
1520 736 1659 756 errorem
1685 725 1761 767 quia
1784 724 2027 756 Hildebrandus

381 790 452 809 eum
483 779 548 809 suis
579 777 746 820 discipulis
777 778 897 818 scripto
928 776 1108 816 renovavit,
1140 776 1254 807 merito
1285 787 1303 807 a
1334 776 1410 807 sede
1444 777 1588 808 Romana
1618 776 1728 807 divina
1759 777 1918 808 sententia
1947 777 2027 808 tanti

381 830 498 860 erroris
522 834 742 860 renovatorem
768 827 917 862 exclusit,

1175 920 1234 951 IX.

299 992 360 1011 mas.
488 983 608 1025 U[go]³
645 982 836 1013 venerandis
876 981 1022 1024 patribus
1061 981 1178 1012 domno
1218 981 1391 1025 B[enoni]⁴
1427 988 1458 1013 et
1496 981 1614 1013 domno
1649 981 1842 1025 R[oman0]⁵
1880 981 2027 1013 salutem.
2049 995 2075 1014 ιε

253 1045 359 1067 1..c.1,2.
380 1034 540 1065 Memores
564 1045 622 1065 nos
645 1045 714 1065 esse
738 1033 829 1065 decet
849 1033 1019 1064 verborum
1037 1032 1174 1075 apostoli
1191 1032 1344 1064 dicentis:
1375 1034 1474 1065 Omne
1497 1034 1656 1075 {laudium
1680 1035 1874 1074 existimate,
1888 1034 2028 1074 fratres,

213 1098 451 1118 1,(:0r.10.1;z.cnm
483 1087 515 1117 in
545 1087 773 1127 temptaciones
803 1086 918 1116 varias
947 1085 1141 1116 incideritis.
1193 1084 1317 1116 Fidelis
1347 1087 1431 1116 enim
1455 1085 1556 1125 Deus,
1587 1086 1644 1126 qui
1674 1096 1739 1116 non
1767 1086 1919 1127 pacietur
1947 1086 2028 1117 nosb

379 1150 483 1179 supra
509 1139 638 1169 modam
661 1138 825 1178 temptari,
857 1137 912 1168 sed
932 1136 1042 1178 faciet
1065 1148 1136 1168 cum
1161 1138 1384 1178 temptaciom,
1412 1143 1447 1168 ut
1470 1137 1501 1167 in
1525 1137 1665 1178 presenti
1690 1137 1722 1167 in
1746 1135 1820 1168 fidei
1844 1136 2028 1169 defensione

379 1190 477 1220 fortes
501 1189 673 1220 christiane
698 1188 835 1219 miliciae
859 1187 957 1219 duces
981 1187 1020 1219 de
1044 1187 1195 1220 hereticis
1220 1189 1252 1219 in
1276 1193 1453 1230 conspeetu
1477 1187 1664 1229 angelorum
1682 1194 1714 1220 et
1729 1188 1895 1219 hominum
1919 1189 2029 1220 trium-

380 1241 487 1282 phetis
512 1247 544 1272 et
568 1239 772 1282 postmodum
798 1239 837 1271 de
860 1250 979 1271 corona
1008 1239 1096 1271 coelo
1128 1245 1298 1282 preparata
1329 1250 1401 1271 cum
1431 1239 1554 1281 angelis
1579 1245 1609 1271 et
1633 1240 1782 1272 omnibus
1811 1241 1930 1272 sanctis
1953 1251 2029 1282 gau·
2049 1255 2076 1274 2⁰

212 1288 359 1335 nafis-ism,
381 1293 492 1323 deatis.
531 1293 639 1324 Dicite
656 1292 906 1334 pusillanimis:
930 1292 1196 1333 ‘Confer-tantini,
1220 1292 1296 1334 quia
1313 1291 1483 1323 nobiscum
1501 1291 1600 1332 Deus,
1625 1292 1700 1334 quia
1715 1292 1884 1323 nobiscum
1901 1293 2029 1331 veritam,

379 1345 465 1386 quia,
490 1344 550 1375 etsi
573 1350 759 1385 peccatores
783 1355 903 1383 sumus,
928 1343 1118 1375 catholicam
1143 1349 1251 1375 tamen
1272 1343 1450 1374 doctrinam
1475 1353 1533 1374 nec
1557 1343 1775 1385 predicatione
1792 1354 1853 1375 nec
1869 1344 2029 1386 scriptura

380 1396 592 1437 corrupimus,
616 1397 713 1426 immo
737 1400 942 1437 corruptores
965 1401 996 1427 et
1019 1395 1228 1427 subversores
1252 1394 1412 1436 euangelii
1435 1401 1467 1426 et
1489 1394 1660 1426 verborum
1693 1396 1795 1438 ipsius
1818 1395 1882 1427 Dei
1906 1396 2029 1438 potenti

379 1447 486 1489 gladio
510 1446 600 1478 verbi
624 1447 723 1478 divini
749 1447 901 1489 persequi
924 1447 1030 1489 parati
1053 1458 1173 1488 sumuS,
1197 1457 1260 1478 non
1284 1446 1481 1478 confidentes
1499 1447 1530 1477 in
1548 1446 1796 1488 proditionibus,
1819 1447 1852 1478 in
1869 1447 2028 1489 periuriis.

381 1499 507 1530 Veritas
531 1499 614 1530 enirn
639 1499 826 1530 naturaliter
849 1498 969 1540 refugit
991 1503 1023 1530 et
1045 1499 1238 1540 dedignatur
1261 1498 1432 1530 mendatiis
1461 1499 1618 1530 adiuvari.
1672 1499 1713 1530 Et
1743 1499 1890 1541 quamvis
1918 1499 2029 1531 adver-
2049 1512 2076 1531 25

380 1551 480 1581 sarios
505 1549 578 1582 fidei
602 1556 636 1581 ut
659 1550 845 1582 manifestos
869 1551 1028 1582 hereticos
1053 1551 1196 1582 devitare
1221 1551 1453 1582 rationabiliter
1476 1551 1636 1592 possimus
1653 1551 1831 1582 secundum
1848 1549 2028 1592 apostolum

241 1612 359 1634 rasio.
381 1601 556 1633 dicentem:
583 1602 767 1633 Hereticnm
799 1603 957 1634 hominem
983 1607 1059 1644 post
1085 1603 1229 1644 primam
1257 1608 1285 1634 et
1313 1603 1488 1634 secundam
1513 1603 1745 1644 correptionem
1769 1603 1887 1643 devita,
1910 1607 2028 1642 tamen,

381 1654 456 1696 quia
479 1653 659 1695 quaedamc
683 1659 834 1695 precepta
856 1653 1080 1696 temperabilia
1104 1661 1187 1693 sunt,
1213 1653 1370 1696 quaedam
1396 1665 1471 1685 vero
1494 1654 1761 1695 intemperabilia,
1785 1654 1862 1696 quia
1884 1653 2028 1686 beatissi-

381 1716 452 1735 mus
477 1705 590 1736 Petrus
614 1705 707 1736 huius
731 1706 908 1737 sententiae
931 1707 1071 1747 rigorem
1102 1710 1270 1747 temperat,
1301 1706 1408 1748 ipsum
1434 1706 1562 1737 beatum
1588 1705 1729 1745 Petrum,
1758 1705 1847 1737 salva
1870 1707 2029 1737 sententia

215 1769 360 1793 rvi-treas.
382 1757 466 1788 beati
491 1756 592 1797 Pauli,
623 1767 680 1798 pro
710 1768 815 1788 rerum
839 1763 869 1789 et
892 1764 1073 1799 temporum
1096 1758 1289 1789 necessitate
1319 1758 1492 1799 sequimur.
1545 1758 1601 1788 Ait
1629 1758 1728 1788 enim:
1756 1757 1876 1788 Parati
1903 1769 2029 1799 semper
2048 1769 2076 1789 so
2130 1785 2132 1807 l

381 1814 475 1839 estote
499 1809 544 1839 aa⁷
567 1808 825 1849 satisfactionem
849 1810 936 1840 omni
954 1811 1101 1851 poscenti
1124 1820 1179 1840 vos
1203 1810 1362 1840 rationem
1379 1810 1417 1840 de
1434 1821 1482 1849 ea,
1506 1821 1567 1851 que
1586 1810 1623 1840 in
1644 1809 1733 1840 vobis
1749 1814 1802 1847 est,
1825 1820 1892 1851 spe.
1927 1807 2028 1840 Cuius
2129 1817 2132 1832 ¹

382 1859 484 1891 fidelis
517 1859 694 1902 discipulus
725 1859 890 1901 Clemens,
925 1863 1114 1903 magistrum
1150 1866 1296 1892 secutus:
1329 1860 1455 1901 Nichil,
1488 1861 1624 1903 inquit⁶,
1659 1861 1789 1892 omnino
1821 1861 2028 1902 respondere,
2128 1854 2132 1883 l

383 1912 570 1943 auditorum
601 1923 720 1944 causae
750 1913 829 1944 utile
857 1924 922 1944 non
952 1913 1092 1953 videtur,
1120 1924 1160 1944 ne
1179 1913 1271 1954 forte
1299 1913 1441 1944 estiment
1472 1923 1531 1944 nos
1559 1913 1783 1954 responsionis
1802 1913 1950 1954 penuria
1973 1912 2027 1944 de·
2129 1888 2132 1939 l

381 1963 506 1994 clinare
529 1968 700 1995 certamen.
751 1964 874 1995 Doctor
897 1963 1091 2006 Gregorius:
1125 1964 1298 2004 circulisd‚
1321 1964 1455 2006 inquit⁷,
1479 1968 1579 1995 vectes
1600 1964 1784 2003 inhereant,
1815 1969 1850 1995 ut
1872 1964 2028 2005 doctores,
2129 1952 2132 1984 l

381 2026 505 2055 semper
529 2016 563 2046 in
587 2017 656 2046 suis
679 2016 830 2047 cordibus
853 2015 980 2058 eloquia
1005 2027 1104 2048 sacra
1128 2016 1330 2055 meditantes,
1353 2017 1536 2047 testamenti
1553 2015 1687 2047 archam
1703 2017 1774 2047 sine
1789 2026 1883 2047 mora
1898 2015 2028 2056 elevent,
2047 2027 2075 2047 ss

381 2067 410 2097 si
434 2067 590 2108 quiequid
616 2077 736 2097 necesse
767 2072 820 2105 est,
851 2069 1008 2108 protinus
1039 2067 1162 2101 docent.
1214 2067 1306 2098 Unde
1329 2067 1405 2099 bene
1425 2069 1556 2109 primus
1576 2073 1692 2109 pastor
1715 2066 1889 2098 aecclesiae
1911 2072 2028 2100 ceteros

383 2123 550 2158 ammonet,
573 2118 700 2149 dicens:
725 2117 855 2149 ‘Parati
877 2130 1002 2161 semper
1026 2119 1071 2149 ad
1092 2119 1352 2160 satisfactionem
1377 2121 1465 2151 omni
1483 2120 1633 2160 poscenti
1655 2129 1710 2150 vos
1732 2121 1893 2150 rationem
1915 2119 1954 2150 de
1976 2130 2026 2159 ea,

382 2180 465 2209 quae
490 2170 523 2199 in
548 2169 639 2199 nobis
662 2174 717 2208 est,
740 2170 817 2210 spe',
841 2182 879 2201 ac
903 2172 933 2202 si
957 2175 1065 2213 aperte
1089 2171 1187 2210 dicat,
1210 2176 1245 2202 ut
1269 2171 1314 2202 ad
1332 2171 1538 2212 portandam
1562 2171 1698 2202 archam
1722 2170 1816 2202 nulla
1837 2181 1931 2202 mora
1949 2182 2027 2213 pre-

379 2220 503 2260 pediat,
527 2225 626 2251 vectes
645 2232 663 2250 a
681 2220 814 2251 circulis
834 2233 1012 2262 numquam
1028 2222 1188 2253 recedant.
1231 2221 1344 2253 Tantis
1360 2228 1425 2254 tam
1443 2223 1563 2254 saci-ise
1579 2221 1826 2254 auctoritatibus
1843 2222 2026 2263 innitentes,

383 2271 457 2312 quia
482 2271 609 2303 incivile
633 2277 681 2302 est
704 2272 758 2302 uni
782 2272 839 2303 soli
864 2272 1018 2314 particule
1041 2273 1120 2315 legis
1143 2273 1288 2305 inherere
1312 2280 1343 2306 et
1365 2273 1522 2315 reliquam
1546 2273 1650 2316 legem
1674 2274 1811 2314 abicere,
1838 2284 1896 2305 nos
1919 2275 2026 2316 potius
2045 2284 2073 2304 ιο

384 2332 494 2353 omnes
517 2322 710 2363 apostolicae
727 2323 891 2355 doctrinae
909 2331 1016 2367 partes
1039 2331 1070 2356 et
1093 2336 1285 2356 veneramur
1301 2332 1332 2357 et
1348 2326 1523 2367 sequimur,
1547 2336 1610 2356 non
1627 2324 1817 2367 particulam
1835 2324 2025 2365 scindentes,

383 2372 438 2402 sed
463 2374 614 2404 unitatem
647 2381 677 2405 et
708 2375 912 2407 concordiam
945 2377 1086 2407 omnium
1116 2376 1334 2419 apostolorum
1361 2376 1602 2419 amplectentes.
1631 2388 1672 2408 ex
1696 2376 1803 2408 verbis
1825 2376 1912 2409 Petri
1934 2376 2025 2408 Pauli

383 2424 520 2464 rigorem
545 2424 732 2465 mollientes,
756 2427 904 2469 exemplo
929 2433 1053 2469 patrum
1079 2433 1260 2459 sanctorum
1286 2428 1370 2460 fideli
1395 2428 1555 2471 colloquio
1572 2429 1658 2471 ipsos
1675 2429 1832 2460 hereticos
1846 2427 1899 2460 vel
1913 2439 2024 2460 eorum

495 2536 519 2557 n)
543 2530 709 2555 vicessimum
734 2533 754 2555 l.
813 2533 837 2555 lu
862 2541 908 2556 vos
927 2532 1000 2565 Vuly.
1059 2541 1084 2559 οι
1106 2533 1236 2565 quaedam
1252 2548 1287 2551 —
1302 2535 1363 2567 quia
1383 2534 1437 2559 des.
1454 2535 1478 2559 2.
1545 2534 1574 2566 d)
1595 2534 1709 2559 circulus
1733 2535 1755 2559 1.
1771 2534 1796 2558 2.
1860 2533 1886 2565 ο)
1906 2534 1978 2560 deest
1999 2535 2023 2559 ⁶2.

494 2627 520 2660 l)
545 2627 589 2659 Cf.
614 2637 688 2653 conc.
713 2629 812 2661 Amuli.
838 2639 860 2654 r.
883 2631 927 2659 113,
957 2630 1055 2656 Mansi
1078 2631 1155 2664 VIII,
1180 2632 1231 2657 col.
1257 2632 1332 2660 3‘2'1':
1363 2632 1468 2659 Arelat.
1493 2641 1516 2659 e.
1537 2634 1561 2664 l,
1584 2632 1652 2660 ibid.
1678 2632 1730 2659 col.
1748 2631 1826 2666 626,·
1854 2635 1878 2658 et
1901 2632 2022 2666 saepius.
2042 2638 2070 2659 ⁴⁵

385 2676 414 2706 ¹2]
439 2677 589 2711 Sequentia
614 2679 651 2704 od
674 2679 792 2705 litteram
818 2689 875 2705 cum
901 2682 934 2706 iis
958 2683 1120 2708 conveniunt
1144 2692 1215 2717 quae
1238 2692 1325 2717 snpra
1348 2693 1377 2717 p.
1396 2684 1465 2709 399.
1489 2684 1627 2718 leguntur,
1719 2683 1749 2718 3)
1776 2683 1835 2718 qu
1858 2683 2022 2710 cardinalis.

385 2728 413 2753 41
440 2728 547 2754 lienoni
569 2730 721 2755 cardinali.
823 2731 852 2765 5)
877 2732 1001 2757 lfomana
1025 2734 1176 2759 cardinali.
1280 2735 1308 2760 6‘1
1334 2735 1424 2769 Epist.
1449 2735 1477 2761 3.
1502 2744 1548 2768 ap.
1574 2735 1782 2762 Pseudo-laid.
1806 2735 1848 2761 ed.
1874 2734 2024 2760 Himchiue

382 2789 410 2813 p.
431 2779 479 2806 60.
568 2780 597 2814 7)
623 2781 730 2815 Περαία
751 2786 858 2815 pastor,
879 2783 917 2810 ll.
943 2793 966 2809 c.
988 2785 1033 2816 11,
1062 2784 1153 2818 Opera
1179 2785 1219 2817 ΙΙ,
1244 2786 1293 2811 col.
1313 2786 1361 2811 34.
