2132 3067
274 340 283 350 ”
288 342 302 359 f.

292 1125 342 1150 (¹¹)

193 1187 200 1203 i
220 1184 307 1206 'rinna
322 1187 341 1204 1.

193 1539 210 1556 1.
220 1538 268 1558 loh-
278 1539 297 1558 8,
308 1539 339 1557 12.

284 1741 311 1762 Ὗ.

360 137 400 168 98
762 137 916 165 LIBELLI
938 138 1137 164 BERNALDI
1160 137 1399 166 PRESBYTERI
1421 138 1607 166 MONACHI.

361 229 427 268 sed,
451 234 485 260 ut
508 227 587 259 fides
611 228 680 258 eius
703 228 735 257 in
759 225 910 257 cordibus
939 226 1080 257 fidelium
1111 226 1280 258 roboretur
1302 233 1334 259 et
1355 238 1374 258 a
1397 228 1548 269 contagio
1571 228 1782 260 anathematis
1809 228 2009 268 defendatur,

361 284 525 322 exoptant.
578 279 619 309 Et
649 289 706 308 nos
737 279 849 319 utiquc
878 282 1025 308 sanctum
1055 277 1317 310 Calcedonense¹
1349 278 1522 310 concilium
1553 289 1755 317 veneramur,
1786 280 1873 322 quod
1902 286 2008 313 tamen

336 355 340 359 .
361 331 570 373 'apostolicae
600 329 772 370 dignitatia
801 328 888 359 nullo
920 329 1016 360 modo
1040 328 1223 371 prescribit,
1253 331 1330 372 quin
1354 329 1517 372 quaelibet
1541 332 1736 362 monasteria
1758 342 1836 363 suae
1859 333 2010 374 potestati

359 382 529 413 vendicare
552 381 667 419 valeat,
701 385 734 411 ut
757 391 821 411 non
845 381 999 422 episcopo
1023 380 1174 420 civitatis,
1206 382 1261 412 sed
1292 381 1489 423 apostolicae
1512 381 1581 412 sedi
1605 381 1788 424 specialiter
1811 383 2011 415 subiaceant.

358 433 425 465 Nec
449 433 618 471 miremini,
642 433 668 462 si
693 431 859 462 monachis
883 433 983 463 nostri
1007 433 1161 474 temporis
1185 433 1326 463 officium
1351 433 1579 474 predicationis
1600 444 1664 464 non
1681 434 1810 465 omnino
1827 434 2010 467 intercludi·

358 490 419 525 tur,
450 489 483 515 ut
511 484 662 526 antiquis,
694 483 734 514 de
763 483 880 525 quibus
905 483 1144 515 Calccdonense
1170 483 1342 515 concilium
1366 490 1398 515 et
1421 490 1552 516 sanetus
1575 484 1663 516 Leo²
1687 496 1773 527 papa
1796 487 2009 528 scripserunt3

358 547 432 567 narn
456 535 502 566 illi
525 535 760 567 ecclesiasticos
784 535 912 566 ordines
934 546 996 566 non
1021 534 1212 574 habuerunt,
1236 540 1271 566 ut
1294 547 1335 566 cx
1359 537 1486 567 statutis
1511 536 1654 567 eiusdem
1678 537 1808 568 concilii
1828 539 2010 570 coniectare

359 598 540 630 possumus.
586 587 621 618 In
652 587 701 618 his
733 588 816 618 enim
850 586 1054 628 adequantur
1082 586 1183 628 laicis,
1214 598 1286 618 cum
1317 598 1374 629 pro
1405 593 1592 629 contemptu
1622 599 1781 619 canonum
1809 600 1872 621 uon
1896 589 2009 631 degra-

358 639 475 671 dentur
497 645 532 670 ut
554 638 672 677 clerici,
695 638 752 669 sed
770 638 1093 669 excommunicentur
1116 643 1151 669 ut
1174 639 1262 670 laici:
1287 638 1374 680 quod
1391 639 1501 681 utique
1525 650 1588 670 non
1604 641 1705 679 fieret,
1729 641 1755 671 si
1772 640 2009 673 ecclesiasticos

359 692 488 722 ordines
505 690 675 729 haberent;
698 700 771 720 narn
791 700 931 720 canones
949 691 1142 731 precipiunt,
1167 695 1203 721 ut
1226 691 1365 721 ordinati
1390 701 1447 732 pro
1472 690 1575 732 culpis
1605 692 1670 722 suis
1695 692 1922 733 degradentur,
1945 704 2008 724 non

359 748 466 773 autem
499 743 828 773 excommunicentur.
874 741 1021 772 Moderni
1051 746 1157 772 autem
1182 741 1328 772 monachi
1353 753 1424 772 cum
1450 741 1682 774 ecclesiasticos
1706 743 1836 774 ordines
1859 743 2009 786 habeant,

359 795 430 836 quis
454 794 590 824 inficiari
614 798 730 835 potest,
761 793 837 836 quin
862 792 1037 823 eorundem
1061 793 1219 834 graduum
1245 793 1361 833 officia,
1391 804 1462 824 cum
1487 794 1667 835 iubeantur,
1698 806 1850 827 exercere
1872 796 2008 837 valeant,

359 846 526 887 presertim
557 856 630 876 cum
661 846 692 876 in
717 845 928 886 perceptione
952 845 1204 876 consecrationis
1228 844 1307 876 nihil
1330 845 1450 876 distent
1472 857 1490 876 a
1513 845 1664 877 clericis?
1706 846 1773 877 Aut
1803 858 1879 889 ergo
1909 847 2009 879 eecle-

359 898 504 928 siasticos
527 897 648 938 gradus
671 896 734 928 illis
752 897 880 938 penitus
896 896 1048 935 adimitis,
1071 902 1127 928 aut
1143 896 1452 928 administrationem
1471 897 1645 928 eorundem
1663 897 1822 939 graduum
1846 900 1892 930 eis
1915 900 2010 931 inter-

360 949 487 980 cludere
518 960 580 979 non
613 949 757 990 potestis.
802 947 944 978 Nimium
974 949 1069 979 etiam
1100 959 1157 990 pro
1187 949 1342 990 episcopo
1372 954 1498 979 vestro3
1528 948 1649 988 zelatis,
1680 950 1707 980 si
1730 949 1803 992 plus
1826 950 1888 982 sibi
1912 961 2008 993 quam

361 1000 556 1042 apostolicae
580 1000 647 1031 sedi
672 999 889 1031 obediendum
914 1001 1046 1041 putatis,
1071 1000 1122 1030 cui
1147 1006 1178 1031 et
1201 1011 1258 1031 vos
1282 1001 1462 1031 necessario
1486 1000 1557 1042 plus
1582 1012 1677 1042 quam
1702 1002 1834 1044 proprio
1857 1003 2010 1045 episcopo

361 1053 527 1093 obedietis,
554 1053 579 1083 si
604 1052 693 1082 iuxta
717 1058 863 1082 sanctum
888 1051 1103 1092 Gregoriu1n⁴
1126 1053 1171 1083 rei
1195 1051 1392 1094 apostolicae
1415 1053 1615 1084 auctoritatis
1639 1064 1708 1084 esse
1731 1064 1794 1084 non
1819 1053 1924 1085 vultis.

469 1112 539 1143 IIoc
575 1112 660 1154 quod
696 1112 863 1154 apostolus
899 1112 1052 1154 quosdam
1088 1113 1272 1143 novissimis
1310 1113 1510 1154 temporibus
1547 1124 1565 1143 a
1603 1113 1666 1145 fide
1704 1114 1902 1146 discessuros
1939 1126 2009 1157 pre-

361 1164 454 1205 dicit,
486 1176 548 1195 non
579 1163 743 1206 aliquibus
774 1163 956 1203 catholicis,
987 1164 1042 1195 sed
1077 1164 1277 1206 quibuslibet
1306 1165 1596 1196 excommunicatis
1627 1167 1882 1208 competentiusb
1912 1167 2010 1197 ascri-

362 1216 489 1255 beretis,
520 1217 574 1258 qui
604 1215 806 1247 attendentes
837 1216 1004 1257 spiritibus
1028 1217 1144 1247 erroris
1175 1223 1206 1247 ct
1229 1216 1384 1247 doctrinis
1416 1217 1638 1247 demoniorum
1664 1229 1681 1248 a
1706 1217 1864 1249 catholica
1887 1219 2010 1250 unitate

360 1268 392 1297 in
422 1278 536 1298 manus
570 1267 722 1299 sathanae
754 1267 982 1298 discesserunt.
1033 1267 1155 1298 Horum
1186 1268 1364 1310 crudelitas
1395 1269 1457 1299 iam
1490 1268 1611 1299 (ludum
1644 1270 1804 1308 excrevit,
1833 1275 1869 1300 ut
1898 1274 2010 1301 sancta

360 1318 495 1350 ccclesia
526 1325 638 1349 contra
669 1330 778 1350 corum
810 1320 1046 1350 infestationem
1079 1319 1273 1350 militaribus
1304 1319 1435 1351 auxiliis
1466 1321 1653 1361 saepissime
1683 1322 1821 1362 eguerit,
1852 1332 1911 1352 nec
1941 1321 2009 1352 sine

360 1372 525 1412 sanguinis
549 1370 704 1402 etl'usione
729 1371 768 1402 de
792 1382 902 1402 eorum
928 1370 1098 1412 tyrannide
1119 1371 1247 1402 libcrari
1273 1373 1421 1413 potuerit.
1466 1371 1622 1403 Militares
1639 1383 1725 1413 ergo,
1749 1373 1801 1415 qui
1821 1384 1857 1404 ca
1873 1373 2010 1405 necessi-

360 1428 424 1453 tatc
447 1423 584 1464 aliquem
610 1423 923 1454 excommunicatum
949 1423 1134 1463 occiderint,
1164 1423 1324 1464 compulsi
1350 1428 1432 1461 sunt,
1462 1429 1493 1454 ct
1515 1423 1575 1454 hoc
1599 1434 1661 1454 non
1686 1430 1749 1455 tam
1775 1436 1832 1466 pro
1856 1436 1889 1456 se
1913 1435 2008 1467 quam

360 1485 417 1516 pro
449 1474 667 1505 ecclesiastica
698 1474 883 1506 defensione
914 1474 1071 1512 fecerunt,
1103 1481 1133 1505 et
1164 1474 1249 1505 nullo
1280 1475 1374 1505 modo
1407 1475 1669 1516 dampnationem
1701 1477 1796 1518 primi
1827 1476 2010 1508 fratricidae

361 1525 442 1556 Cain
468 1526 499 1556 in
523 1525 583 1557 hoc
608 1527 823 1567 promeruisse
848 1526 1009 1564 videntur,
1033 1527 1086 1568 qui
1112 1527 1201 1557 iuxta
1225 1526 1400 1557 Iohannem
1426 1538 1464 1558 ezr
1487 1527 1632 1569 ‘mali-qno
1656 1533 1725 1559 erat
1749 1533 1776 1559 et
1800 1528 1918 1559 occidit
1931 1528 2010 1569 fra-

361 1583 436 1608 trem
461 1590 565 1610 sunm.
612 1578 651 1608 El
680 1583 818 1620 propter
849 1579 930 1620 quid
961 1579 1076 1609 occidit
1108 1578 1200 1609 enm?
1233 1579 1311 1619 qnia
1345 1591 1443 1620 opera
1475 1581 1545 1610 eius
1576 1579 1728 1621 maliyna
1759 1585 1862 1620 erant,
1884 1579 2010 1622 fratris

361 1635 467 1660 (tutem.
492 1631 598 1667 ius-m,-
623 1631 744 1671 quippe
764 1641 820 1671 pro
844 1629 967 1660 invidia
985 1629 1103 1660 occidit
1119 1641 1202 1660 cum.
1251 1631 1304 1661 Isti
1330 1637 1436 1661 autem
1462 1642 1520 1661 nec
1544 1631 1690 1661 inimicos
1714 1631 1861 1663 occidere
1884 1630 2010 1671 vellent,

361 1682 387 1711 si
411 1680 472 1711 alio
491 1681 585 1711 modo
603 1689 744 1713 sanctam
771 1688 905 1712 matrem
923 1681 1088 1713 ecclesiam
1109 1690 1220 1711 contra
1245 1681 1410 1723 improbos
1436 1682 1618 1713 deffendere
1643 1687 1783 1724 possent.
1829 1682 1871 1714 Et
1894 1683 1925 1713 in
1950 1682 2010 1715 hoe

361 1733 432 1774 ipso
456 1733 585 1771 negotio
606 1734 712 1763 'etiam
738 1734 885 1774 proprias
909 1734 1032 1763 animas
1058 1745 1114 1774 pro
1139 1733 1290 1764 fratribus
1315 1739 1448 1775 ponunt,
1473 1744 1553 1775 quos
1577 1745 1634 1775 per
1657 1735 2010 1766 excommunicatorum

359 1783 543 1814 violentiam
570 1785 599 1814 in
625 1785 731 1815 anima
755 1790 785 1815 ct
809 1785 839 1815 in
864 1796 999 1827 corpore
1025 1785 1197 1826 periclitari
1223 1786 1433 1827 perspiciunt.
1478 1785 1689 1827 Nequaquam
1719 1797 1797 1827 ergo
1825 1797 1880 1817 eos
1903 1786 2010 1817 nefan-

361 1835 492 1866 dissimo
518 1836 699 1867 fratricidae
724 1836 804 1867 Cain
836 1837 1105 1878 comparabimus,
1137 1838 1162 1867 si
1188 1838 1269 1868 iuste
1294 1836 1436 1867 iudicare
1460 1836 1667 1868 voluerimus.
1713 1837 1841 1869 Scimus
1870 1837 2011 1880 quidem,

362 1887 567 1918 homicidium
594 1889 624 1918 in
649 1899 738 1919 sacra
763 1889 922 1930 scriptura
945 1888 1158 1930 p1·0l1ibitum;
1190 1888 1244 1919 scd
1277 1888 1335 1919 hoe
1362 1889 1493 1919 minime
1517 1889 1560 1919 ita
1584 1888 1762 1930 intelligere
1786 1889 1953 1929 debemus,
1977 1895 2012 1921 ut

363 1939 503 1970 l'hinccn
528 1945 559 1970 et
583 1939 719 1980 IIelyam
749 1946 780 1970 ct
808 1940 925 1971 zelotes
955 1939 1144 1982 aliquosque
1176 1945 1303 1971 sanctos
1332 1946 1450 1981 patres,
1482 1941 1536 1981 qui
1565 1940 1632 1971 zelo
1656 1940 1717 1971 Dei
1746 1940 1863 1972 multos
1886 1940 2010 1973 occide—

361 1996 443 2029 runt,
472 1991 693 2032 dampnationi
719 1991 953 2022 homicidarum
979 1992 1138 2023 obnoxios
1162 2004 1231 2023 csse
1256 1991 1443 2022 iudicemus.
1489 1991 1660 2034 Nunquam
1685 1993 1768 2023 enim
1794 1993 1826 2023 in
1850 2003 1887 2024 eo
1912 1992 2010 2024 delin-

361 2043 479 2084 quitur,
502 2043 556 2072 ubi
577 2043 645 2073 Deo
670 2043 719 2073 vcl
746 2055 802 2085 per
825 2056 858 2074 se
882 2044 931 2074 vel
957 2055 1014 2085 per
1037 2043 1138 2083 legem
1165 2045 1355 2086 precipicnti
1381 2043 1566 2085 specialiter
1589 2043 1747 2076 obeditur.
1793 2044 1912 2076 Beatus
1937 2056 2012 2088 quo-

362 2106 423 2136 quc
449 2096 647 2133 Augustinus
673 2095 702 2125 in
728 2094 809 2125 libro
834 2097 938 2137 primo
962 2096 1001 2126 dc
1026 2097 1155 2126 civitate
1180 2095 1280 2126 Dei⁵:
1305 2095 1409 2128 Miles.
1434 2095 1556 2138 inquid,
1582 2107 1650 2126 cum
1677 2096 1827 2128 obediens
1846 2097 2010 2138 potestati,

361 2146 419 2176 sub
443 2158 507 2188 qua
531 2146 670 2186 [cyitimc
694 2148 889 2177 constitutus
913 2153 968 2187 est,
1001 2148 1158 2178 hominem
1192 2148 1320 2181 occidit,
1354 2148 1447 2177 nulla
1478 2149 1622 2178 cii-itatis
1650 2159 1730 2179 suae
1751 2146 1819 2189 lege
1843 2148 2012 2180 homicidii

362 2209 436 2228 reus
461 2203 513 2228 est.
559 2197 625 2227 Nec
648 2208 706 2227 nos
731 2199 838 2240 utique
864 2209 985 2238 omncs,
1016 2199 1069 2240 qui
1098 2200 1394 2229 excommunicatos
1418 2198 1604 2238 occiderint,
1634 2199 1828 2230 omnimodis
1850 2210 2009 2241 expurga-

363 2260 441 2285 mus,
466 2249 521 2279 scd
540 2255 676 2279 nectam
695 2249 783 2287 dure,
807 2256 841 2281 ut
858 2251 1054 2281 vestratibus
1075 2249 1226 2291 placeret,
1251 2262 1304 2281 eos
1330 2250 1526 2281 iudicamus:
1550 2256 1581 2281 et
1605 2249 1679 2281 illud
1705 2251 1845 2292 primum
1869 2250 2010 2294 quidem,

362 2301 437 2341 quia
460 2300 521 2330 tale
545 2311 624 2341 opus
649 2307 703 2331 aut
726 2302 778 2331 vix
804 2307 858 2332 aut
881 2313 1042 2343 nunquam
1069 2303 1136 2332 sinc
1161 2301 1255 2342 culpa
1279 2302 1457 2342 perticum-3
1490 2302 1549 2332 hoc
1579 2308 1685 2332 autem
1718 2302 1904 2345 secundum,
1935 2303 2011 2345 quia

362 2363 416 2382 cos
440 2352 506 2382 zelo
534 2352 592 2381 llci
617 2351 730 2382 ductos
755 2352 814 2382 hoc
837 2364 933 2393 agere
958 2364 1016 2394 pro
1041 2353 1257 2384 ecclesiastica
1281 2353 1471 2384 necessitate
1495 2354 1730 2393 cognoscimus.

469 2403 518 2433 De
547 2403 765 2444 predicatione
796 2404 1022 2435 monachorum
1054 2404 1138 2445 quod
1170 2405 1282 2435 iterum
1314 2406 1441 2445 notatis,
1473 2409 1503 2435 et
1531 2404 1623 2435 nobis
1652 2404 1768 2446 placet,
1798 2409 1833 2437 ut
1861 2416 1924 2437 non
1948 2407 2008 2437 nisi

362 2453 498 2485 ordinati
518 2454 683 2495 predicent
700 2455 924 2497 catholicoque.
945 2455 1095 2486 obediant
1115 2455 1241 2497 presuli,
1259 2457 1318 2486 nisi
1333 2457 1372 2487 ab
1387 2456 1563 2498 apostolica
1579 2455 1655 2487 sede
1673 2457 1792 2488 fuerint
1804 2457 2007 2500 emancipati.

472 2550 498 2581 n)
521 2550 561 2574 vel
583 2551 733 2574 auctoritati
756 2559 888 2582 suprascr.
911 2553 935 2575 9.
1013 2552 1038 2581 b)
1062 2552 1275 2584 competentibus
1296 2553 1321 2576 9.

473 2640 498 2671 1)
524 2639 592 2665 Can.
617 2639 643 2669 4,
672 2640 720 2672 qni
742 2640 887 2665 rannaclms
909 2641 1043 2665 subiectos
1065 2650 1122 2666 esso
1145 2641 1281 2674 episcopis
1301 2642 1479 2674 praescribit.
1588 2641 1618 2675 2)
1642 2642 1715 2676 Epp,
1736 2642 1804 2675 118,
1827 2651 1850 2668 c.
1875 2642 1911 2676 2,·
1938 2642 2004 2674 119,

364 2700 386 2716 c.
405 2691 438 2719 G:
466 2691 531 2721 120,
557 2699 579 2716 τ’.
598 2690 624 2721 G,
650 2691 692 2716 cd.
712 2691 818 2718 Ballvr.
842 2695 861 2716 t.
883 2691 904 2718 Ι,
929 2692 980 2718 col.
1004 2693 1090 2718 1211.
1114 2692 1199 2718 1217.
1222 2693 1316 2723 122ἷ,·
1339 2693 1425 2726 Jassv'
1447 2702 1490 2721 nr.
1509 2693 1684 2720 494-496.
1778 2693 1808 2728 3)
1831 2694 2004 2727 Huzmanno,

362 2742 467 2774 synodo
501 2741 753 2775 Qnedlinburqensi
786 2752 813 2769 a.
845 2743 934 2769 1085.
970 2743 1219 2768 ‹*.rcommi1ni'ca!a:
1260 2744 1396 2769 lssernaldi
1429 2745 1522 2771 chron.
1550 2754 1577 2771 a.
1605 2746 1694 2777 1085,
1729 2744 1784 2772 SS.
1815 2744 1845 2778 V,
1874 2754 1905 2779 p.
1933 2744 2004 2771 443.

364 2794 393 2825 4)
424 2793 452 2819 V.
477 2802 562 2827 supra
583 2802 611 2826 p.
637 2793 684 2820 ST.
773 2794 802 2826 5)
826 2793 855 2819 C.
881 2794 929 2826 20,
957 2794 1026 2827 Opp.
1051 2795 1093 2820 cd.
1121 2794 1223 2820 ltened.
1248 2798 1266 2821 t.
1292 2794 1353 2828 Vll,
1377 2795 1428 2821 col.
1454 2795 1503 2821 24.

2030 704 2057 725 10

2029 962 2058 982 15

2035 1229 2063 1248 20

2030 1485 2058 1505 25

2030 1742 2059 1762 ³0

2031 2003 2060 2024 ³5

2030 2261 2059 2281 10

2026 2560 2055 2580 ⁴⁵
