2132 3067
43 711 70 730 1⁰

42 968 68 988 15

41 1227 67 1246 2⁰

40 1494 66 1514 ¹5

39 1751 66 1772 ³⁰

39 2010 65 2030 ³5

39 2314 66 2333 40

38 2606 66 2626 45

646 147 832 174 LIBELLUS
856 148 907 174 DE
930 147 1173 175 SYMONIACIS.
1676 145 1738 175 549

90 235 243 277 multique
272 235 316 265 ibi
340 236 486 276 episcopi
515 236 553 266 de
577 236 763 276 symoniaca
788 235 889 266 heresi
913 242 1173 274 accusa1·cntur³‚
1204 238 1287 268 inter
1316 243 1459 268 caeteros
1490 243 1659 268 accusatus
1690 243 1739 268 est

90 286 231 329 quidam,
273 287 327 328 qui
361 298 416 327 pre
452 287 587 317 caeteris
626 292 797 328 suspectus
833 287 971 328 amplius
1003 287 1193 319 habebatur.
1253 289 1314 320 Sed
1354 300 1425 319 cum
1468 290 1536 319 cius
1575 289 1738 319 accusatio

89 339 183 370 certis
211 337 333 368 inditiis
358 338 487 378 probari
512 349 575 368 non
599 345 716 379 posset,
747 338 909 369 adiuravit
932 349 1004 369 eum
1030 339 1196 380 pontyfex,
1229 347 1262 370 ut
1294 341 1362 381 ipse
1392 341 1430 371 de
1460 352 1492 371 se
1525 341 1595 382 ipso
1619 340 1738 371 diceret

90 390 264 421 veritatem.
310 389 374 428 Qui
401 400 472 420 cum
491 390 657 420 veritatem
684 389 791 420 dicere
815 389 911 420 nollet
935 396 965 420 et
989 401 1078 420 suam
1103 391 1302 432 iniquitatem
1323 391 1425 422 modis
1444 393 1593 423 omnibus
1612 392 1737 422 caelare

89 446 264 478 conaretur,
294 440 338 471 ait
366 440 406 471 ad
431 452 501 471 eum
530 442 641 471 beatus
666 441 746 471 Leo:
778 442 822 471 ‘Si
855 452 941 481 ergo,
973 447 1005 471 ut
1029 443 1155 474 asseris.
1187 444 1392 483 symoniacus
1424 455 1485 474 non
1516 455 1559 482 es,
1590 449 1621 475 et
1650 444 1674 473 si
1707 445 1737 474 in

89 493 242 535 Spiritum
268 498 415 522 sanctum
440 503 501 522 non
528 493 681 533 peccasti,
713 492 764 522 dic
791 492 897 529 modo,
922 493 946 522 si
972 498 1079 533 potes:
1109 492 1243 524 “Gloria
1269 494 1354 525 Patri
1387 502 1417 526 et
1442 495 1522 526 Filio
1547 501 1577 526 et
1601 495 1737 536 Spiritui

89 543 244 576 sanct0“'.
301 543 449 584 Cumque
480 542 530 573 ille
559 543 711 574 dixisset:
750 543 873 574 ‘Gloria
899 544 984 574 Patri
1014 549 1044 574 et
1076 544 1177 583 Filio',
1209 547 1357 586 quamvis
1391 546 1523 577 multum
1557 554 1736 584 conaretur,

87 596 171 628 nullo
197 595 291 626 modo
316 598 356 626 ‘et
381 595 515 636 Spiritui
540 597 660 625 sancto’
683 595 791 625 dicere
816 594 975 626 valcbat1.
1022 597 1128 637 Atque
1153 596 1184 625 id
1210 597 1314 637 ipsum
1341 599 1450 639 sepius
1474 604 1632 639 repetens,
1663 609 1735 628 cum

87 653 196 690 aperto
221 658 274 678 ore
291 647 446 688 Spiritum
471 652 617 677 sanctum
644 645 825 676 nullatcnus
849 647 1013 678 nominare
1039 648 1202 688 potuisset,
1232 649 1380 679 omnibus
1403 650 1455 690 qui
1480 649 1614 679 aderant
1637 651 1736 679 mani-

87 700 201 731 festum
225 698 377 740 apparuit
406 698 437 728 iu
463 698 619 738 Spiritum
645 703 790 728 sanctum
816 708 886 727 eum
914 697 1098 740 deliquisse,
1129 701 1219 730 cuius
1243 711 1359 730 nomen
1384 700 1490 731 dicere
1522 712 1583 731 non
1608 700 1738 731 valeret.

89 751 208 783 Omnes
232 751 332 791 igitur
353 750 385 780 in
410 760 579 780 commune
604 749 676 779 Deo
700 749 820 790 gratias
844 750 995 790 agebant,
1027 751 1080 791 qui
1111 757 1174 781 tam
1205 763 1323 782 novum
1355 753 1481 792 signum
1513 752 1663 793 tamqueb
1693 753 1737 782 in-

87 803 229 834 auditum
255 800 445 832 miraculum
478 801 524 832 eis
548 800 717 832 ostendere
741 800 892 841 dignatus
916 802 1029 832 fuerat.
1076 803 1179 833 Huius
1210 803 1317 845 itaque
1351 804 1462 835 iuditio
1495 803 1638 834 nonnulli
1670 815 1737 844 per-

88 854 197 893 territi,
221 854 282 895 ipsi
300 864 357 894 per
381 864 414 884 se
437 852 477 883 ad
503 852 695 894 pontyficem
720 852 895 883 veniebant
918 864 1017 894 seque
1040 854 1127 894 ipsos
1151 861 1351 895 accusantes,
1376 866 1449 885 suas
1470 856 1683 886 conscientias
1708 856 1736 886 ei

86 905 281 937 revelabant.
337 905 429 935 Tunc
460 915 587 946 quoque
620 904 844 935 Cluniacensis
878 904 980 935 abbas
993 911 1014 944 ²,
1049 904 1131 936 bone
1162 907 1230 947 spei
1260 906 1457 946 adolescens,
1491 917 1562 936 cum
1593 918 1611 936 a
1643 906 1736 938 beato

86 957 192 989 Leone
222 958 486 998 interrogaretur,
522 957 548 986 si
579 955 618 986 de
652 955 706 986 illa
737 967 793 986 sua
829 957 907 987 tanti
945 956 1072 998 cenobii
1107 956 1270 997 prelatura
1314 958 1488 1000 aliquando
1526 959 1735 989 ambitionem

87 1009 261 1048 habuisset,
291 1014 325 1040 ut
349 1009 492 1040 veritatis
523 1007 702 1048 discipulus
733 1007 765 1038 id
796 1007 881 1049 quod
911 1013 979 1039 erat
1008 1008 1175 1049 respondit
1199 1009 1346 1040 dicens³:
1377 1009 1573 1040 ‘Secundum
1608 1020 1736 1040 carnem

86 1061 214 1104 quidem
232 1060 339 1101 habui,
363 1061 538 1091 secundum
557 1060 706 1101 spiritum
730 1070 792 1090 non
811 1059 926 1090 habui'.
971 1060 1063 1098 Quae
1079 1061 1248 1101 responsio
1272 1066 1336 1091 tam
1361 1066 1452 1102 grata
1476 1067 1604 1102 tamque
1629 1060 1736 1091 lauda-

86 1113 158 1145 bilis
180 1112 330 1144 omnibus
353 1112 422 1152 fuit,
454 1117 489 1143 ut
518 1112 625 1143 statim
657 1123 712 1152 pre
742 1111 841 1142 nimio
869 1111 989 1152 gaudio
1020 1112 1051 1141 in
1085 1112 1181 1143 corde
1212 1113 1354 1143 omnium
1381 1113 1584 1144 scriberetur.
1630 1112 1736 1154 Seque

86 1165 225 1196 vicissim
255 1164 332 1207 quid
363 1163 565 1205 responderit
594 1161 847 1203 interrogabant,
876 1168 910 1193 ut
933 1162 1046 1193 eadem
1077 1163 1148 1205 ipsa
1171 1164 1271 1195 verba
1301 1170 1408 1195 tenere
1433 1163 1618 1196 valuissent.
1665 1164 1736 1205 lpse

85 1222 192 1248 autem
222 1227 308 1247 nunc
340 1226 441 1247 senex
471 1222 502 1246 et
531 1215 644 1256 plenus
673 1214 820 1245 dierum⁴
857 1216 982 1246 cunctis
1014 1214 1209 1246 venerabilis
1238 1217 1426 1258 cunctisque
1460 1215 1608 1246 amabilis
1651 1216 1736 1246 idem

85 1268 189 1310 ipsum
221 1268 451 1299 monasterium
482 1266 667 1298 venerabile
703 1267 941 1308 sapientissime
975 1267 1058 1308 regit
1091 1266 1206 1306 adhuc,
1241 1269 1290 1298 vir
1324 1279 1380 1310 per
1414 1269 1521 1299 onmia
1556 1267 1737 1306 laudabilis,

86 1319 223 1351 difficilis
246 1319 496 1361 comparationis
520 1324 551 1349 et
574 1319 746 1360 singularis
770 1318 944 1359 religionis.

188 1381 218 1412 4.
264 1379 360 1412 Aliud
393 1391 521 1422 quoque
551 1380 740 1411 miraculum
776 1380 816 1410 de
845 1379 957 1410 eodem
991 1380 1151 1422 pontyfiee
1184 1380 1312 1412 beatum
1346 1381 1540 1421 Gregorium
1576 1379 1735 1411 dicentem

85 1432 202 1470 audivi,
227 1432 314 1474 quod
339 1443 398 1473 ego
423 1431 552 1474 quidem
577 1431 758 1463 nullatenus
780 1430 1029 1472 pretereundum
1054 1438 1142 1473 puto.
1196 1432 1374 1471 Habuerat,
1398 1433 1510 1474 inquit,
1537 1433 1646 1463 bea-tus
1671 1431 1735 1462 Leo

86 1485 274 1525 magistrum
291 1483 453 1525 quendam
464 1489 486 1523 ⁵,
511 1485 614 1514 virum
631 1484 809 1525 sapientem
833 1488 864 1513 et
881 1484 961 1514 bene
977 1483 1175 1524 religiosum,
1200 1485 1253 1526 qui
1272 1495 1370 1514 unum
1388 1483 1545 1524 scyphum
1570 1482 1712 1524 ligneum
1725 1488 1735 1504 ⁶

85 1536 112 1567 ei
136 1535 309 1575 mandavit,
333 1541 504 1578 postquam
522 1535 685 1566 Romanae
708 1534 864 1566 aeclesiae
882 1535 1103 1575 pontificatum
1128 1536 1281 1576 suscepit.
1328 1535 1423 1566 Hunc
1446 1541 1553 1566 autem
1578 1534 1733 1576 scyphum

85 1587 230 1629 pontifex
252 1586 447 1630 venerabilis
471 1586 659 1618 mirabiliter
682 1597 792 1617 carum
817 1585 958 1617 habebat
988 1593 1019 1618 et
1042 1598 1099 1629 pro
1124 1587 1210 1618 beati
1235 1587 1375 1628 Remigii
1400 1587 1615 1626 veneratione,
1647 1586 1736 1616 cuius

85 1638 136 1670 ille
159 1638 301 1680 scyphus
324 1638 423 1670 fuisse
445 1638 625 1679 dicebatur,
654 1639 805 1670 libentius
827 1638 859 1668 in
884 1637 937 1668 illo
961 1649 1057 1680 quam
1083 1639 1115 1669 in
1138 1639 1224 1669 vasis
1248 1640 1354 1670 aureis
1385 1644 1416 1669 et
1439 1639 1600 1679 argenteis
1625 1637 1735 1668 bibere

85 1690 217 1722 solebat.
262 1691 395 1722 Factum
421 1696 468 1722 est
490 1697 609 1729 autem,
634 1696 668 1721 ut
691 1691 819 1721 incaute
836 1690 970 1731 positus,
995 1691 1026 1720 in
1051 1697 1167 1722 terram
1193 1690 1310 1722 cadens
1334 1691 1366 1721 in
1390 1690 1470 1721 duas
1488 1697 1594 1731 partes
1611 1688 1735 1720 divide-

85 1747 180 1774 retur.
225 1742 306 1774 Cum
331 1748 436 1773 autem
462 1742 637 1773 secundum
656 1741 924 1773 consuetudinem
941 1741 1056 1773 beatus
1072 1743 1219 1784 pontifex
1237 1743 1347 1773 vinum
1372 1743 1433 1773 sibi
1450 1741 1557 1772 afferri
1581 1741 1737 1775 iussisset,

85 1793 190 1825 stabat
213 1794 367 1836 pincerna
395 1794 474 1825 facie
498 1794 656 1832 turbatus⁷
686 1793 812 1836 sibique
836 1794 985 1825 conscius
1017 1794 1056 1825 de
1080 1794 1233 1836 dampno,
1263 1794 1349 1835 quod
1373 1793 1433 1825 sibi
1458 1793 1628 1824 acciderat.
1674 1791 1734 1822 Cui

85 1845 246 1887 pontifex:
277 1845 373 1885 ‘Quid
397 1845 529 1877 habes'?
552 1847 667 1888 inquit.
724 1847 767 1877 At
788 1845 856 1877 ille:
889 1846 985 1885 ‘Quia
1009 1846 1151 1888 scyphus
1174 1847 1295 1876 fractus
1319 1845 1383 1876 esf.
1439 1845 1598 1885 Dixitque
1622 1844 1734 1875 beatus

85 1896 166 1928 Leo:
204 1897 298 1929 ‘Vere
327 1897 481 1929 fractus’?
534 1898 575 1928 Et
603 1899 770 1939 pincerna:
810 1898 966 1937 ‘Fractus,
996 1898 1038 1928 mi
1063 1897 1210 1929 domine'.
1264 1897 1325 1927 Cui
1356 1897 1439 1938 ipse:
1475 1895 1591 1935 '‘Affer',
1620 1896 1734 1937 inquit,

85 1947 181 1980 ‘illum
206 1948 247 1980 ad
271 1949 339 1981 me'.
385 1950 449 1988 Qui
473 1960 545 1980 cum
569 1948 740 1988 attulisset,
771 1949 914 1990 suscepit
937 1960 1007 1980 eum
1033 1950 1179 1991 pontifex
1211 1950 1242 1979 in
1274 1959 1388 1978 manus
1412 1958 1495 1985 suas,
1525 1953 1555 1978 et
1578 1953 1732 1988 coaptans

86 2000 257 2041 particulas
280 2001 320 2032 ad
337 2011 380 2039 se,
405 2001 583 2031 secundum
600 2001 854 2039 convenientias,
879 2001 996 2042 quibus
1014 2002 1102 2042 prius
1126 2001 1166 2031 ad
1188 2001 1322 2031 invicem
1348 1999 1408 2030 sibi
1427 2000 1536 2030 herere
1554 1998 1733 2038 videbatur,

85 2051 185 2083 tenuit
206 2062 279 2083 eum
307 2051 472 2094 paulisper
502 2053 533 2083 in
557 2052 715 2091 manibus,
746 2053 862 2084 deinde
885 2064 962 2084 vero
985 2064 1098 2084 sanum
1131 2058 1161 2083 et
1188 2053 1347 2093 integrum
1372 2050 1512 2081 reddidit
1535 2050 1679 2080 ministro
1703 2056 1734 2080 et

85 2103 145 2134 ait:
169 2103 270 2134 ‘Vade
285 2108 317 2134 et
333 2105 450 2135 misce‘.
497 2104 582 2135 Huic
599 2110 705 2135 autem
724 2104 878 2136 miraculo
901 2105 1015 2136 beatus
1033 2104 1209 2145 Gregorius
1233 2102 1375 2134 interfuit
1401 2102 1557 2143 nobisque
1579 2102 1731 2132 narravit.

86 2153 146 2185 Cui
174 2154 255 2186 alius
283 2155 413 2197 quidam
445 2167 509 2186 non
538 2161 646 2187 tantae
676 2157 875 2187 auctoritatis
907 2157 976 2186 vir⁷
1013 2167 1046 2186 se
1075 2154 1303 2186 nichilominus
1334 2154 1515 2184 interfuisse
1548 2158 1579 2183 ct
1609 2152 1731 2183 vidisse

86 2210 195 2247 postea
218 2206 314 2237 michi
338 2207 430 2238 dixit.

194 2307 222 2337 a)
242 2315 316 2332 acus.
339 2309 362 2332 1.
438 2307 468 2339 b)
489 2311 625 2340 tamquam
649 2308 671 2332 l.

191 2396 218 2429 1)
242 2396 350 2422 Eadem
373 2397 479 2422 Bonizo
502 2397 519 2424 l.
544 2396 590 2429 VI,
620 2397 723 2422 Libelli
744 2397 768 2429 I,
789 2406 820 2431 p.
840 2395 909 2424 592.
935 2396 968 2422 de
997 2395 1207 2429 archiepiscopo
1230 2395 1418 2421 Hebroniensi
1447 2398 1469 2420 et
1501 2395 1534 2420 (lc
1562 2394 1666 2427 synodo
1697 2393 1731 2419 ab

85 2445 279 2473 Hildebrando
301 2448 331 2474 in
354 2448 454 2475 Gallia
478 2448 634 2480 celeb2·ulcz;
658 2447 695 2480 cf.
720 2456 791 2481 quae
813 2448 853 2474 ibi
877 2457 902 2473 η.
921 2448 948 2474 2.
973 2450 996 2472 et
1021 2447 1047 2474 3,
1073 2450 1209 2472 annotata
1232 2449 1304 2472 sunt.
1393 2446 1422 2479 ⁴2)
1448 2446 1540 2479 Huyo.
1601 2445 1630 2479 3)
1655 2445 1731 2470 Idem

85 2498 186 2524 dictum
209 2507 300 2525 omnes
322 2499 400 2526 Vitae
422 2500 500 2526 illius
521 2499 670 2532 scriptores
693 2499 827 2525 tradunt:
851 2499 962 2525 Gilonis
984 2498 1013 2525 V.
1031 2498 1061 2524 S.
1080 2498 1210 2532 Huqonis
1233 2499 1274 2525 ed.
1299 2497 1458 2523 L'Huillz'er
1476 2506 1507 2531 p.
1525 2497 1604 2530 583‚·
1632 2496 1730 2522 Hilde-

85 2549 154 2576 berti
175 2550 204 2577 V.
228 2560 252 2576 c·
269 2551 297 2583 2,
322 2551 398 2578 Bibl.
424 2551 503 2579 Clmz,
528 2551 579 2577 col.
597 2550 674 2582 418;
709 2550 849 2576 Rainaldi
871 2550 900 2576 V.
925 2559 948 2576 c.
966 2550 993 2581 4,
1022 2552 1036 2580 ξ
1058 2550 1107 2583 25,
1131 2550 1164 2576 A.
1183 2550 1238 2576 SS.
1262 2550 1328 2583 Apr.
1347 2549 1405 2582 III,
1426 2558 1457 2583 p.
1475 2549 1545 2574 652.
1596 2548 1631 2574 In
1655 2548 1731 2573 Actis

85 2601 195 2627 concilii
218 2602 359 2628 Remensis
381 2602 495 2634 (Mansi
518 2602 605 2638 XIX,
629 2602 680 2628 col.
700 2601 773 2633 738)
796 2601 902 2627 dixisse
924 2601 1042 2635 legitur:
1065 2600 1121 2627 Pro
1147 2600 1335 2634 adipiscendo
1361 2600 1497 2626 abbatiae
1520 2599 1642 2631 honore,
1666 2599 1728 2624 Doo

83 2654 167 2686 teste,
190 2652 262 2678 nihil
287 2653 354 2679 dedi
377 2653 423 2679 vel
445 2653 581 2688 promisi:
606 2653 683 2688 quod
701 2653 816 2688 quidem
835 2661 901 2678 caro
918 2652 1019 2685 voluit,
1045 2652 1096 2678 sed
1112 2661 1193 2678 mens
1211 2655 1239 2678 et
1254 2651 1328 2678 ratio
1345 2651 1528 2686 repugnavit.
1597 2649 1627 2685 4)
1653 2650 1729 2675 ,Πον-

82 2706 146 2731 tuua
168 2708 206 2730 est
229 2713 256 2732 a.
277 2705 366 2731 1109.
490 2705 520 2738 5)
542 2705 724 2731 Herimarztm
747 2705 853 2730 scilicet
877 2704 1002 2730 abbalem
1027 2703 1059 2731 S.
1077 2704 1201 2738 Remigii
1223 2704 1347 2730 coenobii
1370 2704 1530 2736 Renze11sis;
1564 2713 1589 2729 v.
1618 2702 1732 2727 lViberli

90 2754 120 2781 V.
143 2756 244 2782 Leonis
267 2756 308 2789 II,
332 2765 355 2782 c.
374 2757 400 2789 6,
424 2757 441 2782 l.
458 2757 476 2782 Ι.
498 2765 529 2790 p.
550 2757 618 2783 157.
728 2756 757 2789 6)
785 2755 907 2790 pretiosi
936 2754 1058 2781 mazeris
1088 2755 1117 2781 V.
1142 2756 1243 2781 Leonis
1270 2756 1289 2782 l.
1311 2755 1329 2781 l.
1439 2756 1466 2788 7)
1491 2755 1623 2781 Fortasse
1646 2754 1730 2787 Ilum»

84 2806 205 2841 archiep.
230 2807 523 2841 Gratianopolieamts,
547 2817 624 2843 quem
648 2808 728 2834 huius
752 2807 884 2834 miraculi
906 2810 997 2833 testem
1027 2807 1162 2833 Wibertus
1185 2808 1204 2834 l.
1221 2807 1239 2834 l.
1264 2810 1464 2833 commemorat.

1758 1226 1815 1246 Gen.
1825 1227 1860 1248 35,
1870 1228 1895 1246 *23

1759 1441 1821 1459 1050.
