2132 3067
38 715 64 735 10

38 971 64 992 1⁵

37 1230 63 1250 20

37 1487 63 1507 25

37 1746 64 1766 ³0

39 2007 66 2026 ³5

37 2293 66 2312 ⁴0

596 149 712 175 LIBER
734 149 785 175 DE
808 148 966 176 HONORE
988 147 1206 175 ECCLESIAE.
1663 140 1725 172 605

81 241 141 272 nisi
163 239 295 270 ambitio
312 237 491 280 spiritualis
514 238 643 269 honoris
659 242 792 280 propter
815 237 909 268 huius
933 236 1032 268 seculi
1057 236 1260 268 commodum
1283 236 1332 268 vel
1348 234 1505 277 gloriam‘.>
1540 233 1725 276 Spiritualis

81 297 187 324 autem
210 290 311 321 honor
333 301 396 321 non
420 295 542 322 tantum
574 290 606 320 in
630 300 743 320 manus
768 289 972 331 impositione
1000 288 1207 329 intellegitur,
1239 287 1295 319 sed
1325 289 1419 318 etiam
1450 287 1480 317 in
1511 285 1725 317 exterioribus

81 342 324 375 aecclesiasticis
347 341 454 380 rebus,
479 352 562 383 quae
585 352 627 372 ex
649 341 892 372 consecratione
916 341 1086 381 provenire
1111 340 1229 371 debere
1253 344 1382 370 sanctus
1407 337 1569 369 Paschalis
1592 337 1726 378 primus,

80 392 276 437 apostolicae
299 393 385 424 sedis
407 393 551 432 antistes,
575 393 665 423 testis
688 398 768 423 est1.
812 392 855 423 Et
877 396 972 422 recte.
1008 391 1088 422 Nam
1114 392 1198 422 sicut
1221 401 1339 432 corpus
1362 389 1544 420 vivificatur
1567 390 1673 420 anima
1696 394 1727 419 et

80 446 234 487 regitur2,
267 445 313 476 ita
346 444 439 475 donis
473 444 575 475 sancti
605 444 744 484 Spiritus
777 444 872 473 etiam
907 442 1085 484 corporalia
1118 443 1291 473 aecclesiae
1327 442 1576 479 sanctificantur,
1610 445 1641 471 et
1674 440 1726 470 cui

81 496 232 529 sanctitas
259 495 435 537 spiritualis
465 496 662 534 conceditur,
691 496 720 526 ei
750 500 837 526 recte
864 500 896 525 et
925 494 1103 535 corporalia
1133 494 1322 524 donantur-³.
1369 493 1412 524 Ut
1442 493 1526 523 enim
1557 492 1664 522 anima
1694 492 1726 522 in

80 549 139 580 hac
161 548 228 579 vita
249 548 318 578 sine
341 557 475 588 corpore
497 557 561 577 non
578 546 710 587 regitur,
732 546 777 577 ita
801 551 912 577 sancta
928 544 1082 576 aecclesia
1106 546 1174 576 sine
1191 545 1412 586 corporalibus
1429 544 1531 584 donis,
1555 542 1727 585 spirituali-

81 601 142 633 bus
169 600 202 630 in
225 599 388 641 praesenti
416 609 481 629 non
504 599 614 632 utitur,
672 597 763 628 Sicut
793 608 869 638 ergo
901 598 955 639 qui
980 597 1140 628 hominem
1165 602 1337 636 mercatur,
1369 597 1516 638 quamvis
1548 607 1665 637 corpus
1696 599 1728 625 et

80 663 144 684 non
166 651 308 682 animam
331 651 447 682 emisse
470 649 629 688 videatur,
659 654 768 680 tamen
791 650 887 680 etiam
911 650 1050 680 animam
1079 659 1238 680 mercasse
1261 659 1337 679 vere
1361 648 1569 685 convincitur,
1600 658 1657 688 pro
1690 657 1727 677 eo

80 703 209 744 scilicet,
239 703 316 744 quia
338 702 408 733 sine
430 701 537 732 anima
560 712 678 742 corpus
709 712 742 731 se
766 700 884 732 habere
913 712 975 732 non
999 700 1128 742 gaudet,
1157 700 1212 731 sed
1242 699 1377 742 sepelire
1408 699 1547 730 festinat.
1594 698 1642 728 Ita
1671 699 1726 739 qui

82 753 260 797 corporalia
281 753 458 785 aecclesiae
482 752 533 784 vel
557 753 588 783 vi
617 752 762 793 optinere
784 753 898 783 nititur
920 751 971 783 vel
999 753 1118 794 precio,
1143 752 1262 782 donum
1284 752 1345 782 Dei
1369 751 1515 792 pecunia,
1545 761 1612 789 seu,
1642 749 1727 791 quod

81 807 173 850 peius
189 810 247 845 est,
270 804 422 836 violentia
438 804 604 847 possidere
620 803 701 834 velle
717 804 926 835 convincitur.
965 803 1045 835 Cum
1063 804 1169 845 itaque
1188 804 1364 844 imperator
1379 802 1429 832 vel
1445 802 1560 843 aliquis
1578 801 1727 842 princeps

81 858 303 891 investituram
319 856 559 895 aecclesiarum,
583 866 646 897 quo
667 856 760 896 signo
777 857 938 897 possessio
955 860 987 886 et
1003 855 1178 886 dominatio
1196 855 1441 891 demonstratur,
1459 854 1605 895 optinere
1622 853 1727 882 nitens

82 922 140 954 pro
163 921 222 941 sua
251 914 284 940 et
311 920 376 940 non
403 918 462 950 pro
484 908 548 939 Dei
571 908 675 948 gloria
699 907 833 947 dederit,
865 908 961 938 etiam
991 907 1265 938 consecrationem
1295 917 1353 947 pro
1385 916 1442 936 sua
1473 904 1575 945 gloria
1606 903 1728 934 tribuit.

81 963 113 994 Is
129 962 215 993 enim
231 965 375 992 sacratur
398 961 453 1002 qui
476 960 656 996 investitur,
680 964 712 990 et
734 958 806 990 ideo
827 963 982 999 sacratur,
1006 958 1082 1000 quia
1104 958 1276 988 investitus
1300 962 1357 988 est.
1403 957 1522 998 Aperte
1539 967 1615 996 ergo
1633 960 1729 995 patet,

83 1015 159 1057 quia
181 1019 214 1044 et
229 1012 366 1043 sacratio
388 1010 474 1042 illius
492 1022 551 1053 pro
567 1010 671 1052 gloria
687 1010 809 1051 mundi,
832 1010 863 1041 id
884 1016 932 1042 est
949 1009 1213 1051 concupiscentia
1229 1008 1393 1039 oculorum
1418 1014 1449 1038 et
1466 1007 1619 1049 superbia
1636 1007 1730 1044 vitae,

83 1076 164 1108 quae
186 1076 250 1096 non
273 1069 324 1095 est
342 1075 384 1095 ex
399 1063 506 1103 Patre,
530 1062 586 1094 sed
610 1074 650 1093 ex
666 1062 797 1101 mundo,
822 1062 984 1094 tribuitur.
1031 1062 1166 1093 Constat
1182 1072 1268 1100 vero,
1294 1060 1370 1102 quia
1393 1060 1420 1090 ei
1439 1060 1578 1101 Spiritus
1603 1063 1731 1089 sanctus

81 1128 145 1149 non
168 1117 263 1148 datur
286 1116 343 1158 qui
365 1115 553 1157 superbiam
576 1119 607 1145 et
628 1114 795 1145 avaritiam
821 1110 1028 1154 mundanam,
1057 1124 1139 1155 quae
1162 1123 1226 1143 non
1250 1123 1319 1143 esse
1344 1123 1383 1142 ex
1409 1111 1502 1141 Patre
1526 1109 1728 1140 manifestum

82 1174 139 1210 est,
161 1168 342 1206 investitus,
365 1167 577 1198 sacrationem
595 1166 735 1208 Spiritus
759 1167 862 1197 sancti
885 1177 983 1197 ausus
1007 1166 1103 1196 fuerit
1122 1170 1286 1206 expetere.
1319 1163 1467 1204 Spiritus
1490 1163 1575 1193 enim
1598 1166 1731 1191 sanctus

83 1220 282 1262 disciplinae
304 1218 434 1261 effugiet
449 1218 575 1258 fictum.
614 1218 697 1248 Vere
721 1218 806 1248 enim
830 1217 909 1249 haec
933 1218 1020 1248 fictio
1044 1216 1235 1258 disciplinae
1259 1220 1317 1255 est,
1345 1226 1417 1246 cum
1444 1215 1579 1256 quisque
1603 1224 1636 1243 se
1660 1211 1732 1243 ideo

83 1277 176 1315 putat
191 1271 394 1310 sacrandum,
418 1271 494 1312 quia
516 1281 535 1300 a
558 1269 679 1312 populo
704 1268 824 1300 electus
847 1274 877 1300 et
899 1281 919 1300 a
940 1280 1015 1310 rege
1037 1269 1208 1299 investitus
1232 1272 1289 1308 est,
1313 1278 1383 1298 cum
1406 1265 1574 1307 disciplina
1592 1264 1732 1306 Spiritus

82 1324 184 1355 sancti
207 1323 249 1354 sit
271 1333 371 1353 unum
394 1333 555 1364 quemque
577 1326 739 1363 pastorem
765 1320 967 1352 solummodo
990 1331 1050 1362 pro
1068 1319 1170 1351 salute
1186 1321 1366 1350 animarum
1391 1329 1471 1359 pure
1495 1322 1526 1348 et
1542 1315 1734 1357 simpliciter

81 1375 122 1408 ab
146 1373 298 1406 omnibus
321 1373 445 1405 clericis
467 1374 721 1415 uniuscuiusque
744 1372 917 1404 aecclesiae
941 1371 1026 1413 eligi.
1073 1372 1200 1411 Quibus
1222 1371 1403 1402 consentire
1434 1380 1544 1400 omncs
1568 1367 1624 1398 filii
1648 1367 1732 1398 illius

81 1426 268 1466 aecclesiae,
298 1437 381 1468 quae
410 1424 590 1456 ordinanda
619 1430 677 1466 est,
709 1429 741 1456 et
771 1424 903 1456 obedire
934 1435 993 1465 pro
1025 1423 1127 1454 salute
1157 1424 1336 1454 animarum
1367 1421 1574 1452 devotissime
1605 1419 1732 1450 debent.

82 1479 182 1512 Cuius
205 1477 371 1509 electionis
394 1477 545 1508 discretio
575 1487 639 1508 non
670 1475 765 1507 alicui
789 1475 947 1507 humanae
978 1475 1141 1516 potestati,
1171 1474 1227 1505 sed
1259 1472 1506 1514 metropolitano
1537 1471 1691 1513 episcopo
1715 1482 1733 1501 a

81 1530 152 1562 Deo
175 1529 292 1561 collata
314 1535 371 1561 est.
405 1530 497 1569 Quae
520 1528 597 1560 dum
614 1529 771 1559 canonica
786 1527 922 1569 probata
945 1527 1051 1567 fuerit,
1075 1538 1139 1557 non
1162 1525 1202 1556 ab
1227 1526 1421 1567 imperatore
1437 1523 1555 1555 electus
1580 1522 1733 1560 investiri,

83 1581 139 1614 sed
170 1581 211 1613 ab
241 1580 499 1623 archiepiscopo,
529 1580 584 1622 qui
613 1581 683 1611 vice
715 1579 834 1611 Christi
866 1590 938 1610 eum
970 1577 1143 1616 benedicit,
1178 1577 1324 1608 investiri
1356 1582 1387 1608 et
1417 1575 1599 1606 consecrari
1630 1573 1733 1605 debet.

82 1633 260 1666 ordinatus
282 1639 389 1664 autem
421 1639 452 1664 et
475 1637 632 1671 sacratus,
663 1633 689 1662 si
714 1632 790 1674 quid
814 1630 978 1668 aecclesia,
1012 1641 1107 1672 quain
1132 1630 1275 1671 suscepit
1298 1629 1475 1670 antiquitus
1500 1627 1652 1658 canonice
1678 1626 1733 1655 im-

82 1685 247 1728 paratoria
270 1684 376 1723 debet,
407 1684 470 1715 nisi
491 1684 574 1715 forte
604 1685 780 1726 imperator
809 1694 868 1725 pro
899 1681 1042 1713 remedio
1071 1682 1198 1712 animae
1222 1692 1297 1712 suae
1322 1680 1489 1717 remiserit,
1521 1678 1645 1709 solvere
1675 1688 1734 1718 per

83 1737 190 1769 omnia
213 1740 311 1767 curet.
345 1736 516 1767 Piissimus
539 1741 646 1767 autern
670 1736 847 1777 imperator
869 1746 933 1765 non
957 1744 1093 1774 gravare
1117 1733 1319 1771 aecclesiam,
1345 1732 1399 1763 sed
1425 1731 1527 1771 magis
1550 1731 1579 1761 ei
1603 1730 1732 1768 serviro,

83 1794 195 1832 utpote
218 1798 296 1819 suae
327 1787 486 1829 spirituali
509 1787 613 1827 matri,
638 1787 844 1818 devotissime
868 1787 1005 1817 studeat.
1050 1785 1121 1816 Non
1147 1785 1232 1816 enim
1256 1784 1329 1815 ideo
1363 1793 1453 1813 sacro
1478 1781 1547 1813 oleo
1571 1782 1733 1821 ungitur⁴,

83 1847 117 1873 ut
139 1839 316 1872 aecclesiae
344 1839 535 1879 dominetur,
566 1838 622 1870 sed
652 1844 687 1869 ut
710 1838 840 1870 Christo
863 1848 940 1868 vero
970 1838 1038 1878 regi
1070 1837 1213 1868 serviens
1244 1836 1311 1867 eius
1343 1845 1493 1876 sponsam
1526 1845 1545 1864 a
1575 1832 1731 1862 malorum

82 1892 210 1924 insidiis
232 1891 373 1922 humana
394 1891 539 1932 potentia
561 1894 698 1921 tueatur.
746 1889 870 1921 Electio
894 1899 969 1920 vero
993 1888 1158 1928 abbatum,
1190 1888 1265 1930 quia
1294 1886 1333 1918 ad
1358 1885 1441 1916 solos
1465 1884 1639 1915 monachos
1666 1893 1734 1924 per-

83 1944 191 1983 tineat,
214 1943 308 1974 testis
331 1948 379 1973 est
401 1942 513 1983 regula
536 1941 731 1972 sanctissimi
754 1942 854 1983 patris
878 1939 1077 1972 Benedictis.
1122 1940 1208 1970 Ecce
1233 1939 1310 1969 haec
1335 1943 1384 1968 est
1407 1935 1577 1978 disciplina
1595 1935 1734 1976 Spiritus

84 1996 197 2036 sancti,
221 2005 285 2037 qua
306 1999 416 2036 pastor
438 1993 614 2025 aecclesiae
638 1992 712 2034 eligi
730 1993 835 2024 debet.
881 1992 945 2031 Qui
969 1998 1076 2023 autem
1102 1995 1213 2022 contra
1236 1991 1327 2022 istam
1345 1989 1568 2020 auctoritatem
1587 1997 1734 2028 pugnans

85 2058 142 2080 sua
163 2057 247 2079 nova
269 2047 461 2077 auctoritate
486 2046 517 2076 in
535 2043 721 2076 aecclesiam
739 2049 899 2085 pastorem
923 2043 1107 2082 introducit,
1131 2048 1162 2074 et
1185 2043 1240 2084 qui
1264 2040 1488 2078 introducitur,
1512 2045 1544 2071 et
1561 2039 1613 2080 qui
1639 2039 1734 2069 intro-

86 2098 185 2139 ducit,
209 2102 240 2130 et
262 2098 318 2140 qui
340 2096 460 2129 talibus
484 2097 687 2128 consentiens
711 2096 927 2127 introductum
953 2106 1079 2126 sacrare
1103 2094 1292 2136 praesumit,
1320 2092 1487 2123 manifeste
1512 2096 1621 2122 contra
1645 2090 1736 2121 (lisci-

84 2150 204 2193 plinam
229 2149 371 2191 Spiritus
395 2150 497 2180 sancti
519 2154 629 2190 agunt.

84 2228 294 2260 LXXXIII.b
327 2227 435 2259 Vera
464 2232 495 2259 et
518 2232 633 2258 certa
661 2226 969 2268 comprobatio,
1001 2226 1095 2266 quia
1118 2225 1226 2255 sicut
1250 2223 1531 2264 symoniacusc
1560 2227 1623 2251 cst
1647 2220 1732 2261 ille,

85 2281 152 2324 qui
175 2291 244 2323 per
266 2280 484 2311 avaritiam
513 2279 780 2321 pecuniarum
811 2277 1039 2317 ordinatur,
1070 2277 1126 2308 ita
1150 2280 1187 2307 et
1209 2274 1296 2313 ille,
1326 2275 1396 2316 qui
1420 2284 1493 2316 per
1515 2273 1732 2303 avaritiam

310 2331 597 2372 sublimitatis,
629 2330 912 2372 symoniacusc
943 2329 1180 2359 certissime
1210 2325 1508 2367 comprobatur.

192 2393 330 2424 Sanctos
358 2392 509 2434 antiquos
537 2390 715 2423 aecclesiae
739 2390 888 2421 doctores
911 2389 1119 2420 manifestum
1143 2392 1191 2419 est
1221 2386 1296 2418 inde
1325 2397 1415 2417 suam
1439 2385 1618 2417 doctrinam
1643 2384 1735 2415 nobis

196 2480 224 2511 a)
245 2480 305 2505 deb.
325 2480 390 2512 imp.
411 2476 492 2503 1321).
568 2478 597 2510 b)
618 2479 747 2503 LXXXII
767 2477 818 2501 Ba
840 2481 862 2502 et
882 2476 918 2501 sic
938 2476 1069 2508 deinceps.
1146 2475 1170 2506 c)
1192 2476 1250 2499 sim.
1271 2474 1296 2498 B
1310 2471 1351 2498 2¹³.

195 2562 222 2594 1)
247 2560 291 2593 Cf.
312 2559 438 2586 Widonis
461 2559 578 2593 epistola
602 2559 641 2585 ad
663 2558 852 2589 Heribertum,
876 2557 980 2582 Libelli
995 2557 1020 2589 l,
1039 2565 1070 2589 p.
1089 2556 1123 2581 6:
1162 2554 1191 2581 Si
1216 2553 1278 2589 quis
1304 2557 1398 2580 autem
1423 2552 1565 2580 obiecerit
1586 2561 1644 2578 non
1669 2560 1734 2577 con-

87 2611 276 2645 secrationes,
306 2611 358 2638 sed
380 2619 427 2637 res
450 2611 539 2645 ipsas,
570 2618 644 2645 quae
669 2618 702 2636 ex
727 2608 947 2636 consecratione
971 2607 1155 2641 proveniunt,
1184 2605 1271 2632 vendi
1295 2609 1362 2640 etc.;
1396 2606 1433 2638 cf.
1461 2605 1570 2631 Urbani
1591 2604 1632 2631 II.
1657 2604 1735 2637 episc.

86 2664 125 2691 ad
146 2664 274 2696 Lucium,
303 2663 403 2690 Manu·
425 2663 494 2695 XX,
524 2662 575 2689 col.
594 2662 663 2687 661.
699 2662 730 2688 S.
854 2660 884 2694 2)
914 2659 1024 2685 Similis
1051 2659 1225 2693 comparatio
1252 2658 1329 2692 apud
1352 2657 1535 2684 Humbertum
1559 2656 1618 2689 III,
1647 2665 1669 2682 c.
1688 2655 1736 2686 21,

87 2714 105 2741 l.
121 2715 140 2741 l.
161 2723 191 2750 p.
209 2714 287 2747 225;
311 2714 349 2748 cf.
372 2714 496 2740 Abbouis
517 2713 723 2748 Apologeticus,
748 2712 847 2746 Miqrze
872 2711 978 2737 patrol.
1003 2714 1022 2739 t.
1042 2709 1213 2742 CXXXIX,
1239 2710 1290 2736 col.
1308 2709 1378 2736 466.
1415 2709 1446 2735 S.
1540 2708 1569 2741 3)
1595 2707 1638 2739 Cf.
1662 2706 1737 2732 Abho

86 2766 212 2793 Florian.
236 2766 255 2793 l.
272 2766 292 2793 l.
308 2766 360 2793 col.
378 2766 448 2793 466.
549 2765 580 2800 4)
604 2764 649 2798 Cf.
674 2773 762 2798 supra
785 2773 808 2790 c.
828 2763 884 2796 73;
906 2763 986 2796 infra
1010 2771 1032 2788 c.
1053 2762 1122 2787 118.
1145 2761 1212 2788 154.
1317 2761 1347 2795 5)
1372 2760 1402 2787 C.
1421 2760 1479 2793 64,·
1508 2760 1607 2793 Miyne
1630 2758 1737 2784 Patrol.

86 2817 151 2846 Lat.
175 2817 282 2850 LXVI,
307 2817 357 2844 col.
376 2816 446 2843 879.
463 2817 533 2843 880.

1752 1171 1805 1195 Sap.
1815 1172 1833 1195 1,
1843 1171 1863 1191 5.

1755 2231 1801 2255 (⁸2)
