<?xml version="1.0" encoding="UTF-8"?>
<!DOCTYPE html PUBLIC "-//W3C//DTD XHTML 1.0 Transitional//EN"
    "http://www.w3.org/TR/xhtml1/DTD/xhtml1-transitional.dtd">
<html xmlns="http://www.w3.org/1999/xhtml" xml:lang="en" lang="en">
 <head>
  <title>
</title>
<meta http-equiv="Content-Type" content="text/html;charset=utf-8" />
  <meta name='ocr-system' content='tesseract 3.04.00' />
  <meta name='ocr-capabilities' content='ocr_page ocr_carea ocr_par ocr_line ocrx_word'/>
</head>
<body>
  <div class='ocr_page' id='page_1' title='image "./monumenta02geseuoft_0673.png"; bbox 0 0 2132 3067; ppageno 0'>
   <div class='ocr_carea' id='block_1_1' title="bbox 450 176 1733 214">
    <p class='ocr_par' dir='ltr' id='par_1_1' title="bbox 450 176 1733 214">
     <span class='ocr_line' id='line_1_1' title="bbox 450 176 1733 214; baseline 0.007 -11"><span class='ocrx_word' id='word_1_1' title='bbox 450 176 682 205; x_wconf 85' lang='lat' dir='ltr'><strong>DISPUTATIO</strong></span> <span class='ocrx_word' id='word_1_2' title='bbox 706 179 780 206; x_wconf 88' lang='lat' dir='ltr'><strong><em>VEL</em></strong></span> <span class='ocrx_word' id='word_1_3' title='bbox 804 180 991 208; x_wconf 87' lang='lat' dir='ltr'><strong><em>DEFENSIO</em></strong></span> <span class='ocrx_word' id='word_1_4' title='bbox 1015 181 1225 209; x_wconf 75' lang='lat' dir='ltr'><strong>PASCHALIS</strong></span> <span class='ocrx_word' id='word_1_5' title='bbox 1249 183 1380 210; x_wconf 81' lang='lat' dir='ltr'><strong>PAPAE.</strong></span> <span class='ocrx_word' id='word_1_6' title='bbox 1671 184 1733 214; x_wconf 31' lang='lat'><strong>655⁷·</strong></span> 
     </span>
    </p>
   </div>
   <div class='ocr_carea' id='block_1_2' title="bbox 61 265 1732 720">
    <p class='ocr_par' dir='ltr' id='par_1_2' title="bbox 61 265 1732 506">
     <span class='ocr_line' id='line_1_2' title="bbox 92 265 1732 315; baseline 0.008 -21"><span class='ocrx_word' id='word_1_7' title='bbox 92 265 231 295; x_wconf 84' lang='lat' dir='ltr'><strong><em>candum</em></strong></span> <span class='ocrx_word' id='word_1_8' title='bbox 255 276 329 304; x_wconf 89' lang='lat' dir='ltr'><strong><em>esse,</em></strong></span> <span class='ocrx_word' id='word_1_9' title='bbox 355 266 412 306; x_wconf 88' lang='lat' dir='ltr'><strong><em>qui</em></strong></span> <span class='ocrx_word' id='word_1_10' title='bbox 433 265 596 298; x_wconf 83' lang='lat' dir='ltr'><strong><em>ecclesiam</em></strong></span> <span class='ocrx_word' id='word_1_11' title='bbox 616 267 650 298; x_wconf 85' lang='lat' dir='ltr'><strong><em>S.</em></strong></span> <span class='ocrx_word' id='word_1_12' title='bbox 667 268 757 299; x_wconf 86' lang='lat' dir='ltr'><strong><em>Petri</em></strong></span> <span class='ocrx_word' id='word_1_13' title='bbox 779 269 1027 301; x_wconf 72' lang='lat' dir='ltr'><strong><em>dehonestasset.</em></strong></span> <span class='ocrx_word' id='word_1_14' title='bbox 1073 271 1215 312; x_wconf 79' lang='lat' dir='ltr'><strong><em>Saepius</em></strong></span> <span class='ocrx_word' id='word_1_15' title='bbox 1239 284 1327 313; x_wconf 70' lang='lat' dir='ltr'><strong><em>reqes</em></strong></span> <span class='ocrx_word' id='word_1_16' title='bbox 1350 273 1412 305; x_wconf 86' lang='lat' dir='ltr'><strong><em>tali</em></strong></span> <span class='ocrx_word' id='word_1_17' title='bbox 1430 286 1555 315; x_wconf 86' lang='lat' dir='ltr'><strong><em>poenae</em></strong></span> <span class='ocrx_word' id='word_1_18' title='bbox 1578 276 1732 307; x_wconf 79' lang='lat' dir='ltr'><strong><em>obnoaeios</em></strong></span> 
     </span>
     <span class='ocr_line' id='line_1_3' title="bbox 82 315 1732 368; baseline 0.008 -23"><span class='ocrx_word' id='word_1_19' title='bbox 82 315 201 356; x_wconf 81' lang='lat' dir='ltr'><strong><em>fuisse.</em></strong></span> <span class='ocrx_word' id='word_1_20' title='bbox 246 315 393 347; x_wconf 81' lang='lat' dir='ltr'><strong><em>Anulum</em></strong></span> <span class='ocrx_word' id='word_1_21' title='bbox 424 322 530 348; x_wconf 88' lang='lat' dir='ltr'><strong><em>autem</em></strong></span> <span class='ocrx_word' id='word_1_22' title='bbox 558 323 586 348; x_wconf 93' lang='lat' dir='ltr'><strong><em>et</em></strong></span> <span class='ocrx_word' id='word_1_23' title='bbox 616 320 742 360; x_wconf 74' lang='lat' dir='ltr'><strong><em>viryam</em></strong></span> <span class='ocrx_word' id='word_1_24' title='bbox 778 322 879 361; x_wconf 72' lang='lat' dir='ltr'><strong><em>siqna</em></strong></span> <span class='ocrx_word' id='word_1_25' title='bbox 909 332 975 351; x_wconf 87' lang='lat' dir='ltr'><strong><em>esse</em></strong></span> <span class='ocrx_word' id='word_1_26' title='bbox 1005 323 1211 363; x_wconf 73' lang='lat' dir='ltr'><strong><em>spiritualia,</em></strong></span> <span class='ocrx_word' id='word_1_27' title='bbox 1247 336 1330 365; x_wconf 87' lang='lat' dir='ltr'><strong><em>quae</em></strong></span> <span class='ocrx_word' id='word_1_28' title='bbox 1360 326 1549 367; x_wconf 80' lang='lat' dir='ltr'><strong><em>pastoribus</em></strong></span> <span class='ocrx_word' id='word_1_29' title='bbox 1583 327 1732 368; x_wconf 84' lang='lat' dir='ltr'><strong><em>conferre</em></strong></span> 
     </span>
     <span class='ocr_line' id='line_1_4' title="bbox 90 367 1730 418; baseline 0.007 -21"><span class='ocrx_word' id='word_1_30' title='bbox 90 367 184 398; x_wconf 87' lang='lat' dir='ltr'><strong><em>laicis</em></strong></span> <span class='ocrx_word' id='word_1_31' title='bbox 214 377 422 409; x_wconf 75' lang='lat' dir='ltr'><strong><em>nequaquam</em></strong></span> <span class='ocrx_word' id='word_1_32' title='bbox 450 369 578 408; x_wconf 86' lang='lat' dir='ltr'><strong><em>liceret;</em></strong></span> <span class='ocrx_word' id='word_1_33' title='bbox 613 371 708 401; x_wconf 87' lang='lat' dir='ltr'><strong><em>immo</em></strong></span> <span class='ocrx_word' id='word_1_34' title='bbox 740 371 901 412; x_wconf 77' lang='lat' dir='ltr'><strong><em>reqalium</em></strong></span> <span class='ocrx_word' id='word_1_35' title='bbox 932 372 1101 413; x_wconf 68' lang='lat' dir='ltr'><strong><em>donorum,</em></strong></span> <span class='ocrx_word' id='word_1_36' title='bbox 1135 376 1165 405; x_wconf 88' lang='lat' dir='ltr'><strong><em>si</em></strong></span> <span class='ocrx_word' id='word_1_37' title='bbox 1195 387 1256 417; x_wconf 90' lang='lat' dir='ltr'><strong><em>quo</em></strong></span> <span class='ocrx_word' id='word_1_38' title='bbox 1288 377 1382 418; x_wconf 73' lang='lat' dir='ltr'><strong><em>siqno</em></strong></span> <span class='ocrx_word' id='word_1_39' title='bbox 1415 379 1580 409; x_wconf 86' lang='lat' dir='ltr'><strong><em>tradenda</em></strong></span> <span class='ocrx_word' id='word_1_40' title='bbox 1617 384 1730 416; x_wconf 69' lang='lat' dir='ltr'><strong><em>essent.</em></strong></span> 
     </span>
     <span class='ocr_line' id='line_1_5' title="bbox 89 418 1729 470; baseline 0.007 -21"><span class='ocrx_word' id='word_1_41' title='bbox 89 418 241 450; x_wconf 86' lang='lat' dir='ltr'><strong><em>idoneum</em></strong></span> <span class='ocrx_word' id='word_1_42' title='bbox 268 423 295 449; x_wconf 88' lang='lat' dir='ltr'><strong><em>et</em></strong></span> <span class='ocrx_word' id='word_1_43' title='bbox 321 420 496 460; x_wconf 81' lang='lat' dir='ltr'><strong><em>proprium</em></strong></span> <span class='ocrx_word' id='word_1_44' title='bbox 526 421 656 462; x_wconf 76' lang='lat' dir='ltr'><strong><em>reyibus</em></strong></span> <span class='ocrx_word' id='word_1_45' title='bbox 684 423 814 463; x_wconf 65' lang='lat' dir='ltr'><strong><em>signum</em></strong></span> <span class='ocrx_word' id='word_1_46' title='bbox 845 434 911 454; x_wconf 83' lang='lat' dir='ltr'><strong><em>esse</em></strong></span> <span class='ocrx_word' id='word_1_47' title='bbox 941 429 1113 465; x_wconf 73' lang='lat' dir='ltr'><strong><em>sceptrum,</em></strong></span> <span class='ocrx_word' id='word_1_48' title='bbox 1144 437 1206 467; x_wconf 86' lang='lat' dir='ltr'><strong><em>quo</em></strong></span> <span class='ocrx_word' id='word_1_49' title='bbox 1227 428 1400 468; x_wconf 77' lang='lat' dir='ltr'><strong><em>principes</em></strong></span> <span class='ocrx_word' id='word_1_50' title='bbox 1429 429 1473 459; x_wconf 86' lang='lat' dir='ltr'><strong><em>ad</em></strong></span> <span class='ocrx_word' id='word_1_51' title='bbox 1504 430 1674 470; x_wconf 81' lang='lat' dir='ltr'><strong><em>episcopos</em></strong></span> <span class='ocrx_word' id='word_1_52' title='bbox 1702 436 1729 461; x_wconf 88' lang='lat' dir='ltr'><strong><em>et</em></strong></span> 
     </span>
     <span class='ocr_line' id='line_1_6' title="bbox 61 469 1048 506; baseline 0.006 -7"><span class='ocrx_word' id='word_1_53' title='bbox 61 483 74 503; x_wconf 78' lang='lat'><strong>5</strong></span> <span class='ocrx_word' id='word_1_54' title='bbox 90 469 218 500; x_wconf 75' lang='lat' dir='ltr'><strong><em>abbates</em></strong></span> <span class='ocrx_word' id='word_1_55' title='bbox 240 469 333 501; x_wconf 89' lang='lat' dir='ltr'><strong><em>bonis</em></strong></span> <span class='ocrx_word' id='word_1_56' title='bbox 357 471 583 502; x_wconf 87' lang='lat' dir='ltr'><strong><em>ecclesiasticis</em></strong></span> <span class='ocrx_word' id='word_1_57' title='bbox 606 474 827 504; x_wconf 82' lang='lat' dir='ltr'><strong><em>investiendos</em></strong></span> <span class='ocrx_word' id='word_1_58' title='bbox 850 479 1048 506; x_wconf 84' lang='lat' dir='ltr'><strong><em>uterentur1.</em></strong></span> 
     </span>
    </p>

    <p class='ocr_par' dir='ltr' id='par_1_3' title="bbox 86 520 1729 720">
     <span class='ocr_line' id='line_1_7' title="bbox 192 520 1728 573; baseline 0.008 -22"><span class='ocrx_word' id='word_1_59' title='bbox 192 520 315 552; x_wconf 84' lang='lat' dir='ltr'><strong><em>Auctor</em></strong></span> <span class='ocrx_word' id='word_1_60' title='bbox 351 521 451 554; x_wconf 77' lang='lat' dir='ltr'><strong><em>libelli</em></strong></span> <span class='ocrx_word' id='word_1_61' title='bbox 487 534 589 564; x_wconf 88' lang='lat' dir='ltr'><strong><em>neque</em></strong></span> <span class='ocrx_word' id='word_1_62' title='bbox 617 524 767 564; x_wconf 83' lang='lat' dir='ltr'><strong><em>fontium</em></strong></span> <span class='ocrx_word' id='word_1_63' title='bbox 804 526 890 556; x_wconf 82' lang='lat' dir='ltr'><strong><em>iuris</em></strong></span> <span class='ocrx_word' id='word_1_64' title='bbox 929 529 1082 558; x_wconf 82' lang='lat' dir='ltr'><strong><em>canonici</em></strong></span> <span class='ocrx_word' id='word_1_65' title='bbox 1120 540 1219 570; x_wconf 88' lang='lat' dir='ltr'><strong><em>neque</em></strong></span> <span class='ocrx_word' id='word_1_66' title='bbox 1256 530 1342 560; x_wconf 85' lang='lat' dir='ltr'><strong><em>iuris</em></strong></span> <span class='ocrx_word' id='word_1_67' title='bbox 1376 531 1520 562; x_wconf 79' lang='lat' dir='ltr'><strong><em>Romani</em></strong></span> <span class='ocrx_word' id='word_1_68' title='bbox 1556 533 1728 573; x_wconf 80' lang='lat' dir='ltr'><strong><em>imperitus</em></strong></span> 
     </span>
     <span class='ocr_line' id='line_1_8' title="bbox 89 571 1729 618; baseline 0.007 -15"><span class='ocrx_word' id='word_1_69' title='bbox 89 571 301 603; x_wconf 76' lang='lat' dir='ltr'><strong><em>collectionem</em></strong></span> <span class='ocrx_word' id='word_1_70' title='bbox 329 585 493 604; x_wconf 88' lang='lat' dir='ltr'><strong><em>canonum</em></strong></span> <span class='ocrx_word' id='word_1_71' title='bbox 518 574 707 605; x_wconf 77' lang='lat' dir='ltr'><strong><em>adhibuisse</em></strong></span> <span class='ocrx_word' id='word_1_72' title='bbox 730 576 869 615; x_wconf 83' lang='lat' dir='ltr'><strong><em>videtur,</em></strong></span> <span class='ocrx_word' id='word_1_73' title='bbox 900 589 982 618; x_wconf 87' lang='lat' dir='ltr'><strong><em>quae</em></strong></span> <span class='ocrx_word' id='word_1_74' title='bbox 1007 579 1050 609; x_wconf 89' lang='lat' dir='ltr'><strong><em>ad</em></strong></span> <span class='ocrx_word' id='word_1_75' title='bbox 1074 579 1271 611; x_wconf 74' lang='lat' dir='ltr'><strong><em>collectiones</em></strong></span> <span class='ocrx_word' id='word_1_76' title='bbox 1295 581 1476 612; x_wconf 85' lang='lat' dir='ltr'><strong><em>Deusdedit</em></strong></span> <span class='ocrx_word' id='word_1_77' title='bbox 1503 588 1559 613; x_wconf 89' lang='lat' dir='ltr'><strong><em>aut</em></strong></span> <span class='ocrx_word' id='word_1_78' title='bbox 1583 584 1729 615; x_wconf 86' lang='lat' dir='ltr'><strong><em>Anselmi</em></strong></span> 
     </span>
     <span class='ocr_line' id='line_1_9' title="bbox 87 623 1728 673; baseline 0.007 -19"><span class='ocrx_word' id='word_1_79' title='bbox 87 623 245 655; x_wconf 76' lang='lat' dir='ltr'><strong><em>Lucensis</em></strong></span> <span class='ocrx_word' id='word_1_80' title='bbox 271 627 415 666; x_wconf 83' lang='lat' dir='ltr'><strong><em>propius</em></strong></span> <span class='ocrx_word' id='word_1_81' title='bbox 454 626 632 656; x_wconf 79' lang='lat' dir='ltr'><strong><em>accedebat.</em></strong></span> <span class='ocrx_word' id='word_1_82' title='bbox 680 626 849 662; x_wconf 79' lang='lat' dir='ltr'><strong><em>Quaedam</em></strong></span> <span class='ocrx_word' id='word_1_83' title='bbox 883 629 1032 669; x_wconf 87' lang='lat' dir='ltr'><strong><em>capitula</em></strong></span> <span class='ocrx_word' id='word_1_84' title='bbox 1072 631 1116 661; x_wconf 86' lang='lat' dir='ltr'><strong><em>ad</em></strong></span> <span class='ocrx_word' id='word_1_85' title='bbox 1148 630 1308 662; x_wconf 84' lang='lat' dir='ltr'><strong><em>laicorum</em></strong></span> <span class='ocrx_word' id='word_1_86' title='bbox 1336 638 1522 673; x_wconf 84' lang='lat' dir='ltr'><strong><em>potestatem</em></strong></span> <span class='ocrx_word' id='word_1_87' title='bbox 1564 636 1600 665; x_wconf 79' lang='lat' dir='ltr'><strong><em>in</em></strong></span> <span class='ocrx_word' id='word_1_88' title='bbox 1635 635 1728 666; x_wconf 83' lang='lat' dir='ltr'><strong><em>rebus</em></strong></span> 
     </span>
     <span class='ocr_line' id='line_1_10' title="bbox 86 675 1728 720; baseline 0.007 -15"><span class='ocrx_word' id='word_1_89' title='bbox 86 675 310 706; x_wconf 79' lang='lat' dir='ltr'><strong><em>ecclesiasticis</em></strong></span> <span class='ocrx_word' id='word_1_90' title='bbox 331 677 542 708; x_wconf 72' lang='lat' dir='ltr'><strong><em>interdictam</em></strong></span> <span class='ocrx_word' id='word_1_91' title='bbox 564 679 747 718; x_wconf 79' lang='lat' dir='ltr'><strong><em>spectantia</em></strong></span> <span class='ocrx_word' id='word_1_92' title='bbox 770 679 880 710; x_wconf 88' lang='lat' dir='ltr'><strong><em>eadem</em></strong></span> <span class='ocrx_word' id='word_1_93' title='bbox 895 680 970 720; x_wconf 89' lang='lat' dir='ltr'><strong><em>fere</em></strong></span> <span class='ocrx_word' id='word_1_94' title='bbox 986 681 1100 720; x_wconf 88' lang='lat' dir='ltr'><strong><em>forma</em></strong></span> <span class='ocrx_word' id='word_1_95' title='bbox 1132 693 1170 712; x_wconf 86' lang='lat' dir='ltr'><strong><em>ac</em></strong></span> <span class='ocrx_word' id='word_1_96' title='bbox 1192 682 1315 714; x_wconf 86' lang='lat' dir='ltr'><strong><em>libellus</em></strong></span> <span class='ocrx_word' id='word_1_97' title='bbox 1338 684 1519 715; x_wconf 83' lang='lat' dir='ltr'><strong><em>Deusdedit</em></strong></span> <span class='ocrx_word' id='word_1_98' title='bbox 1542 687 1728 718; x_wconf 86' lang='lat' dir='ltr'><strong><em>cardinalis</em></strong></span> 
     </span>
    </p>
   </div>
   <div class='ocr_carea' id='block_1_3' title="bbox 41 728 1726 779">
    <p class='ocr_par' dir='ltr' id='par_1_4' title="bbox 41 728 1726 779">
     <span class='ocr_line' id='line_1_11' title="bbox 41 728 1726 779; baseline 0.005 -20"><span class='ocrx_word' id='word_1_99' title='bbox 41 739 67 759; x_wconf 84' lang='grc' dir='ltr'><strong><em>ιο</em></strong></span> <span class='ocrx_word' id='word_1_100' title='bbox 86 731 201 758; x_wconf 87' lang='lat' dir='ltr'><strong><em>contra</em></strong></span> <span class='ocrx_word' id='word_1_101' title='bbox 231 729 427 759; x_wconf 84' lang='lat' dir='ltr'><strong><em>simoniacos</em></strong></span> <span class='ocrx_word' id='word_1_102' title='bbox 453 729 560 759; x_wconf 84' lang='lat' dir='ltr'><strong><em>editus</em></strong></span> <span class='ocrx_word' id='word_1_103' title='bbox 583 728 686 770; x_wconf 84' lang='lat' dir='ltr'><strong><em>affert,</em></strong></span> <span class='ocrx_word' id='word_1_104' title='bbox 717 730 804 761; x_wconf 87' lang='lat' dir='ltr'><strong><em>unde</em></strong></span> <span class='ocrx_word' id='word_1_105' title='bbox 828 736 937 762; x_wconf 85' lang='lat' dir='ltr'><strong><em>utrum</em></strong></span> <span class='ocrx_word' id='word_1_106' title='bbox 967 732 1024 763; x_wconf 85' lang='lat' dir='ltr'><strong><em>hoc</em></strong></span> <span class='ocrx_word' id='word_1_107' title='bbox 1047 734 1155 774; x_wconf 86' lang='lat' dir='ltr'><strong><em>ipsum</em></strong></span> <span class='ocrx_word' id='word_1_108' title='bbox 1178 735 1367 775; x_wconf 84' lang='lat' dir='ltr'><strong><em>opusculum</em></strong></span> <span class='ocrx_word' id='word_1_109' title='bbox 1400 747 1442 766; x_wconf 88' lang='lat' dir='ltr'><strong><em>an</em></strong></span> <span class='ocrx_word' id='word_1_110' title='bbox 1475 736 1571 767; x_wconf 86' lang='lat' dir='ltr'><strong><em>aliud</em></strong></span> <span class='ocrx_word' id='word_1_111' title='bbox 1600 738 1629 768; x_wconf 86' lang='lat' dir='ltr'><strong><em>ei</em></strong></span> <span class='ocrx_word' id='word_1_112' title='bbox 1648 749 1726 779; x_wconf 91' lang='lat' dir='ltr'><strong><em>pro-</em></strong></span> 
     </span>
    </p>
   </div>
   <div class='ocr_carea' id='block_1_4' title="bbox 84 779 1727 984">
    <p class='ocr_par' dir='ltr' id='par_1_5' title="bbox 84 779 1727 984">
     <span class='ocr_line' id='line_1_12' title="bbox 85 779 1727 826; baseline 0.006 -17"><span class='ocrx_word' id='word_1_113' title='bbox 85 779 244 821; x_wconf 82' lang='lat' dir='ltr'><strong><em>pinquum</em></strong></span> <span class='ocrx_word' id='word_1_114' title='bbox 275 780 497 820; x_wconf 73' lang='lat' dir='ltr'><strong><em>exscripserit,</em></strong></span> <span class='ocrx_word' id='word_1_115' title='bbox 528 791 562 812; x_wconf 95' lang='lat' dir='ltr'><strong><em>eo</em></strong></span> <span class='ocrx_word' id='word_1_116' title='bbox 591 782 700 822; x_wconf 74' lang='lat' dir='ltr'><strong><em>maqis</em></strong></span> <span class='ocrx_word' id='word_1_117' title='bbox 730 782 851 818; x_wconf 79' lang='lat' dir='ltr'><strong><em>dubito,</em></strong></span> <span class='ocrx_word' id='word_1_118' title='bbox 884 784 962 824; x_wconf 88' lang='lat' dir='ltr'><strong><em>quia</em></strong></span> <span class='ocrx_word' id='word_1_119' title='bbox 995 784 1055 815; x_wconf 87' lang='lat' dir='ltr'><strong><em>alii</em></strong></span> <span class='ocrx_word' id='word_1_120' title='bbox 1083 795 1208 826; x_wconf 78' lang='lat' dir='ltr'><strong><em>quoque</em></strong></span> <span class='ocrx_word' id='word_1_121' title='bbox 1236 788 1410 826; x_wconf 72' lang='lat' dir='ltr'><strong><em>scriptores</em></strong></span> <span class='ocrx_word' id='word_1_122' title='bbox 1438 789 1579 818; x_wconf 85' lang='lat' dir='ltr'><strong><em>eiusdem</em></strong></span> <span class='ocrx_word' id='word_1_123' title='bbox 1610 791 1727 820; x_wconf 85' lang='lat' dir='ltr'><strong><em>aetatis</em></strong></span> 
     </span>
     <span class='ocr_line' id='line_1_13' title="bbox 85 831 1724 879; baseline 0.007 -19"><span class='ocrx_word' id='word_1_124' title='bbox 85 831 208 861; x_wconf 86' lang='lat' dir='ltr'><strong><em>eosdem</em></strong></span> <span class='ocrx_word' id='word_1_125' title='bbox 221 831 299 871; x_wconf 88' lang='lat' dir='ltr'><strong><em>fere</em></strong></span> <span class='ocrx_word' id='word_1_126' title='bbox 327 831 411 862; x_wconf 88' lang='lat' dir='ltr'><strong><em>locos</em></strong></span> <span class='ocrx_word' id='word_1_127' title='bbox 441 832 542 862; x_wconf 84' lang='lat' dir='ltr'><strong><em>simili</em></strong></span> <span class='ocrx_word' id='word_1_128' title='bbox 565 833 680 864; x_wconf 77' lang='lat' dir='ltr'><strong><em>ordine</em></strong></span> <span class='ocrx_word' id='word_1_129' title='bbox 710 835 745 864; x_wconf 87' lang='lat' dir='ltr'><strong><em>in</em></strong></span> <span class='ocrx_word' id='word_1_130' title='bbox 767 834 868 865; x_wconf 80' lang='lat' dir='ltr'><strong><em>libros</em></strong></span> <span class='ocrx_word' id='word_1_131' title='bbox 898 846 973 866; x_wconf 86' lang='lat' dir='ltr'><strong><em>suos</em></strong></span> <span class='ocrx_word' id='word_1_132' title='bbox 996 841 1186 876; x_wconf 85' lang='lat' dir='ltr'><strong><em>receperunt</em></strong></span> <span class='ocrx_word' id='word_1_133' title='bbox 1197 841 1218 867; x_wconf 85' lang='lat'><strong><em>².</em></strong></span> <span class='ocrx_word' id='word_1_134' title='bbox 1263 837 1396 868; x_wconf 83' lang='lat' dir='ltr'><strong><em>Praeter</em></strong></span> <span class='ocrx_word' id='word_1_135' title='bbox 1416 844 1550 879; x_wconf 84' lang='lat' dir='ltr'><strong><em>patrum</em></strong></span> <span class='ocrx_word' id='word_1_136' title='bbox 1574 841 1724 872; x_wconf 83' lang='lat' dir='ltr'><strong><em>concilio-</em></strong></span> 
     </span>
     <span class='ocr_line' id='line_1_14' title="bbox 84 882 1725 932; baseline 0.007 -20"><span class='ocrx_word' id='word_1_137' title='bbox 84 893 216 924; x_wconf 79' lang='lat' dir='ltr'><strong><em>rumque</em></strong></span> <span class='ocrx_word' id='word_1_138' title='bbox 255 882 344 913; x_wconf 86' lang='lat' dir='ltr'><strong><em>dicta</em></strong></span> <span class='ocrx_word' id='word_1_139' title='bbox 382 884 687 925; x_wconf 78' lang='lat' dir='ltr'><strong><em>constitutionesque</em></strong></span> <span class='ocrx_word' id='word_1_140' title='bbox 725 886 955 927; x_wconf 83' lang='lat' dir='ltr'><strong><em>imperatorum</em></strong></span> <span class='ocrx_word' id='word_1_141' title='bbox 994 887 1219 918; x_wconf 77' lang='lat' dir='ltr'><strong><em>Romanorum</em></strong></span> <span class='ocrx_word' id='word_1_142' title='bbox 1265 894 1379 920; x_wconf 81' lang='lat' dir='ltr'><strong><em>auctor</em></strong></span> <span class='ocrx_word' id='word_1_143' title='bbox 1416 896 1522 921; x_wconf 86' lang='lat' dir='ltr'><strong><em>noster</em></strong></span> <span class='ocrx_word' id='word_1_144' title='bbox 1559 892 1725 932; x_wconf 83' lang='lat' dir='ltr'><strong><em>epistolam</em></strong></span> 
     </span>
     <span class='ocr_line' id='line_1_15' title="bbox 85 932 1726 984; baseline 0.006 -20"><span class='ocrx_word' id='word_1_145' title='bbox 85 932 238 975; x_wconf 67' lang='lat' dir='ltr'><strong><em>Gregorii</em></strong></span> <span class='ocrx_word' id='word_1_146' title='bbox 264 933 333 965; x_wconf 91' lang='lat' dir='ltr'><strong><em>VII.</em></strong></span> <span class='ocrx_word' id='word_1_147' title='bbox 365 935 409 965; x_wconf 86' lang='lat' dir='ltr'><strong><em>ad</em></strong></span> <span class='ocrx_word' id='word_1_148' title='bbox 439 934 682 966; x_wconf 84' lang='lat' dir='ltr'><strong><em>Herimannum</em></strong></span> <span class='ocrx_word' id='word_1_149' title='bbox 714 938 900 979; x_wconf 82' lang='lat' dir='ltr'><strong><em>episcopum</em></strong></span> <span class='ocrx_word' id='word_1_150' title='bbox 933 939 1119 969; x_wconf 87' lang='lat' dir='ltr'><strong><em>Mettensem</em></strong></span> <span class='ocrx_word' id='word_1_151' title='bbox 1151 939 1263 970; x_wconf 83' lang='lat' dir='ltr'><strong><em>datam</em></strong></span> <span class='ocrx_word' id='word_1_152' title='bbox 1293 942 1496 972; x_wconf 78' lang='lat' dir='ltr'><strong><em>notissimam</em></strong></span> <span class='ocrx_word' id='word_1_153' title='bbox 1529 943 1726 984; x_wconf 71' lang='lat' dir='ltr'><strong><em>litterasque,</em></strong></span> 
     </span>
    </p>
   </div>
   <div class='ocr_carea' id='block_1_5' title="bbox 39 985 1726 1027">
    <p class='ocr_par' dir='ltr' id='par_1_6' title="bbox 39 985 1726 1027">
     <span class='ocr_line' id='line_1_16' title="bbox 39 985 1726 1027; baseline 0.005 -10"><span class='ocrx_word' id='word_1_154' title='bbox 39 997 65 1017; x_wconf 72' lang='grc' dir='ltr'><strong>η</strong></span> <span class='ocrx_word' id='word_1_155' title='bbox 83 996 166 1027; x_wconf 86' lang='lat' dir='ltr'><strong><em>quas</em></strong></span> <span class='ocrx_word' id='word_1_156' title='bbox 188 985 353 1016; x_wconf 82' lang='lat' dir='ltr'><strong><em>Iohannes</em></strong></span> <span class='ocrx_word' id='word_1_157' title='bbox 376 987 551 1027; x_wconf 86' lang='lat' dir='ltr'><strong><em>episcopus</em></strong></span> <span class='ocrx_word' id='word_1_158' title='bbox 580 987 790 1019; x_wconf 85' lang='lat' dir='ltr'><strong><em>Tusculanus</em></strong></span> <span class='ocrx_word' id='word_1_159' title='bbox 814 989 859 1020; x_wconf 89' lang='lat' dir='ltr'><strong><em>ad</em></strong></span> <span class='ocrx_word' id='word_1_160' title='bbox 881 990 1088 1021; x_wconf 82' lang='lat' dir='ltr'><strong><em>Richardum</em></strong></span> <span class='ocrx_word' id='word_1_161' title='bbox 1112 991 1315 1022; x_wconf 83' lang='lat' dir='ltr'><strong><em>cardinalem</em></strong></span> <span class='ocrx_word' id='word_1_162' title='bbox 1332 993 1546 1024; x_wconf 83' lang='lat' dir='ltr'><strong><em>Albanensem</em></strong></span> <span class='ocrx_word' id='word_1_163' title='bbox 1571 995 1609 1025; x_wconf 89' lang='lat' dir='ltr'><strong><em>de</em></strong></span> <span class='ocrx_word' id='word_1_164' title='bbox 1632 995 1726 1026; x_wconf 63' lang='lat' dir='ltr'><strong><em>rebus</em></strong></span> 
     </span>
    </p>
   </div>
   <div class='ocr_carea' id='block_1_6' title="bbox 81 1037 1725 1242">
    <p class='ocr_par' dir='ltr' id='par_1_7' title="bbox 81 1037 1725 1130">
     <span class='ocr_line' id='line_1_17' title="bbox 83 1037 1725 1082; baseline 0.006 -15"><span class='ocrx_word' id='word_1_165' title='bbox 83 1048 114 1068; x_wconf 90' lang='lat' dir='ltr'><strong><em>a.</em></strong></span> <span class='ocrx_word' id='word_1_166' title='bbox 132 1037 222 1068; x_wconf 92' lang='lat'>1111.</span> <span class='ocrx_word' id='word_1_167' title='bbox 243 1038 330 1069; x_wconf 86' lang='lat' dir='ltr'><strong><em>inter</em></strong></span> <span class='ocrx_word' id='word_1_168' title='bbox 351 1038 578 1079; x_wconf 84' lang='lat' dir='ltr'><strong><em>imperatorem</em></strong></span> <span class='ocrx_word' id='word_1_169' title='bbox 603 1044 631 1070; x_wconf 87' lang='lat' dir='ltr'><strong><em>et</em></strong></span> <span class='ocrx_word' id='word_1_170' title='bbox 644 1050 773 1080; x_wconf 86' lang='lat' dir='ltr'><strong><em>papam</em></strong></span> <span class='ocrx_word' id='word_1_171' title='bbox 797 1042 897 1082; x_wconf 71' lang='lat' dir='ltr'><strong><em>qestis</em></strong></span> <span class='ocrx_word' id='word_1_172' title='bbox 921 1041 1021 1081; x_wconf 80' lang='lat' dir='ltr'><strong><em>dedit,</em></strong></span> <span class='ocrx_word' id='word_1_173' title='bbox 1045 1047 1072 1072; x_wconf 78' lang='lat' dir='ltr'><strong><em>et</em></strong></span> <span class='ocrx_word' id='word_1_174' title='bbox 1096 1043 1179 1073; x_wconf 87' lang='lat' dir='ltr'><strong><em>Acta</em></strong></span> <span class='ocrx_word' id='word_1_175' title='bbox 1202 1043 1335 1074; x_wconf 85' lang='lat' dir='ltr'><strong><em>concilii</em></strong></span> <span class='ocrx_word' id='word_1_176' title='bbox 1352 1044 1584 1077; x_wconf 79' lang='lat' dir='ltr'><strong><em>Lateranensis</em></strong></span> <span class='ocrx_word' id='word_1_177' title='bbox 1607 1058 1725 1077; x_wconf 85' lang='lat' dir='ltr'><strong><em>narra-</em></strong></span> 
     </span>
     <span class='ocr_line' id='line_1_18' title="bbox 81 1088 882 1130; baseline 0.004 -11"><span class='ocrx_word' id='word_1_178' title='bbox 81 1089 166 1120; x_wconf 84' lang='lat' dir='ltr'><strong><em>tioni</em></strong></span> <span class='ocrx_word' id='word_1_179' title='bbox 186 1100 267 1120; x_wconf 90' lang='lat' dir='ltr'><strong><em>suae</em></strong></span> <span class='ocrx_word' id='word_1_180' title='bbox 279 1088 435 1130; x_wconf 89' lang='lat' dir='ltr'><strong><em>fontibus</em></strong></span> <span class='ocrx_word' id='word_1_181' title='bbox 458 1101 524 1121; x_wconf 90' lang='lat' dir='ltr'><strong><em>non</em></strong></span> <span class='ocrx_word' id='word_1_182' title='bbox 549 1090 709 1122; x_wconf 86' lang='lat' dir='ltr'><strong><em>indicatis</em></strong></span> <span class='ocrx_word' id='word_1_183' title='bbox 732 1093 882 1123; x_wconf 73' lang='lat' dir='ltr'><strong><em>intexuit.</em></strong></span> 
     </span>
    </p>

    <p class='ocr_par' dir='ltr' id='par_1_8' title="bbox 81 1139 1724 1242">
     <span class='ocr_line' id='line_1_19' title="bbox 186 1139 1722 1188; baseline 0.007 -18"><span class='ocrx_word' id='word_1_184' title='bbox 186 1139 346 1172; x_wconf 85' lang='lat' dir='ltr'><strong><em>Servatur</em></strong></span> <span class='ocrx_word' id='word_1_185' title='bbox 380 1140 572 1182; x_wconf 79' lang='lat' dir='ltr'><strong><em>opusculum</em></strong></span> <span class='ocrx_word' id='word_1_186' title='bbox 614 1144 650 1173; x_wconf 87' lang='lat' dir='ltr'><strong><em>in</em></strong></span> <span class='ocrx_word' id='word_1_187' title='bbox 685 1143 793 1174; x_wconf 87' lang='lat' dir='ltr'><strong><em>codice</em></strong></span> <span class='ocrx_word' id='word_1_188' title='bbox 823 1143 897 1175; x_wconf 85' lang='lat' dir='ltr'><strong><em>olim</em></strong></span> <span class='ocrx_word' id='word_1_189' title='bbox 927 1145 1060 1176; x_wconf 85' lang='lat' dir='ltr'><strong><em>Aemilii</em></strong></span> <span class='ocrx_word' id='word_1_190' title='bbox 1092 1145 1270 1177; x_wconf 85' lang='lat' dir='ltr'><strong><em>Cavallerii</em></strong></span> <span class='ocrx_word' id='word_1_191' title='bbox 1303 1148 1450 1188; x_wconf 82' lang='lat' dir='ltr'><strong><em>episcopi</em></strong></span> <span class='ocrx_word' id='word_1_192' title='bbox 1485 1148 1624 1180; x_wconf 86' lang='lat' dir='ltr'><strong><em>Troiani</em></strong></span> <span class='ocrx_word' id='word_1_193' title='bbox 1657 1151 1722 1180; x_wconf 50' lang='lat' dir='ltr'><strong><em>&#39;iam</em></strong></span> 
     </span>
     <span class='ocr_line' id='line_1_20' title="bbox 81 1191 1724 1242; baseline 0.006 -20"><span class='ocrx_word' id='word_1_194' title='bbox 81 1191 263 1223; x_wconf 86' lang='lat' dir='ltr'><strong><em>Borbonico</em></strong></span> <span class='ocrx_word' id='word_1_195' title='bbox 292 1192 585 1233; x_wconf 84' lang='lat' dir='ltr'><strong><em>Neapolitano</em></strong></span> <span class='ocrx_word' id='word_1_196' title='bbox 614 1194 644 1226; x_wconf 87' lang='lat' dir='ltr'><strong><em>V.</em></strong></span> <span class='ocrx_word' id='word_1_197' title='bbox 672 1194 704 1226; x_wconf 87' lang='lat' dir='ltr'><strong><em>C.</em></strong></span> <span class='ocrx_word' id='word_1_198' title='bbox 727 1195 779 1235; x_wconf 86' lang='lat'><strong><em>46,</em></strong></span> <span class='ocrx_word' id='word_1_199' title='bbox 809 1196 898 1234; x_wconf 62' lang='lat' dir='ltr'><strong><em>mbr„</em></strong></span> <span class='ocrx_word' id='word_1_200' title='bbox 919 1195 984 1237; x_wconf 86' lang='lat' dir='ltr'><strong><em>fol.</em></strong></span> <span class='ocrx_word' id='word_1_201' title='bbox 1009 1208 1092 1227; x_wconf 84' lang='lat' dir='ltr'><strong><em>saec.</em></strong></span> <span class='ocrx_word' id='word_1_202' title='bbox 1117 1196 1192 1237; x_wconf 82' lang='lat' dir='ltr'><strong><em>XII,</em></strong></span> <span class='ocrx_word' id='word_1_203' title='bbox 1223 1197 1279 1228; x_wconf 85' lang='lat' dir='ltr'><strong><em>ubi</em></strong></span> <span class='ocrx_word' id='word_1_204' title='bbox 1307 1204 1383 1238; x_wconf 82' lang='lat' dir='ltr'><strong><em>post</em></strong></span> <span class='ocrx_word' id='word_1_205' title='bbox 1414 1199 1548 1230; x_wconf 75' lang='lat' dir='ltr'><strong><em>Habani</em></strong></span> <span class='ocrx_word' id='word_1_206' title='bbox 1572 1201 1724 1242; x_wconf 65' lang='lat' dir='ltr'><strong><em>Origines</em></strong></span> 
     </span>
    </p>
   </div>
   <div class='ocr_carea' id='block_1_7' title="bbox 36 1243 1721 1292">
    <p class='ocr_par' dir='ltr' id='par_1_9' title="bbox 36 1243 1721 1292">
     <span class='ocr_line' id='line_1_21' title="bbox 36 1243 1721 1292; baseline 0.005 -19"><span class='ocrx_word' id='word_1_207' title='bbox 36 1253 63 1274; x_wconf 72' lang='grc' dir='ltr'><strong><em>ιο</em></strong></span> <span class='ocrx_word' id='word_1_208' title='bbox 80 1243 190 1274; x_wconf 81' lang='lat' dir='ltr'><strong><em>eadem</em></strong></span> <span class='ocrx_word' id='word_1_209' title='bbox 213 1255 332 1275; x_wconf 87' lang='lat' dir='ltr'><strong><em>manus</em></strong></span> <span class='ocrx_word' id='word_1_210' title='bbox 355 1245 391 1275; x_wconf 88' lang='lat' dir='ltr'><strong><em>in</em></strong></span> <span class='ocrx_word' id='word_1_211' title='bbox 414 1245 536 1276; x_wconf 83' lang='lat' dir='ltr'><strong><em>ultimis</em></strong></span> <span class='ocrx_word' id='word_1_212' title='bbox 559 1251 703 1287; x_wconf 87' lang='lat' dir='ltr'><strong><em>quatuor</em></strong></span> <span class='ocrx_word' id='word_1_213' title='bbox 716 1247 817 1287; x_wconf 87' lang='lat' dir='ltr'><strong><em>foliis</em></strong></span> <span class='ocrx_word' id='word_1_214' title='bbox 840 1248 1003 1279; x_wconf 76' lang='lat' dir='ltr'><strong><em>subiecit3.</em></strong></span> <span class='ocrx_word' id='word_1_215' title='bbox 1049 1248 1259 1289; x_wconf 80' lang='lat' dir='ltr'><strong><em>Scripturam</em></strong></span> <span class='ocrx_word' id='word_1_216' title='bbox 1285 1255 1388 1280; x_wconf 85' lang='lat' dir='ltr'><strong><em>autem</em></strong></span> <span class='ocrx_word' id='word_1_217' title='bbox 1414 1249 1518 1283; x_wconf 83' lang='lat' dir='ltr'><strong><em>ultimi</em></strong></span> <span class='ocrx_word' id='word_1_218' title='bbox 1530 1252 1614 1292; x_wconf 84' lang='lat' dir='ltr'><strong><em>folii</em></strong></span> <span class='ocrx_word' id='word_1_219' title='bbox 1637 1259 1721 1283; x_wconf 80' lang='lat' dir='ltr'><strong><em>vetu-</em></strong></span> 
     </span>
    </p>
   </div>
   <div class='ocr_carea' id='block_1_8' title="bbox 78 1295 1723 1500">
    <p class='ocr_par' dir='ltr' id='par_1_10' title="bbox 78 1295 1723 1500">
     <span class='ocr_line' id='line_1_22' title="bbox 80 1295 1722 1345; baseline 0.006 -20"><span class='ocrx_word' id='word_1_220' title='bbox 80 1299 160 1326; x_wconf 86' lang='lat' dir='ltr'><strong><em>state</em></strong></span> <span class='ocrx_word' id='word_1_221' title='bbox 188 1295 236 1326; x_wconf 80' lang='lat' dir='ltr'><strong><em>ita</em></strong></span> <span class='ocrx_word' id='word_1_222' title='bbox 260 1300 486 1337; x_wconf 83' lang='lat' dir='ltr'><strong><em>consumptam</em></strong></span> <span class='ocrx_word' id='word_1_223' title='bbox 518 1308 584 1328; x_wconf 91' lang='lat' dir='ltr'><strong><em>esse</em></strong></span> <span class='ocrx_word' id='word_1_224' title='bbox 614 1298 768 1338; x_wconf 82' lang='lat' dir='ltr'><strong><em>dolemus,</em></strong></span> <span class='ocrx_word' id='word_1_225' title='bbox 800 1304 835 1330; x_wconf 84' lang='lat' dir='ltr'><strong><em>ut</em></strong></span> <span class='ocrx_word' id='word_1_226' title='bbox 857 1311 920 1331; x_wconf 88' lang='lat' dir='ltr'><strong><em>non</em></strong></span> <span class='ocrx_word' id='word_1_227' title='bbox 946 1301 1054 1331; x_wconf 84' lang='lat' dir='ltr'><strong><em>omnia</em></strong></span> <span class='ocrx_word' id='word_1_228' title='bbox 1087 1301 1153 1330; x_wconf 84' lang='lat' dir='ltr'><strong><em>iam</em></strong></span> <span class='ocrx_word' id='word_1_229' title='bbox 1181 1301 1248 1342; x_wconf 73' lang='lat' dir='ltr'><strong><em>leqi</em></strong></span> <span class='ocrx_word' id='word_1_230' title='bbox 1266 1303 1392 1342; x_wconf 78' lang='lat' dir='ltr'><strong><em>possint</em></strong></span> <span class='ocrx_word' id='word_1_231' title='bbox 1422 1314 1523 1344; x_wconf 86' lang='lat' dir='ltr'><strong><em>neque</em></strong></span> <span class='ocrx_word' id='word_1_232' title='bbox 1546 1316 1608 1345; x_wconf 90' lang='lat' dir='ltr'><strong><em>pro</em></strong></span> <span class='ocrx_word' id='word_1_233' title='bbox 1641 1309 1722 1335; x_wconf 80' lang='lat' dir='ltr'><strong><em>certo</em></strong></span> 
     </span>
     <span class='ocr_line' id='line_1_23' title="bbox 80 1347 1722 1395; baseline 0.005 -18"><span class='ocrx_word' id='word_1_234' title='bbox 80 1347 231 1387; x_wconf 86' lang='lat' dir='ltr'><strong><em>sciamus,</em></strong></span> <span class='ocrx_word' id='word_1_235' title='bbox 261 1351 370 1378; x_wconf 84' lang='lat' dir='ltr'><strong><em>utrum</em></strong></span> <span class='ocrx_word' id='word_1_236' title='bbox 392 1347 518 1380; x_wconf 85' lang='lat' dir='ltr'><strong><em>libellus</em></strong></span> <span class='ocrx_word' id='word_1_237' title='bbox 541 1354 650 1380; x_wconf 83' lang='lat' dir='ltr'><strong><em>noster</em></strong></span> <span class='ocrx_word' id='word_1_238' title='bbox 672 1352 800 1392; x_wconf 63' lang='lat' dir='ltr'><strong><em>integer</em></strong></span> <span class='ocrx_word' id='word_1_239' title='bbox 830 1351 875 1382; x_wconf 90' lang='lat' dir='ltr'><strong><em>ad</em></strong></span> <span class='ocrx_word' id='word_1_240' title='bbox 898 1362 957 1382; x_wconf 83' lang='lat' dir='ltr'><strong><em>nos</em></strong></span> <span class='ocrx_word' id='word_1_241' title='bbox 980 1353 1103 1382; x_wconf 82' lang='lat' dir='ltr'><strong><em>venerit</em></strong></span> <span class='ocrx_word' id='word_1_242' title='bbox 1127 1363 1234 1383; x_wconf 82' lang='lat' dir='ltr'><strong><em>necne.</em></strong></span> <span class='ocrx_word' id='word_1_243' title='bbox 1280 1354 1436 1395; x_wconf 79' lang='lat' dir='ltr'><strong><em>Sequitur</em></strong></span> <span class='ocrx_word' id='word_1_244' title='bbox 1458 1357 1541 1386; x_wconf 80' lang='lat' dir='ltr'><strong><em>enim</em></strong></span> <span class='ocrx_word' id='word_1_245' title='bbox 1568 1356 1658 1386; x_wconf 84' lang='lat' dir='ltr'><strong><em>locus</em></strong></span> <span class='ocrx_word' id='word_1_246' title='bbox 1682 1367 1722 1386; x_wconf 78' lang='lat' dir='ltr'><strong><em>ex</em></strong></span> 
     </span>
     <span class='ocr_line' id='line_1_24' title="bbox 78 1396 1722 1446; baseline 0.007 -18"><span class='ocrx_word' id='word_1_247' title='bbox 78 1396 203 1439; x_wconf 80' lang='lat' dir='ltr'><strong><em>legibus</em></strong></span> <span class='ocrx_word' id='word_1_248' title='bbox 225 1398 394 1430; x_wconf 85' lang='lat' dir='ltr'><strong><em>Iustiniani</em></strong></span> <span class='ocrx_word' id='word_1_249' title='bbox 417 1405 566 1441; x_wconf 84' lang='lat' dir='ltr'><strong><em>sumptus</em></strong></span> <span class='ocrx_word' id='word_1_250' title='bbox 589 1406 617 1432; x_wconf 85' lang='lat' dir='ltr'><strong><em>et</em></strong></span> <span class='ocrx_word' id='word_1_251' title='bbox 638 1402 801 1444; x_wconf 86' lang='lat' dir='ltr'><strong><em>quaedam</em></strong></span> <span class='ocrx_word' id='word_1_252' title='bbox 824 1408 859 1433; x_wconf 86' lang='lat' dir='ltr'><strong><em>ut</em></strong></span> <span class='ocrx_word' id='word_1_253' title='bbox 881 1403 1011 1434; x_wconf 83' lang='lat' dir='ltr'><strong><em>videtur</em></strong></span> <span class='ocrx_word' id='word_1_254' title='bbox 1033 1403 1102 1434; x_wconf 85' lang='lat' dir='ltr'><strong><em>alia</em></strong></span> <span class='ocrx_word' id='word_1_255' title='bbox 1119 1403 1216 1434; x_wconf 82' lang='lat' dir='ltr'><strong><em>verba</em></strong></span> <span class='ocrx_word' id='word_1_256' title='bbox 1238 1410 1353 1446; x_wconf 83' lang='lat' dir='ltr'><strong><em>septem</em></strong></span> <span class='ocrx_word' id='word_1_257' title='bbox 1377 1406 1474 1437; x_wconf 89' lang='lat' dir='ltr'><strong><em>lineis</em></strong></span> <span class='ocrx_word' id='word_1_258' title='bbox 1496 1408 1589 1438; x_wconf 86' lang='lat' dir='ltr'><strong><em>semel</em></strong></span> <span class='ocrx_word' id='word_1_259' title='bbox 1605 1408 1722 1438; x_wconf 81' lang='lat' dir='ltr'><strong><em>divisis</em></strong></span> 
     </span>
     <span class='ocr_line' id='line_1_25' title="bbox 79 1450 1723 1500; baseline 0.006 -20"><span class='ocrx_word' id='word_1_260' title='bbox 79 1451 215 1491; x_wconf 83' lang='lat' dir='ltr'><strong><em>scripta,</em></strong></span> <span class='ocrx_word' id='word_1_261' title='bbox 239 1461 322 1491; x_wconf 85' lang='lat' dir='ltr'><strong><em>quae</em></strong></span> <span class='ocrx_word' id='word_1_262' title='bbox 342 1450 463 1482; x_wconf 83' lang='lat' dir='ltr'><strong><em>Schum</em></strong></span> <span class='ocrx_word' id='word_1_263' title='bbox 488 1452 533 1482; x_wconf 84' lang='lat' dir='ltr'><strong><em>ad</em></strong></span> <span class='ocrx_word' id='word_1_264' title='bbox 554 1452 695 1484; x_wconf 87' lang='lat' dir='ltr'><strong><em>libellum</em></strong></span> <span class='ocrx_word' id='word_1_265' title='bbox 715 1455 881 1494; x_wconf 79' lang='lat' dir='ltr'><strong><em>pertinere</em></strong></span> <span class='ocrx_word' id='word_1_266' title='bbox 904 1456 1039 1494; x_wconf 79' lang='lat' dir='ltr'><strong><em>censuit,</em></strong></span> <span class='ocrx_word' id='word_1_267' title='bbox 1063 1455 1089 1488; x_wconf 82' lang='lat' dir='ltr'><strong><em>b,</em></strong></span> <span class='ocrx_word' id='word_1_268' title='bbox 1106 1467 1145 1486; x_wconf 89' lang='lat' dir='ltr'><strong><em>m.</em></strong></span> <span class='ocrx_word' id='word_1_269' title='bbox 1163 1455 1198 1487; x_wconf 86' lang='lat' dir='ltr'><strong><em>L.</em></strong></span> <span class='ocrx_word' id='word_1_270' title='bbox 1214 1456 1400 1488; x_wconf 82' lang='lat' dir='ltr'><strong><em>Bethmann</em></strong></span> <span class='ocrx_word' id='word_1_271' title='bbox 1424 1463 1451 1488; x_wconf 83' lang='lat' dir='ltr'><strong><em>et</em></strong></span> <span class='ocrx_word' id='word_1_272' title='bbox 1473 1457 1511 1489; x_wconf 84' lang='lat' dir='ltr'><strong><em>G.</em></strong></span> <span class='ocrx_word' id='word_1_273' title='bbox 1531 1459 1642 1499; x_wconf 80' lang='lat' dir='ltr'><strong><em>Waitz‚</em></strong></span> <span class='ocrx_word' id='word_1_274' title='bbox 1666 1461 1723 1500; x_wconf 85' lang='lat' dir='ltr'><strong><em>qui</em></strong></span> 
     </span>
    </p>
   </div>
   <div class='ocr_carea' id='block_1_9' title="bbox 35 1501 1722 1552">
    <p class='ocr_par' dir='ltr' id='par_1_11' title="bbox 35 1501 1722 1552">
     <span class='ocr_line' id='line_1_26' title="bbox 35 1501 1722 1552; baseline 0.005 -20"><span class='ocrx_word' id='word_1_275' title='bbox 35 1513 61 1533; x_wconf 68' lang='grc' dir='ltr'><strong><em>ιε</em></strong></span> <span class='ocrx_word' id='word_1_276' title='bbox 80 1501 220 1532; x_wconf 88' lang='lat' dir='ltr'><strong><em>codicem</em></strong></span> <span class='ocrx_word' id='word_1_277' title='bbox 256 1508 477 1542; x_wconf 64' lang='lat' dir='ltr'><strong><em>concusserunt,</em></strong></span> <span class='ocrx_word' id='word_1_278' title='bbox 516 1504 661 1535; x_wconf 84' lang='lat' dir='ltr'><strong><em>alienam</em></strong></span> <span class='ocrx_word' id='word_1_279' title='bbox 699 1506 911 1547; x_wconf 77' lang='lat' dir='ltr'><strong><em>appendicem</em></strong></span> <span class='ocrx_word' id='word_1_280' title='bbox 953 1508 1157 1538; x_wconf 75' lang='lat' dir='ltr'><strong><em>eoeistimasse</em></strong></span> <span class='ocrx_word' id='word_1_281' title='bbox 1195 1508 1375 1539; x_wconf 74' lang='lat' dir='ltr'><strong><em>videntur⁴.</em></strong></span> <span class='ocrx_word' id='word_1_282' title='bbox 1435 1509 1551 1540; x_wconf 83' lang='lat' dir='ltr'><strong><em>Edidit</em></strong></span> <span class='ocrx_word' id='word_1_283' title='bbox 1594 1513 1722 1552; x_wconf 83' lang='lat' dir='ltr'><strong><em>primus</em></strong></span> 
     </span>
    </p>
   </div>
   <div class='ocr_carea' id='block_1_10' title="bbox 78 1552 1721 1757">
    <p class='ocr_par' dir='ltr' id='par_1_12' title="bbox 78 1552 1721 1757">
     <span class='ocr_line' id='line_1_27' title="bbox 86 1552 1721 1604; baseline 0.006 -21"><span class='ocrx_word' id='word_1_284' title='bbox 86 1552 131 1584; x_wconf 88' lang='lat' dir='ltr'><strong><em>W.</em></strong></span> <span class='ocrx_word' id='word_1_285' title='bbox 162 1553 280 1584; x_wconf 83' lang='lat' dir='ltr'><strong><em>Schum</em></strong></span> <span class='ocrx_word' id='word_1_286' title='bbox 314 1554 342 1585; x_wconf 82' lang='lat' dir='ltr'><strong><em>b.</em></strong></span> <span class='ocrx_word' id='word_1_287' title='bbox 365 1565 405 1584; x_wconf 85' lang='lat' dir='ltr'><strong><em>m.</em></strong></span> <span class='ocrx_word' id='word_1_288' title='bbox 441 1555 633 1595; x_wconf 86' lang='lat' dir='ltr'><strong><em>opusculum</em></strong></span> <span class='ocrx_word' id='word_1_289' title='bbox 669 1561 812 1588; x_wconf 84' lang='lat' dir='ltr'><strong><em>nostrum</em></strong></span> <span class='ocrx_word' id='word_1_290' title='bbox 846 1559 881 1588; x_wconf 91' lang='lat' dir='ltr'><strong><em>in</em></strong></span> <span class='ocrx_word' id='word_1_291' title='bbox 915 1557 998 1589; x_wconf 80' lang='lat' dir='ltr'><strong><em>libro</em></strong></span> <span class='ocrx_word' id='word_1_292' title='bbox 1032 1560 1087 1589; x_wconf 85' lang='lat' dir='ltr'><strong><em>cui</em></strong></span> <span class='ocrx_word' id='word_1_293' title='bbox 1118 1560 1330 1591; x_wconf 83' lang='lat' dir='ltr'><strong><em>inscribitur:</em></strong></span> <span class='ocrx_word' id='word_1_294' title='bbox 1365 1561 1439 1591; x_wconf 89' lang='lat' dir='ltr'><strong><em>‘Die</em></strong></span> <span class='ocrx_word' id='word_1_295' title='bbox 1470 1561 1587 1592; x_wconf 65' lang='lat' dir='ltr'><strong><em>Politik</em></strong></span> <span class='ocrx_word' id='word_1_296' title='bbox 1620 1563 1721 1604; x_wconf 83' lang='lat' dir='ltr'><strong><em>Papst</em></strong></span> 
     </span>
     <span class='ocr_line' id='line_1_28' title="bbox 79 1604 1720 1653; baseline 0.005 -18"><span class='ocrx_word' id='word_1_297' title='bbox 79 1604 252 1636; x_wconf 81' lang='lat' dir='ltr'><strong><em>Paschalis</em></strong></span> <span class='ocrx_word' id='word_1_298' title='bbox 267 1605 311 1636; x_wconf 90' lang='lat' dir='ltr'><strong><em>II.</em></strong></span> <span class='ocrx_word' id='word_1_299' title='bbox 327 1617 429 1647; x_wconf 71' lang='lat' dir='ltr'><strong><em>yeyen</em></strong></span> <span class='ocrx_word' id='word_1_300' title='bbox 447 1606 567 1638; x_wconf 86' lang='lat' dir='ltr'><strong><em>Kaiser</em></strong></span> <span class='ocrx_word' id='word_1_301' title='bbox 581 1607 742 1639; x_wconf 77' lang='lat' dir='ltr'><strong><em>Heinrich</em></strong></span> <span class='ocrx_word' id='word_1_302' title='bbox 759 1608 790 1640; x_wconf 91' lang='lat' dir='ltr'><strong><em>V.</em></strong></span> <span class='ocrx_word' id='word_1_303' title='bbox 813 1610 857 1640; x_wconf 85' lang='lat' dir='ltr'><strong><em>im</em></strong></span> <span class='ocrx_word' id='word_1_304' title='bbox 873 1609 978 1641; x_wconf 86' lang='lat' dir='ltr'><strong><em>Jahre</em></strong></span> <span class='ocrx_word' id='word_1_305' title='bbox 996 1611 1097 1649; x_wconf 78' lang='lat'><em>1112&#39;,</em></span> <span class='ocrx_word' id='word_1_306' title='bbox 1116 1622 1151 1652; x_wconf 86' lang='lat' dir='ltr'><strong><em>p.</em></strong></span> <span class='ocrx_word' id='word_1_307' title='bbox 1168 1611 1303 1650; x_wconf 83' lang='lat'><strong>67—88,</strong></span> <span class='ocrx_word' id='word_1_308' title='bbox 1326 1613 1472 1653; x_wconf 80' lang='lat' dir='ltr'><strong><em>epistolis</em></strong></span> <span class='ocrx_word' id='word_1_309' title='bbox 1487 1613 1661 1644; x_wconf 85' lang='lat' dir='ltr'><strong><em>Paschalis</em></strong></span> <span class='ocrx_word' id='word_1_310' title='bbox 1676 1615 1720 1645; x_wconf 84' lang='lat' dir='ltr'><strong><em>II.</em></strong></span> 
     </span>
     <span class='ocr_line' id='line_1_29' title="bbox 79 1655 1721 1706; baseline 0.005 -19"><span class='ocrx_word' id='word_1_311' title='bbox 79 1656 123 1687; x_wconf 85' lang='lat' dir='ltr'><strong><em>ad</em></strong></span> <span class='ocrx_word' id='word_1_312' title='bbox 154 1655 338 1688; x_wconf 81' lang='lat' dir='ltr'><strong><em>Guz‘donem</em></strong></span> <span class='ocrx_word' id='word_1_313' title='bbox 365 1658 574 1690; x_wconf 85' lang='lat' dir='ltr'><strong><em>Viennensem</em></strong></span> <span class='ocrx_word' id='word_1_314' title='bbox 612 1664 640 1689; x_wconf 90' lang='lat' dir='ltr'><strong><em>et</em></strong></span> <span class='ocrx_word' id='word_1_315' title='bbox 672 1658 855 1691; x_wconf 79' lang='lat' dir='ltr'><strong><em>Girardum</em></strong></span> <span class='ocrx_word' id='word_1_316' title='bbox 886 1661 1164 1703; x_wconf 64' lang='lat' dir='ltr'><strong><em>Enqolismewzsem</em></strong></span> <span class='ocrx_word' id='word_1_317' title='bbox 1201 1664 1400 1705; x_wconf 80' lang='lat' dir='ltr'><strong><em>episcopos⁵,</em></strong></span> <span class='ocrx_word' id='word_1_318' title='bbox 1439 1676 1522 1706; x_wconf 87' lang='lat' dir='ltr'><strong><em>quae</em></strong></span> <span class='ocrx_word' id='word_1_319' title='bbox 1549 1667 1584 1696; x_wconf 87' lang='lat' dir='ltr'><strong><em>in</em></strong></span> <span class='ocrx_word' id='word_1_320' title='bbox 1614 1666 1721 1696; x_wconf 86' lang='lat' dir='ltr'><strong><em>eodem</em></strong></span> 
     </span>
     <span class='ocr_line' id='line_1_30' title="bbox 78 1708 1719 1757; baseline 0.006 -19"><span class='ocrx_word' id='word_1_321' title='bbox 78 1708 185 1739; x_wconf 88' lang='lat' dir='ltr'><strong><em>codice</em></strong></span> <span class='ocrx_word' id='word_1_322' title='bbox 207 1708 373 1750; x_wconf 76' lang='lat' dir='ltr'><strong><em>leyuntur‚</em></strong></span> <span class='ocrx_word' id='word_1_323' title='bbox 397 1712 550 1742; x_wconf 77' lang='lat' dir='ltr'><strong><em>anneaeis.</em></strong></span> <span class='ocrx_word' id='word_1_324' title='bbox 588 1711 829 1743; x_wconf 83' lang='lat' dir='ltr'><strong><em>Dissertatione</em></strong></span> <span class='ocrx_word' id='word_1_325' title='bbox 852 1713 991 1744; x_wconf 79' lang='lat' dir='ltr'><strong><em>editioni</em></strong></span> <span class='ocrx_word' id='word_1_326' title='bbox 1013 1725 1093 1745; x_wconf 87' lang='lat' dir='ltr'><strong><em>suae</em></strong></span> <span class='ocrx_word' id='word_1_327' title='bbox 1111 1716 1297 1756; x_wconf 84' lang='lat' dir='ltr'><strong><em>praemissa</em></strong></span> <span class='ocrx_word' id='word_1_328' title='bbox 1320 1716 1467 1757; x_wconf 80' lang='lat' dir='ltr'><strong><em>notisque</em></strong></span> <span class='ocrx_word' id='word_1_329' title='bbox 1490 1717 1640 1748; x_wconf 83' lang='lat' dir='ltr'><strong><em>uberibus</em></strong></span> <span class='ocrx_word' id='word_1_330' title='bbox 1663 1718 1719 1748; x_wconf 87' lang='lat' dir='ltr'><strong><em>ad-</em></strong></span> 
     </span>
    </p>
   </div>
   <div class='ocr_carea' id='block_1_11' title="bbox 33 1760 1719 1806">
    <p class='ocr_par' dir='ltr' id='par_1_13' title="bbox 33 1760 1719 1806">
     <span class='ocr_line' id='line_1_31' title="bbox 33 1760 1719 1806; baseline 0.005 -16"><span class='ocrx_word' id='word_1_331' title='bbox 33 1760 200 1791; x_wconf 72' lang='lat' dir='ltr'><strong><em>seiunctis</em></strong></span> <span class='ocrx_word' id='word_1_332' title='bbox 228 1760 270 1791; x_wconf 92' lang='lat' dir='ltr'><strong><em>W.</em></strong></span> <span class='ocrx_word' id='word_1_333' title='bbox 294 1760 416 1792; x_wconf 82' lang='lat' dir='ltr'><strong><em>Schum</em></strong></span> <span class='ocrx_word' id='word_1_334' title='bbox 446 1767 474 1792; x_wconf 87' lang='lat' dir='ltr'><strong><em>et</em></strong></span> <span class='ocrx_word' id='word_1_335' title='bbox 504 1763 598 1794; x_wconf 85' lang='lat' dir='ltr'><strong><em>nobis</em></strong></span> <span class='ocrx_word' id='word_1_336' title='bbox 621 1763 819 1804; x_wconf 82' lang='lat' dir='ltr'><strong><em>permultum</em></strong></span> <span class='ocrx_word' id='word_1_337' title='bbox 848 1765 998 1806; x_wconf 82' lang='lat' dir='ltr'><strong><em>profuit;</em></strong></span> <span class='ocrx_word' id='word_1_338' title='bbox 1028 1766 1196 1797; x_wconf 84' lang='lat' dir='ltr'><strong><em>nonnullis</em></strong></span> <span class='ocrx_word' id='word_1_339' title='bbox 1225 1772 1331 1798; x_wconf 86' lang='lat' dir='ltr'><strong><em>tamen</em></strong></span> <span class='ocrx_word' id='word_1_340' title='bbox 1363 1767 1442 1798; x_wconf 86' lang='lat' dir='ltr'><strong><em>locis</em></strong></span> <span class='ocrx_word' id='word_1_341' title='bbox 1470 1780 1509 1799; x_wconf 72' lang='lat' dir='ltr'><strong><em>ew</em></strong></span> <span class='ocrx_word' id='word_1_342' title='bbox 1531 1769 1719 1800; x_wconf 81' lang='lat' dir='ltr'><strong><em>lectionibus</em></strong></span> 
     </span>
    </p>
   </div>
   <div class='ocr_carea' id='block_1_12' title="bbox 78 1811 1612 1913">
    <p class='ocr_par' dir='ltr' id='par_1_14' title="bbox 78 1811 1612 1913">
     <span class='ocr_line' id='line_1_32' title="bbox 78 1811 939 1847; baseline 0.007 -6"><span class='ocrx_word' id='word_1_343' title='bbox 78 1811 279 1843; x_wconf 82' lang='lat' dir='ltr'><strong><em>Bethmanni</em></strong></span> <span class='ocrx_word' id='word_1_344' title='bbox 300 1817 328 1843; x_wconf 87' lang='lat' dir='ltr'><strong><em>et</em></strong></span> <span class='ocrx_word' id='word_1_345' title='bbox 346 1812 478 1844; x_wconf 87' lang='lat' dir='ltr'><strong><em>Waitzii</em></strong></span> <span class='ocrx_word' id='word_1_346' title='bbox 499 1818 620 1845; x_wconf 69' lang='lat' dir='ltr'><strong><em>textum</em></strong></span> <span class='ocrx_word' id='word_1_347' title='bbox 643 1815 813 1846; x_wconf 87' lang='lat' dir='ltr'><strong><em>emendare</em></strong></span> <span class='ocrx_word' id='word_1_348' title='bbox 835 1816 939 1847; x_wconf 85' lang='lat' dir='ltr'><strong><em>licuit.</em></strong></span> 
     </span>
     <span class='ocr_line' id='line_1_33' title="bbox 181 1872 1612 1913; baseline 0.007 -11"><span class='ocrx_word' id='word_1_349' title='bbox 181 1872 393 1913; x_wconf 85' lang='lat' dir='ltr'><strong><em>Berolini,</em></strong></span> <span class='ocrx_word' id='word_1_350' title='bbox 422 1885 528 1906; x_wconf 81' lang='lat' dir='ltr'><strong><em>‘mense</em></strong></span> <span class='ocrx_word' id='word_1_351' title='bbox 551 1875 636 1906; x_wconf 85' lang='lat' dir='ltr'><strong><em>Iulio</em></strong></span> <span class='ocrx_word' id='word_1_352' title='bbox 661 1887 691 1907; x_wconf 90' lang='lat' dir='ltr'><strong><em>a.</em></strong></span> <span class='ocrx_word' id='word_1_353' title='bbox 711 1877 800 1910; x_wconf 81' lang='lat'>1891.</span> <span class='ocrx_word' id='word_1_354' title='bbox 1359 1880 1397 1910; x_wconf 88' lang='grc' dir='ltr'><strong><em>Ε.</em></strong></span> <span class='ocrx_word' id='word_1_355' title='bbox 1422 1880 1612 1913; x_wconf 63' lang='grc' dir='ltr'><strong><em>ΒΑΟΚΓΒ.</em></strong></span> 
     </span>
    </p>
   </div>
   <div class='ocr_carea' id='block_1_13' title="bbox 77 2024 1717 2123">
    <p class='ocr_par' dir='ltr' id='par_1_15' title="bbox 77 2024 1717 2123">
     <span class='ocr_line' id='line_1_34' title="bbox 77 2024 1717 2069; baseline 0.007 -14"><span class='ocrx_word' id='word_1_356' title='bbox 77 2024 243 2056; x_wconf 87' lang='lat' dir='ltr'>INCIPIT</span> <span class='ocrx_word' id='word_1_357' title='bbox 266 2025 543 2059; x_wconf 87' lang='lat' dir='ltr'><strong>DISPUTATIO</strong></span> <span class='ocrx_word' id='word_1_358' title='bbox 561 2028 649 2058; x_wconf 85' lang='lat' dir='ltr'><strong><em>VEL</em></strong></span> <span class='ocrx_word' id='word_1_359' title='bbox 673 2029 897 2061; x_wconf 81' lang='lat' dir='ltr'><strong><em>DEFENSIO</em></strong></span> <span class='ocrx_word' id='word_1_360' title='bbox 923 2030 1210 2069; x_wconf 74' lang='lat' dir='ltr'><strong>QUORUNDAM</strong></span> <span class='ocrx_word' id='word_1_361' title='bbox 1235 2031 1594 2064; x_wconf 83' lang='lat' dir='ltr'><strong>CATHOLICORUM</strong></span> <span class='ocrx_word' id='word_1_362' title='bbox 1619 2035 1717 2066; x_wconf 88' lang='lat' dir='ltr'><strong>CAR-</strong></span> 
     </span>
     <span class='ocr_line' id='line_1_35' title="bbox 77 2076 1716 2123; baseline 0.006 -16"><span class='ocrx_word' id='word_1_363' title='bbox 77 2076 301 2109; x_wconf 90' lang='lat' dir='ltr'>DINALIUM</span> <span class='ocrx_word' id='word_1_364' title='bbox 339 2077 519 2110; x_wconf 82' lang='lat' dir='ltr'><strong>CONTRA</strong></span> <span class='ocrx_word' id='word_1_365' title='bbox 557 2079 778 2119; x_wconf 77' lang='lat' dir='ltr'><strong>QUOSDAM</strong></span> <span class='ocrx_word' id='word_1_366' title='bbox 816 2081 1095 2113; x_wconf 80' lang='lat' dir='ltr'><strong><em>INSIPIENTES</em></strong></span> <span class='ocrx_word' id='word_1_367' title='bbox 1134 2083 1213 2113; x_wconf 73' lang='lat' dir='ltr'><strong><em>ETa</em></strong></span> <span class='ocrx_word' id='word_1_368' title='bbox 1249 2082 1558 2123; x_wconf 54' lang='lat' dir='ltr'><strong><em>SCISMATICO&amp;</em></strong></span> <span class='ocrx_word' id='word_1_369' title='bbox 1600 2086 1716 2117; x_wconf 80' lang='lat' dir='ltr'>IMMO</span> 
     </span>
    </p>
   </div>
   <div class='ocr_carea' id='block_1_14' title="bbox 31 2128 1717 2169">
    <p class='ocr_par' dir='ltr' id='par_1_16' title="bbox 31 2128 1717 2169">
     <span class='ocr_line' id='line_1_36' title="bbox 31 2128 1717 2169; baseline 0.006 -11"><span class='ocrx_word' id='word_1_370' title='bbox 31 2137 58 2157; x_wconf 79' lang='lat'><strong><em>³⁵</em></strong></span> <span class='ocrx_word' id='word_1_371' title='bbox 77 2128 342 2169; x_wconf 82' lang='lat' dir='ltr'><strong>HERETICOS,</strong></span> <span class='ocrx_word' id='word_1_372' title='bbox 367 2130 445 2169; x_wconf 80' lang='lat' dir='ltr'><strong><em>QUI</em></strong></span> <span class='ocrx_word' id='word_1_373' title='bbox 470 2130 777 2163; x_wconf 83' lang='lat' dir='ltr'><strong>CONABANTUR</strong></span> <span class='ocrx_word' id='word_1_374' title='bbox 800 2133 1029 2164; x_wconf 80' lang='lat' dir='ltr'><strong>ASSERERE</strong></span> <span class='ocrx_word' id='word_1_375' title='bbox 1054 2134 1249 2165; x_wconf 85' lang='lat' dir='ltr'>DOMNUM</span> <span class='ocrx_word' id='word_1_376' title='bbox 1272 2135 1423 2166; x_wconf 82' lang='lat' dir='ltr'><strong>PAPAM</strong></span> <span class='ocrx_word' id='word_1_377' title='bbox 1448 2136 1717 2168; x_wconf 83' lang='lat' dir='ltr'><strong>PASCHALEM</strong></span> 
     </span>
    </p>
   </div>
   <div class='ocr_carea' id='block_1_15' title="bbox 75 2180 1718 2373">
    <p class='ocr_par' dir='ltr' id='par_1_17' title="bbox 76 2180 1718 2224">
     <span class='ocr_line' id='line_1_37' title="bbox 76 2180 1718 2224; baseline 0.005 -13"><span class='ocrx_word' id='word_1_378' title='bbox 76 2180 168 2212; x_wconf 85' lang='lat' dir='ltr'><strong><em>NON</em></strong></span> <span class='ocrx_word' id='word_1_379' title='bbox 200 2181 381 2212; x_wconf 83' lang='lat' dir='ltr'><strong>DEBERE</strong></span> <span class='ocrx_word' id='word_1_380' title='bbox 413 2182 565 2213; x_wconf 85' lang='lat' dir='ltr'><strong>PAPAM</strong></span> <span class='ocrx_word' id='word_1_381' title='bbox 594 2182 778 2223; x_wconf 81' lang='lat' dir='ltr'><strong><em>VOCARI,</em></strong></span> <span class='ocrx_word' id='word_1_382' title='bbox 813 2185 891 2224; x_wconf 78' lang='lat' dir='ltr'><strong><em>QUI</em></strong></span> <span class='ocrx_word' id='word_1_383' title='bbox 926 2185 1159 2217; x_wconf 79' lang='lat' dir='ltr'><strong><em>HENRICUM</em></strong></span> <span class='ocrx_word' id='word_1_384' title='bbox 1191 2186 1515 2219; x_wconf 80' lang='lat' dir='ltr'><strong>IMPERATOREM</strong></span> <span class='ocrx_word' id='word_1_385' title='bbox 1547 2189 1718 2221; x_wconf 77' lang='lat' dir='ltr'><strong>EXCOM-</strong></span> 
     </span>
    </p>

    <p class='ocr_par' dir='ltr' id='par_1_18' title="bbox 76 2231 1716 2276">
     <span class='ocr_line' id='line_1_38' title="bbox 76 2231 1716 2276; baseline 0.006 -14"><span class='ocrx_word' id='word_1_386' title='bbox 76 2231 331 2263; x_wconf 84' lang='lat' dir='ltr'>MUNICAVIT</span> <span class='ocrx_word' id='word_1_387' title='bbox 362 2233 447 2265; x_wconf 84' lang='lat' dir='ltr'><strong><em>PRO</em></strong></span> <span class='ocrx_word' id='word_1_388' title='bbox 480 2234 735 2266; x_wconf 83' lang='lat' dir='ltr'><strong>SACRILEGA</strong></span> <span class='ocrx_word' id='word_1_389' title='bbox 769 2236 1062 2275; x_wconf 81' lang='lat' dir='ltr'><strong><em>PRODITIONE,</em></strong></span> <span class='ocrx_word' id='word_1_390' title='bbox 1097 2237 1224 2276; x_wconf 70' lang='lat' dir='ltr'><strong>QUAM</strong></span> <span class='ocrx_word' id='word_1_391' title='bbox 1260 2238 1391 2269; x_wconf 85' lang='lat' dir='ltr'><strong>FECIT</strong></span> <span class='ocrx_word' id='word_1_392' title='bbox 1422 2239 1467 2270; x_wconf 92' lang='lat' dir='ltr'><strong><em>IN</em></strong></span> <span class='ocrx_word' id='word_1_393' title='bbox 1498 2240 1716 2273; x_wconf 72' lang='lat' dir='ltr'><strong><em>ECCLESIA</em></strong></span> 
     </span>
    </p>

    <p class='ocr_par' dir='ltr' id='par_1_19' title="bbox 75 2283 1716 2373">
     <span class='ocr_line' id='line_1_39' title="bbox 75 2283 1716 2325; baseline 0.007 -12"><span class='ocrx_word' id='word_1_394' title='bbox 75 2283 211 2315; x_wconf 86' lang='lat' dir='ltr'><strong>BEATI</strong></span> <span class='ocrx_word' id='word_1_395' title='bbox 242 2284 373 2315; x_wconf 88' lang='lat' dir='ltr'>PETRI</span> <span class='ocrx_word' id='word_1_396' title='bbox 385 2285 408 2323; x_wconf 80' lang='lat'><strong><em>¹³,</em></strong></span> <span class='ocrx_word' id='word_1_397' title='bbox 441 2285 631 2323; x_wconf 76' lang='lat' dir='ltr'><strong>QUANDO</strong></span> <span class='ocrx_word' id='word_1_398' title='bbox 661 2286 798 2318; x_wconf 83' lang='lat' dir='ltr'>IPSUM</span> <span class='ocrx_word' id='word_1_399' title='bbox 828 2288 979 2319; x_wconf 84' lang='lat' dir='ltr'><strong>PAPAM</strong></span> <span class='ocrx_word' id='word_1_400' title='bbox 1003 2289 1059 2320; x_wconf 92' lang='lat' dir='ltr'><strong><em>ET</em></strong></span> <span class='ocrx_word' id='word_1_401' title='bbox 1084 2289 1328 2321; x_wconf 77' lang='lat' dir='ltr'>EPISCOPOS</span> <span class='ocrx_word' id='word_1_402' title='bbox 1352 2291 1410 2321; x_wconf 84' lang='lat' dir='ltr'><strong><em>ET</em></strong></span> <span class='ocrx_word' id='word_1_403' title='bbox 1436 2291 1716 2325; x_wconf 74' lang='lat' dir='ltr'><strong><em>CARDINALES</em></strong></span> 
     </span>
     <span class='ocr_line' id='line_1_40' title="bbox 321 2335 1472 2373; baseline 0.006 -7"><span class='ocrx_word' id='word_1_404' title='bbox 321 2335 686 2369; x_wconf 84' lang='lat' dir='ltr'><strong>FRAUDULENTER</strong></span> <span class='ocrx_word' id='word_1_405' title='bbox 711 2338 842 2370; x_wconf 84' lang='lat' dir='ltr'><strong>CEPIT</strong></span> <span class='ocrx_word' id='word_1_406' title='bbox 865 2339 922 2370; x_wconf 89' lang='lat' dir='ltr'><strong><em>ET</em></strong></span> <span class='ocrx_word' id='word_1_407' title='bbox 946 2339 992 2370; x_wconf 90' lang='lat' dir='ltr'><strong><em>IN</em></strong></span> <span class='ocrx_word' id='word_1_408' title='bbox 1017 2340 1276 2372; x_wconf 86' lang='lat' dir='ltr'><strong>CAPTIONEM</strong></span> <span class='ocrx_word' id='word_1_409' title='bbox 1301 2341 1472 2373; x_wconf 72' lang='lat' dir='ltr'><strong><em>POSUIT.</em></strong></span> 
     </span>
    </p>
   </div>
   <div class='ocr_carea' id='block_1_16' title="bbox 0 2395 1718 2440">
    <p class='ocr_par' dir='ltr' id='par_1_20' title="bbox 0 2395 1718 2440">
     <span class='ocr_line' id='line_1_41' title="bbox 0 2395 1718 2440; baseline 0.008 -16"><span class='ocrx_word' id='word_1_410' title='bbox 0 2434 1 2438; x_wconf 15' lang='grc' dir='ltr'><strong>Ἰ</strong></span> <span class='ocrx_word' id='word_1_411' title='bbox 29 2404 56 2424; x_wconf 71' lang='lat'><strong><em>40</em></strong></span> <span class='ocrx_word' id='word_1_412' title='bbox 181 2395 331 2428; x_wconf 83' lang='lat' dir='ltr'><strong><em>Vidimus</em></strong></span> <span class='ocrx_word' id='word_1_413' title='bbox 361 2396 497 2435; x_wconf 82' lang='lat' dir='ltr'><strong><em>litteras,</em></strong></span> <span class='ocrx_word' id='word_1_414' title='bbox 534 2409 614 2440; x_wconf 83' lang='lat' dir='ltr'><strong><em>quas</em></strong></span> <span class='ocrx_word' id='word_1_415' title='bbox 644 2399 684 2429; x_wconf 84' lang='lat' dir='ltr'><strong><em>ad</em></strong></span> <span class='ocrx_word' id='word_1_416' title='bbox 716 2411 774 2430; x_wconf 90' lang='lat' dir='ltr'><strong><em>nos</em></strong></span> <span class='ocrx_word' id='word_1_417' title='bbox 804 2400 985 2440; x_wconf 78' lang='lat' dir='ltr'><strong><em>dix-existis;</em></strong></span> <span class='ocrx_word' id='word_1_418' title='bbox 1024 2401 1164 2432; x_wconf 80' lang='lat' dir='ltr'><strong><em>vidimus</em></strong></span> <span class='ocrx_word' id='word_1_419' title='bbox 1199 2407 1229 2432; x_wconf 81' lang='lat' dir='ltr'><strong><em>et</em></strong></span> <span class='ocrx_word' id='word_1_420' title='bbox 1260 2403 1363 2433; x_wconf 77' lang='lat' dir='ltr'><strong><em>mirati</em></strong></span> <span class='ocrx_word' id='word_1_421' title='bbox 1397 2415 1516 2435; x_wconf 71' lang='lat' dir='ltr'><strong><em>sumus.</em></strong></span> <span class='ocrx_word' id='word_1_422' title='bbox 1563 2405 1718 2437; x_wconf 81' lang='lat' dir='ltr'><strong><em>Miramur</em></strong></span> 
     </span>
    </p>
   </div>
   <div class='ocr_carea' id='block_1_17' title="bbox 75 2447 1716 2546">
    <p class='ocr_par' dir='ltr' id='par_1_21' title="bbox 75 2447 1716 2546">
     <span class='ocr_line' id='line_1_42' title="bbox 76 2447 1716 2500; baseline 0.007 -23"><span class='ocrx_word' id='word_1_423' title='bbox 76 2447 169 2488; x_wconf 88' lang='lat' dir='ltr'><strong><em>enim,</em></strong></span> <span class='ocrx_word' id='word_1_424' title='bbox 201 2458 273 2479; x_wconf 87' lang='lat' dir='ltr'><strong><em>eum</em></strong></span> <span class='ocrx_word' id='word_1_425' title='bbox 297 2458 355 2479; x_wconf 85' lang='lat' dir='ltr'><strong><em>vos</em></strong></span> <span class='ocrx_word' id='word_1_426' title='bbox 385 2448 532 2480; x_wconf 79' lang='lat' dir='ltr'><strong><em>libertate</em></strong></span> <span class='ocrx_word' id='word_1_427' title='bbox 556 2449 705 2491; x_wconf 85' lang='lat' dir='ltr'><strong><em>pollentis</em></strong></span> <span class='ocrx_word' id='word_1_428' title='bbox 735 2452 867 2483; x_wconf 81' lang='lat' dir='ltr'><strong><em>scientie</em></strong></span> <span class='ocrx_word' id='word_1_429' title='bbox 892 2453 1030 2483; x_wconf 76' lang='lat' dir='ltr'><strong><em>munitos</em></strong></span> <span class='ocrx_word' id='word_1_430' title='bbox 1062 2464 1130 2483; x_wconf 72' lang='lat' dir='ltr'><strong><em>esse</em></strong></span> <span class='ocrx_word' id='word_1_431' title='bbox 1154 2453 1330 2492; x_wconf 76' lang='lat' dir='ltr'><strong><em>credamus,</em></strong></span> <span class='ocrx_word' id='word_1_432' title='bbox 1363 2466 1434 2485; x_wconf 85' lang='lat' dir='ltr'><strong><em>cum</em></strong></span> <span class='ocrx_word' id='word_1_433' title='bbox 1460 2461 1617 2487; x_wconf 82' lang='lat' dir='ltr'><strong><em>tantarum</em></strong></span> <span class='ocrx_word' id='word_1_434' title='bbox 1643 2469 1716 2500; x_wconf 82' lang='lat' dir='ltr'><strong><em>que-</em></strong></span> 
     </span>
     <span class='ocr_line' id='line_1_43' title="bbox 75 2499 1714 2546; baseline 0.007 -17"><span class='ocrx_word' id='word_1_435' title='bbox 75 2499 213 2530; x_wconf 81' lang='lat' dir='ltr'><strong><em>stionum</em></strong></span> <span class='ocrx_word' id='word_1_436' title='bbox 242 2499 377 2541; x_wconf 85' lang='lat' dir='ltr'><strong><em>pelagus</em></strong></span> <span class='ocrx_word' id='word_1_437' title='bbox 408 2499 621 2542; x_wconf 82' lang='lat' dir='ltr'><strong><em>procellosum</em></strong></span> <span class='ocrx_word' id='word_1_438' title='bbox 657 2508 846 2544; x_wconf 80' lang='lat' dir='ltr'><strong><em>attemptare</em></strong></span> <span class='ocrx_word' id='word_1_439' title='bbox 878 2506 1150 2546; x_wconf 80' lang='lat' dir='ltr'><strong><em>presumpseritis,</em></strong></span> <span class='ocrx_word' id='word_1_440' title='bbox 1189 2511 1223 2536; x_wconf 88' lang='lat' dir='ltr'><strong><em>ut</em></strong></span> <span class='ocrx_word' id='word_1_441' title='bbox 1252 2505 1403 2537; x_wconf 83' lang='lat' dir='ltr'><strong><em>domnum</em></strong></span> <span class='ocrx_word' id='word_1_442' title='bbox 1437 2508 1624 2540; x_wconf 79' lang='lat' dir='ltr'><strong><em>paschalem</em></strong></span> <span class='ocrx_word' id='word_1_443' title='bbox 1656 2521 1714 2540; x_wconf 79' lang='lat' dir='ltr'><strong><em>nec</em></strong></span> 
     </span>
    </p>
   </div>
   <div class='ocr_carea' id='block_1_18' title="bbox 183 2595 550 2627">
    <p class='ocr_par' dir='ltr' id='par_1_22' title="bbox 183 2595 550 2627">
     <span class='ocr_line' id='line_1_44' title="bbox 183 2595 550 2627; baseline 0.003 -7"><span class='ocrx_word' id='word_1_444' title='bbox 183 2595 212 2627; x_wconf 80' lang='lat' dir='ltr'><strong><em>a)</em></strong></span> <span class='ocrx_word' id='word_1_445' title='bbox 232 2596 275 2620; x_wconf 82' lang='lat' dir='ltr'><strong><em>vel</em></strong></span> <span class='ocrx_word' id='word_1_446' title='bbox 294 2596 354 2621; x_wconf 74' lang='lat' dir='ltr'><strong><em>Seli.</em></strong></span> <span class='ocrx_word' id='word_1_447' title='bbox 431 2597 459 2624; x_wconf 81' lang='lat' dir='ltr'><strong><em>b)</em></strong></span> <span class='ocrx_word' id='word_1_448' title='bbox 481 2597 508 2621; x_wconf 71' lang='lat' dir='ltr'><strong><em>P.</em></strong></span> <span class='ocrx_word' id='word_1_449' title='bbox 531 2606 550 2622; x_wconf 89' lang='lat' dir='ltr'><strong><em>c.</em></strong></span> 
     </span>
    </p>
   </div>
   <div class='ocr_carea' id='block_1_19' title="bbox 182 2684 1712 2728">
    <p class='ocr_par' dir='ltr' id='par_1_23' title="bbox 182 2684 1712 2728">
     <span class='ocr_line' id='line_1_45' title="bbox 182 2684 1712 2728; baseline 0.007 -19"><span class='ocrx_word' id='word_1_450' title='bbox 182 2684 209 2719; x_wconf 87' lang='lat'><strong><em>1)</em></strong></span> <span class='ocrx_word' id='word_1_451' title='bbox 234 2684 279 2717; x_wconf 84' lang='lat' dir='ltr'><strong><em>Cf.</em></strong></span> <span class='ocrx_word' id='word_1_452' title='bbox 296 2685 397 2712; x_wconf 87' lang='lat' dir='ltr'><strong><em>Schum</em></strong></span> <span class='ocrx_word' id='word_1_453' title='bbox 413 2686 432 2713; x_wconf 91' lang='lat' dir='ltr'><strong><em>l.</em></strong></span> <span class='ocrx_word' id='word_1_454' title='bbox 449 2687 467 2713; x_wconf 92' lang='lat' dir='ltr'><strong><em>l.</em></strong></span> <span class='ocrx_word' id='word_1_455' title='bbox 488 2695 520 2720; x_wconf 80' lang='lat' dir='ltr'><strong><em>p.</em></strong></span> <span class='ocrx_word' id='word_1_456' title='bbox 540 2687 586 2714; x_wconf 87' lang='lat'><strong><em>13.</em></strong></span> <span class='ocrx_word' id='word_1_457' title='bbox 655 2687 684 2721; x_wconf 81' lang='lat'><strong><em>2)</em></strong></span> <span class='ocrx_word' id='word_1_458' title='bbox 707 2687 735 2714; x_wconf 93' lang='lat' dir='ltr'><strong><em>V.</em></strong></span> <span class='ocrx_word' id='word_1_459' title='bbox 756 2689 965 2722; x_wconf 78' lang='lat' dir='ltr'><strong><em>praefationem</em></strong></span> <span class='ocrx_word' id='word_1_460' title='bbox 982 2690 1020 2715; x_wconf 84' lang='lat' dir='ltr'><strong><em>ad</em></strong></span> <span class='ocrx_word' id='word_1_461' title='bbox 1036 2690 1169 2715; x_wconf 80' lang='lat' dir='ltr'><strong><em>Libellum</em></strong></span> <span class='ocrx_word' id='word_1_462' title='bbox 1186 2694 1283 2717; x_wconf 86' lang='lat' dir='ltr'><strong><em>contra</em></strong></span> <span class='ocrx_word' id='word_1_463' title='bbox 1299 2692 1466 2720; x_wconf 80' lang='lat' dir='ltr'><strong><em>simoniacos</em></strong></span> <span class='ocrx_word' id='word_1_464' title='bbox 1488 2703 1576 2728; x_wconf 79' lang='lat' dir='ltr'><strong><em>supra.</em></strong></span> <span class='ocrx_word' id='word_1_465' title='bbox 1595 2704 1626 2728; x_wconf 86' lang='lat' dir='ltr'><strong><em>p.</em></strong></span> <span class='ocrx_word' id='word_1_466' title='bbox 1643 2695 1712 2720; x_wconf 67' lang='lat'><strong><em>2555.</em></strong></span> 
     </span>
    </p>
   </div>
   <div class='ocr_carea' id='block_1_20' title="bbox 44 2733 1710 2780">
    <p class='ocr_par' dir='ltr' id='par_1_24' title="bbox 44 2733 1710 2780">
     <span class='ocr_line' id='line_1_46' title="bbox 44 2733 1710 2780; baseline 0.007 -20"><span class='ocrx_word' id='word_1_467' title='bbox 44 2740 56 2759; x_wconf 70' lang='grc' dir='ltr'>ὅ</span> <span class='ocrx_word' id='word_1_468' title='bbox 77 2733 106 2770; x_wconf 83' lang='grc'><strong><em>3)</em></strong></span> <span class='ocrx_word' id='word_1_469' title='bbox 130 2735 250 2763; x_wconf 80' lang='lat' dir='ltr'><strong><em>‘Archiv’</em></strong></span> <span class='ocrx_word' id='word_1_470' title='bbox 274 2737 345 2769; x_wconf 84' lang='lat' dir='ltr'><em>XII,</em></span> <span class='ocrx_word' id='word_1_471' title='bbox 365 2747 397 2772; x_wconf 80' lang='lat' dir='ltr'><strong><em>p.</em></strong></span> <span class='ocrx_word' id='word_1_472' title='bbox 415 2738 493 2770; x_wconf 77' lang='lat'><strong>517,·</strong></span> <span class='ocrx_word' id='word_1_473' title='bbox 523 2738 624 2765; x_wconf 84' lang='lat' dir='ltr'><strong><em>Schum</em></strong></span> <span class='ocrx_word' id='word_1_474' title='bbox 644 2748 676 2772; x_wconf 83' lang='lat' dir='ltr'><strong><em>p.</em></strong></span> <span class='ocrx_word' id='word_1_475' title='bbox 695 2739 742 2769; x_wconf 80' lang='lat'><strong><em>38.</em></strong></span> <span class='ocrx_word' id='word_1_476' title='bbox 862 2740 892 2773; x_wconf 90' lang='grc'><strong><em>4)</em></strong></span> <span class='ocrx_word' id='word_1_477' title='bbox 915 2741 969 2766; x_wconf 82' lang='lat' dir='ltr'><strong><em>His</em></strong></span> <span class='ocrx_word' id='word_1_478' title='bbox 998 2741 1066 2766; x_wconf 82' lang='lat' dir='ltr'><strong><em>enim</em></strong></span> <span class='ocrx_word' id='word_1_479' title='bbox 1092 2742 1222 2775; x_wconf 81' lang='lat' dir='ltr'><strong><em>partibus</em></strong></span> <span class='ocrx_word' id='word_1_480' title='bbox 1248 2743 1370 2777; x_wconf 69' lang='lat' dir='ltr'><strong><em>leyendis</em></strong></span> <span class='ocrx_word' id='word_1_481' title='bbox 1393 2754 1447 2771; x_wconf 82' lang='lat' dir='ltr'><strong><em>non</em></strong></span> <span class='ocrx_word' id='word_1_482' title='bbox 1470 2748 1575 2772; x_wconf 82' lang='lat' dir='ltr'><strong><em>tantam</em></strong></span> <span class='ocrx_word' id='word_1_483' title='bbox 1600 2756 1710 2780; x_wconf 80' lang='lat' dir='ltr'><strong><em>operam</em></strong></span> 
     </span>
    </p>
   </div>
   <div class='ocr_carea' id='block_1_21' title="bbox 76 2786 1711 2877">
    <p class='ocr_par' dir='ltr' id='par_1_25' title="bbox 76 2786 1711 2877">
     <span class='ocr_line' id='line_1_47' title="bbox 76 2786 1711 2831; baseline 0.007 -19"><span class='ocrx_word' id='word_1_484' title='bbox 76 2786 208 2813; x_wconf 80' lang='lat' dir='ltr'><strong><em>dederunt</em></strong></span> <span class='ocrx_word' id='word_1_485' title='bbox 230 2790 363 2821; x_wconf 84' lang='lat' dir='ltr'><strong><em>quantam</em></strong></span> <span class='ocrx_word' id='word_1_486' title='bbox 386 2789 592 2822; x_wconf 84' lang='lat' dir='ltr'><strong><em>impendissent,</em></strong></span> <span class='ocrx_word' id='word_1_487' title='bbox 623 2790 649 2815; x_wconf 86' lang='lat' dir='ltr'><strong><em>si</em></strong></span> <span class='ocrx_word' id='word_1_488' title='bbox 671 2791 798 2824; x_wconf 82' lang='lat' dir='ltr'><strong><em>opusculi</em></strong></span> <span class='ocrx_word' id='word_1_489' title='bbox 820 2791 908 2825; x_wconf 81' lang='lat' dir='ltr'><strong><em>ipsius</em></strong></span> <span class='ocrx_word' id='word_1_490' title='bbox 931 2801 988 2818; x_wconf 84' lang='lat' dir='ltr'><strong><em>esse</em></strong></span> <span class='ocrx_word' id='word_1_491' title='bbox 1011 2792 1222 2820; x_wconf 64' lang='lat' dir='ltr'><strong><em>existimassent.</em></strong></span> <span class='ocrx_word' id='word_1_492' title='bbox 1269 2796 1329 2824; x_wconf 75' lang='lat' dir='ltr'><strong><em>Qua</em></strong></span> <span class='ocrx_word' id='word_1_493' title='bbox 1353 2797 1386 2821; x_wconf 80' lang='lat' dir='ltr'><strong><em>de</em></strong></span> <span class='ocrx_word' id='word_1_494' title='bbox 1409 2806 1495 2823; x_wconf 83' lang='lat' dir='ltr'><strong><em>causa</em></strong></span> <span class='ocrx_word' id='word_1_495' title='bbox 1518 2807 1589 2831; x_wconf 82' lang='lat' dir='ltr'><strong><em>quae</em></strong></span> <span class='ocrx_word' id='word_1_496' title='bbox 1611 2798 1711 2824; x_wconf 71' lang='lat' dir='ltr'><strong><em>Scitum</em></strong></span> 
     </span>
     <span class='ocr_line' id='line_1_48' title="bbox 76 2837 1436 2877; baseline 0.007 -14"><span class='ocrx_word' id='word_1_497' title='bbox 76 2837 169 2864; x_wconf 79' lang='lat' dir='ltr'><strong><em>elicuit</em></strong></span> <span class='ocrx_word' id='word_1_498' title='bbox 190 2838 219 2864; x_wconf 84' lang='lat' dir='ltr'><strong><em>in</em></strong></span> <span class='ocrx_word' id='word_1_499' title='bbox 242 2848 320 2865; x_wconf 81' lang='lat' dir='ltr'><strong><em>usum</em></strong></span> <span class='ocrx_word' id='word_1_500' title='bbox 342 2849 431 2866; x_wconf 84' lang='lat' dir='ltr'><strong><em>meum</em></strong></span> <span class='ocrx_word' id='word_1_501' title='bbox 453 2841 533 2868; x_wconf 84' lang='lat' dir='ltr'><strong><em>verti.</em></strong></span> <span class='ocrx_word' id='word_1_502' title='bbox 624 2842 653 2876; x_wconf 83' lang='lat'><strong><em>5)</em></strong></span> <span class='ocrx_word' id='word_1_503' title='bbox 675 2842 762 2874; x_wconf 82' lang='lat' dir='ltr'><strong><em>Jaffe&#39;,</em></strong></span> <span class='ocrx_word' id='word_1_504' title='bbox 788 2843 907 2876; x_wconf 74' lang='lat' dir='ltr'><strong><em>Reqesta</em></strong></span> <span class='ocrx_word' id='word_1_505' title='bbox 926 2847 1006 2877; x_wconf 85' lang='lat' dir='ltr'><strong><em>pont.</em></strong></span> <span class='ocrx_word' id='word_1_506' title='bbox 1032 2844 1150 2871; x_wconf 68' lang='lat' dir='ltr'><strong><em>[ioman.</em></strong></span> <span class='ocrx_word' id='word_1_507' title='bbox 1174 2855 1217 2873; x_wconf 81' lang='lat' dir='ltr'><strong><em>nr.</em></strong></span> <span class='ocrx_word' id='word_1_508' title='bbox 1235 2846 1325 2875; x_wconf 80' lang='lat'><strong><em>6313.</em></strong></span> <span class='ocrx_word' id='word_1_509' title='bbox 1344 2848 1436 2874; x_wconf 72' lang='lat'><strong><em>6327.</em></strong></span> 
     </span>
    </p>
   </div>
   <div class='ocr_carea' id='block_1_22' title="bbox 1431 2903 1480 2927">
    <p class='ocr_par' dir='ltr' id='par_1_26' title="bbox 1431 2903 1480 2927">
     <span class='ocr_line' id='line_1_49' title="bbox 1431 2903 1480 2927; baseline 0 -1"><span class='ocrx_word' id='word_1_510' title='bbox 1431 2903 1480 2927; x_wconf 72' lang='lat'><strong><em>83*</em></strong></span> 
     </span>
    </p>
   </div>
  </div>
 </body>
</html>
