2132 3067
47 710 74 728 1⁰

49 966 76 985 15

51 1223 78 1242 2⁰

534 143 572 171 II.
614 143 664 169 DE
687 143 945 170 DAMNATIONE
970 143 1288 172 SCISMATICORUM.
1695 142 1735 171 ὑὲ]

91 234 157 265 lato
180 244 239 264 suo
263 231 459 273 dependant.
495 230 625 272 Quippe
647 237 678 261 et
700 231 761 272 ipsi
786 242 857 261 eum
882 232 977 262 etiam
1003 243 1039 261 eo
1064 239 1215 272 tempore,
1240 243 1310 262 cum
1337 234 1566 273 conspirarent,
1591 244 1648 274 pro
1673 233 1736 274 epi-

93 295 191 326 scopo
215 282 398 314 habendum
422 282 520 312 fuisse
545 282 639 313 modo
663 281 894 320 demonstrant,
920 284 972 313 cui
996 294 1053 324 pro
1078 283 1187 313 eadcm
1214 284 1450 324 conspiratione
1483 283 1523 314 ad
1548 284 1735 314 satisfactio-

91 347 164 367 nem
196 336 308 366 venire
337 345 401 364 non
431 338 567 365 cessant.
612 332 746 374 Nempe,
778 334 802 363 si
835 333 951 364 nullius
981 335 1235 375 conspiracionis
1267 345 1355 364 reatu
1389 334 1519 365 obnoxii
1544 340 1734 374 tenerentur,

93 388 162 418 sine
185 385 335 427 exemplo
358 391 467 416 tamen
490 386 558 416 iure
574 384 812 423 damnarentur,
839 385 893 426 qni
917 386 984 415 sine
1002 385 1149 425 exemplo
1175 387 1406 415 contumaciam
1433 397 1522 416 suam
1547 387 1577 416 in
1595 387 1738 416 Romana

93 438 216 480 synodo
239 436 406 479 publicare
429 443 460 468 et
482 437 615 477 insuper
639 435 775 465 eandem
800 435 959 476 synodum
985 436 1165 467 disturbare
1190 445 1464 477 presumpserunt.
1518 438 1680 467 Incassum
1706 450 1738 468 se

93 490 214 531 absque
244 489 401 530 synodica
430 488 603 519 vocacione
635 487 847 528 dampnatos*
880 494 1128 528 conqueruntur,
1159 499 1229 518 cum
1263 494 1314 518 ct³
1346 487 1405 518 lioc
1434 489 1465 518 in
1490 488 1739 529 provincialibus

93 541 228 583 synodis
252 551 310 582 pro
335 540 490 570 canonico
515 538 728 577 custodiatur,
752 543 786 568 ut
810 537 984 569 cuiuslibet
1007 539 1208 569 contumacia
1242 539 1272 568 in
1304 539 1426 579 synodo
1457 540 1618 580 publicata
1642 539 1740 569 nnlla-

93 599 187 624 tenus
211 598 305 622 exeat
327 592 485 632 inpunita,
515 589 591 621 licet
621 589 662 620 ad
686 590 787 630 ipsam
813 589 972 630 synodum
998 589 1300 620 deauctorizandam
1329 591 1373 620 ibi
1398 598 1578 632 perpetrata
1602 602 1662 621 non
1688 591 1738 621 de-

93 648 234 686 tegatur.

201 695 351 725 Preterea
370 693 535 724 Romanae
559 692 644 722 sedis
668 692 838 733 episcopus
862 692 952 723 iuxta
977 692 1178 734 privilegium
1204 703 1307 729 suum,
1332 700 1365 723 ut
1390 693 1450 723 iam
1475 692 1704 733 prelibavimus
1714 693 1736 731 ¹³,
1759 702 1805 724 (ιθ)

94 746 217 788 absque
248 746 334 777 omni
364 744 488 786 synodo
516 743 692 785 dampnare
717 749 822 784 potest
853 743 903 774 vel
933 744 1161 774 reconciliarec
1192 743 1352 785 quoslibet
1377 743 1598 784 dampnandos
1622 744 1670 773 vcl
1694 755 1739 773 rc-

95 797 326 830 conciliandos.
373 796 428 828 Sic
451 796 535 826 enim
559 801 689 825 sanctus
711 794 910 835 Gregorius¹
937 795 977 825 ad
1004 795 1185 825 Ianuarium
1212 794 1429 825 Caralitanum
1454 795 1641 836 episcopum
1667 796 1740 824 scri-

95 849 176 881 bens
207 848 406 880 consiliarios
437 846 580 878 eiusdem
611 847 758 888 episcopi
783 845 870 876 nulla
893 846 1049 888 synodica
1072 846 1246 875 vocacione
1270 853 1439 887 preventos
1464 857 1564 887 usquc
1589 846 1627 875 ad
1654 847 1741 876 satis<

95 901 292 933 factionemd
315 899 540 930 communione
564 899 716 940 privavit,
746 909 804 939 per
827 909 962 939 quorum
989 897 1155 928 consilium
1180 897 1264 928 idem
1292 898 1463 938 episcopus
1488 896 1668 926 dominico⁰
1693 897 1743 927 die

96 964 231 985 messem
255 950 458 994 quorundam
481 950 604 981 furiosa
628 956 732 981 mente
756 950 914 981 exaravit.
953 949 1189 981 Nichilominus
1214 955 1245 980 et
1269 950 1366 979 nostri
1390 949 1543 990 temporis
1563 948 1740 987 Gregorius

95 1005 137 1035 ad
159 1004 278 1035 nullam
308 1002 467 1045 synodum
492 1008 635 1040 vocatos,
666 1006 807 1032 attamen
833 1002 1030 1042 presentario
1059 1001 1213 1031 criminef
1242 1000 1399 1041 obligatos
1423 1000 1598 1041 dampnare
1623 1000 1741 1040 potuit:

97 1068 155 1099 per
176 1066 313 1098 quorum
344 1053 512 1085 consilium
539 1053 713 1083 Heinricus
743 1063 800 1083 rex
830 1063 965 1083 messem
998 1063 1059 1083 non
1084 1058 1255 1092 terrenam,
1287 1052 1340 1082 sed
1368 1051 1637 1082 aecclesiasticam
1661 1062 1745 1080 nova

98 1107 344 1150 presumpcione
368 1107 497 1148 penitus
521 1105 690 1136 devastare
715 1104 895 1145 temptavit.
1400 1133 1404 1137 ,

203 1158 285 1190 Item
309 1164 441 1189 sanctus
464 1156 663 1198 Gregorius²
687 1156 864 1186 Iohannem
890 1156 1013 1197 primae
1038 1155 1235 1186 Iustinianae
1266 1155 1453 1196 episcopum
1482 1153 1567 1184 nulla
1591 1153 1743 1194 synodica
1777 1163 1809 1186 ιτ)

99 1211 291 1242 vocatione&
314 1214 504 1251 preventum
529 1208 835 1245 excommunicavit,
865 1218 903 1237 eo
928 1205 1012 1248 quod
1043 1206 1093 1237 ille
1117 1207 1234 1237 iniuste
1258 1207 1435 1237 Adrianum
1461 1204 1633 1236 Thebanae
1657 1205 1744 1234 urbis

99 1263 286 1304 episcopum
318 1261 480 1303 deponere
510 1259 751 1302 presumpserit.
798 1258 852 1289 Sic
881 1259 991 1299 utique
1021 1266 1050 1288 et
1078 1263 1186 1288 noster
1209 1258 1405 1299 apostolicus
1428 1258 1596 1298 episcopos
1621 1255 1743 1286 indubi-

99 1319 184 1345 tatae
215 1313 438 1344 contumaciae
470 1323 532 1342 non
562 1317 692 1342 vocatos
723 1310 1007 1341 excommunicare
1032 1310 1144 1351 potuit,
1170 1310 1222 1351 qui
1247 1321 1309 1339 non
1334 1320 1431 1339 unum
1457 1307 1656 1338 solummodo
1681 1307 1743 1348 epi-

99 1375 245 1407 scopum,
274 1364 330 1395 sed
358 1369 457 1395 totam
481 1363 661 1394 Romanam
685 1362 844 1404 synodum
879 1361 1116 1392 deauctorizare
1139 1366 1387 1402 temptaverunt.
1432 1359 1516 1390 Illud
1541 1370 1615 1389 sane
1638 1370 1742 1389 exem-

76 1416 188 1458 -plum
211 1415 256 1446 illi
278 1415 378 1446 nostri
402 1416 637 1457 conspiratores
661 1425 770 1445 secum
795 1425 891 1455 agere
916 1418 1122 1454 putaverunt,
1154 1413 1245 1443 iuxta
1269 1413 1360 1442 cuius
1385 1411 1522 1442 edictum
1553 1422 1585 1441 se
1610 1411 1745 1440 rationa-

53 1481 80 1500 25

55 1739 82 1759 30

57 1998 85 2018 85

57 2256 86 2276 4⁰

61 2555 90 2575 45

100 1467 207 1500 biliter
241 1467 539 1499 excommunicatos
573 1477 643 1497 esse
677 1477 741 1496 non
773 1465 978 1504 dubitabunt,
1013 1465 1038 1495 si
1075 1475 1237 1495 sacrorum
1269 1474 1427 1494 canonum
1458 1462 1593 1493 lectores
1624 1462 1744 1502 pocius,

100 1530 196 1562 quam
220 1529 427 1561 perversores
450 1529 520 1550 esse
542 1517 734 1549 voluerinth.

207 1571 341 1601 Frustra
363 1581 491 1612 quoque
514 1569 716 1612 proclamant
746 1580 855 1600 secum
885 1568 1045 1610 agendum
1076 1567 1145 1597 foro
1169 1577 1206 1597 eo
1231 1566 1395 1596 iudicandi
1420 1565 1540 1603 ordine,
1572 1563 1626 1594 ubi
1649 1565 1746 1594 mani-
1766 1574 1812 1594 1μ’)

102 1622 218 1654 festum
241 1621 361 1653 factum
387 1623 506 1652 crimen
530 1633 600 1653 esse
623 1620 800 1652 dubitatur.
840 1620 931 1658 Nam,
955 1626 990 1650 ut
1012 1619 1106 1649 nobis
1123 1618 1259 1649 videtur.
1283 1618 1322 1648 de
1346 1617 1430 1648 nullo
1454 1617 1547 1654 facto,
1571 1627 1609 1646 an
1627 1616 1745 1646 crimen

103 1674 160 1714 sit,
183 1678 232 1704 est
261 1673 493 1714 dubitandum,
524 1673 610 1715 quod
635 1672 782 1711 diffinitis
813 1677 996 1703 sanctorum
1028 1677 1156 1712 patrum
1186 1670 1354 1700 sententiis
1374 1668 1574 1710 ‘generaliter
1603 1678 1660 1708 pro
1691 1667 1747 1697 cri-

103 1725 189 1756 mine
221 1725 430 1767 dampnatum
461 1724 693 1756 manifestatur.
739 1724 773 1755 Si
802 1724 885 1754 enim
917 1734 955 1753 ea
986 1733 1067 1764 quae
1098 1721 1141 1752 illi
1173 1721 1364 1762 generaliter
1393 1725 1424 1750 et
1453 1718 1650 1760 synodaliter
1678 1729 1748 1759 pro-

104 1776 254 1816 hibuere,
287 1787 328 1807 an
359 1776 473 1818 culpae
506 1777 589 1817 sint,
623 1776 898 1815 dubitaverimus,
933 1773 1160 1804 nichilominus
1195 1773 1234 1804 de
1269 1783 1378 1803 eorum
1413 1771 1555 1809 statutis,
1591 1782 1630 1800 an
1665 1771 1747 1800 iusta

104 1829 178 1867 sint,
207 1827 356 1859 dubitare
389 1828 584 1859 videbimur.
629 1828 724 1867 Quod
759 1827 872 1858 beatus
906 1825 995 1857 Leo-⁴¹
1027 1835 1113 1867 papa
1142 1824 1241 1856 Leoni
1273 1830 1410 1863 augusto
1445 1822 1587 1853 scribens
1621 1822 1747 1862 penitus

105 1880 279 1923 prohibuit.
328 1879 420 1916 Quae
454 1880 640 1921 patefactai
678 1884 770 1917 sunt,
802 1878 916 1920 inquit,
951 1877 1117 1919 quererek,
1157 1888 1240 1918 quae
1270 1874 1418 1916 peyfecta
1449 1879 1524 1903 sunt
1562 1878 1748 1904 retractare,

105 1943 189 1974 quae
211 1937 288 1963 sunt
310 1930 461 1973 diffinita
483 1931 678 1963 convellere:
708 1931 788 1974 quid
813 1930 908 1961 aliud
931 1934 984 1969 est,
1011 1939 1109 1969 quam
1134 1928 1189 1958 ἀεὶ
1221 1927 1349 1967 adeptis
1372 1927 1513 1966 ssi-ariam
1540 1936 1603 1954 uon
1630 1924 1748 1963 referre

105 1988 134 2014 et
162 1983 208 2014 ad
231 1983 421 2014 interdictae
445 1983 572 2014 arboris
596 1983 732 2013 cibnmm
762 1981 922 2023 improbos
946 1981 1113 2021 appetitus
1136 1978 1322 2019 ⁷7207·t{fe7·ae
1345 1977 1536 2017 cupiditatis
1560 1974 1748 2005 attendere?

105 2035 195 2066 Idem
224 2035 256 2066 in
286 2033 530 2076 sequentibus‘:
560 2034 610 2065 De
633 2035 738 2074 rebus,
766 2033 880 2075 inquit,
912 2031 1027 2073 apudn
1051 2030 1183 2061 Niceam
1215 2035 1242 2060 et
1271 2029 1385 2070 apusl⁰
1412 2027 1637 2065 Calcedonam,
1666 2027 1748 2056 sicut

106 2087 177 2118 Deo
202 2086 341 2128 placuit,
370 2085 528 2128 diffinitis
556 2085 683 2117 'nullum
714 2085 871 2116 audemus
899 2084 985 2114 finire
1016 2087 1201 2120 tractatum,
1228 2086 1393 2121 tamquam
1417 2078 1518 2109 dubia
1545 2077 1590 2108 rel
1615 2077 1748 2116 infirma

106 2139 183 2178 sint,
206 2149 289 2179 quae
304 2142 399 2168 tanta
418 2149 480 2179 per
497 2137 660 2179 Spiritum
677 2141 825 2167 sanctum
841 2136 921 2176 fixit
939 2135 1130 2165 auctoritas.
1166 2132 1252 2163 Idem
1271 2132 1308 2161 ad
1328 2131 1521 2161 Martianum
1539 2133 1708 2169 augustum
1721 2133 1748 2157 ⁵:

106 2189 146 2221 Si
168 2189 250 2231 quid
272 2200 420 2232 usquam,
441 2188 566 2231 inquid,
597 2188 701 2227 aliter,
733 2199 829 2230 quam
853 2187 961 2218 sancti
980 2190 1093 2226 patres
1115 2189 1266 2222 statuere,
1290 2183 1500 2224 presumitur,
1523 2181 1594 2211 sine
1616 2183 1746 2210 cuncta-

104 2242 197 2273 cione
219 2240 416 2272 cassabitur.

210 2292 300 2334 Ergo
323 2292 367 2323 illi
391 2292 491 2323 nostri
515 2291 750 2332 conspiratores
774 2289 977 2320 manifestum
1002 2288 1121 2318 factum
1146 2297 1249 2325 suum,
1273 2296 1312 2316 an
1329 2286 1448 2315 crimen
1473 2288 1564 2322 esset,
1589 2282 1746 2312 incassum

106 2343 225 2375 discuti
237 2343 417 2383 voluerunt,
432 2343 517 2386 quod
531 2348 563 2374 et
576 2343 639 2384 ipsi
656 2353 675 2373 a
689 2342 834 2373 diffinitis
848 2345 1030 2371 sanctorum
1049 2345 1174 2380 patrum
1191 2338 1356 2368 sententiis
1377 2347 1433 2377 pro
1449 2335 1580 2365 crimine
1597 2333 1748 2373 dampna-

107 2400 175 2426 tum
191 2395 411 2427 indubitanter
423 2400 594 2426 noverunt.
623 2393 718 2426 Unde
734 2405 808 2433 non,
823 2398 857 2424 ut
873 2391 980 2423 dubiis
996 2389 1184 2421 criminibus
1201 2388 1344 2429 obligati,
1360 2398 1417 2428 pcr
1433 2386 1579 2417 inducias
1595 2389 1684 2415 erant
1696 2394 1748 2413 ex-

219 2500 247 2532 a.)
267 2509 401 2532 suprascr.
422 2501 447 2524 3.
523 2499 552 2530 b)
573 2500 742 2532 probavimus
762 2499 787 2523 3,
873 2498 899 2523 ε)
920 2496 1085 2521 reconciliari
1108 2496 1131 2519 2.
1215 2494 1243 2518 d]
1264 2492 1461 2516 satisfacionem
1483 2490 1507 2513 2.
1591 2488 1616 2512 o]
1638 2488 1747 2512 domini-

108 2555 198 2572 corum
219 2547 244 2571 2.
265 2547 290 2570 3.
311 2546 342 2571 G.
408 2547 429 2576 f)
449 2547 477 2570 in
497 2546 600 2578 synodo
621 2545 685 2570 add.
705 2545 731 2569 3.
788 2545 815 2576 g)
839 2543 898 2568 ead.
919 2550 1003 2566 mann
1024 2541 1049 2565 in
1071 2549 1153 2572 marq,
1174 2539 1237 2563 add.
1259 2539 1283 2562 2.
1341 2538 1367 2565 h)
1391 2537 1523 2560 noluerint
1543 2536 1574 2559 G.
1632 2534 1653 2561 i)
1674 2537 1745 2564 patc-

108 2592 179 2618 facte
200 2593 224 2617 2.
299 2593 328 2623 k)
349 2600 458 2625 querere
476 2593 501 2617 2.
576 2592 598 2622 1)
617 2591 687 2616 deest
709 2592 733 2615 2.
810 2590 848 2614 ιη’)
869 2589 963 2621 cybum
985 2589 1009 2612 2.
1085 2586 1114 2612 n]
1136 2590 1161 2609 et
1181 2593 1224 2617 ap.
1246 2584 1278 2609 G.
1355 2586 1383 2607 ο)
1404 2583 1474 2606 deest
1495 2582 1519 2605 3.

218 2700 246 2734 l)
269 2699 333 2726 Lib.
356 2699 410 2731 IX,
435 2708 478 2733 ep.
497 2699 522 2731 1,
549 2697 622 2732 opp.
644 2697 686 2731 II,
716 2697 767 2725 col.
793 2696 872 2729 926;
901 2694 980 2727 Jaffe'
1001 2703 1046 2720 ur.
1066 2693 1155 2719 1525.
1249 2691 1278 2725 2)
1302 2691 1364 2715 Lib.
1390 2689 1447 2720 III,
1471 2697 1512 2722 ep.
1532 2687 1558 2719 7,
1583 2686 1625 2712 ed.
1650 2684 1750 2710 Ewald

111 2751 136 2784 I,
154 2760 186 2785 p.
207 2751 281 2785 165,-
302 2751 382 2784 Jaffe'
403 2759 447 2778 nr.
466 2750 556 2776 1211.
645 2749 674 2783 3)
699 2748 789 2782 Epist.
816 2747 884 2779 162,
916 2755 939 2772 ο.
967 2746 992 2778 l,
1022 2745 1065 2771 ed.
1089 2743 1196 2769 Bauer.
1221 2746 1239 2769 l.
1265 2742 1286 2774 I,
1319 2739 1484 2770 col.1339,·
1512 2737 1590 2769 Jaffe'
1612 2745 1654 2762 ur.
1679 2736 1747 2762 539.

112 2800 143 2837 4)
166 2802 240 2829 Ibid.
264 2811 287 2829 c.
305 2803 332 2835 3,
357 2803 408 2832 col,
428 2801 518 2829 1341.
606 2800 636 2834 5)
658 2799 774 2827 Similia
796 2799 926 2832 loquutur
947 2796 977 2822 in
1001 2805 1043 2830 ep.
1060 2795 1110 2821 82.
1134 2795 1172 2820 ad
1194 2792 1339 2819 Marcum.
1363 2792 1429 2824 imp.
1454 2790 1503 2815 col.
1524 2787 1612 2814 1044.
