2132 3067
212 401 239 416 etr
249 397 319 419 1³:52,
329 397 360 415 lT.

235 430 256 445 ut
267 427 302 449 b'a‘,
315 428 346 445 12¹.

221 2016 365 2038 Lux-.Pl1,1,1.

222 2326 279 2342 0⁵:¹1-

280 986 360 1006 ‘»‚-10:.

383 164 445 195 214
810 162 861 188 DE
884 160 1055 188 UNITATE
1079 159 1288 187 ECCLESIAE
1310 158 1606 186 CONSERVANDA.

382 256 461 286 stolo
487 254 577 284 nobis
603 258 732 293 optatur
755 257 786 282 et
809 261 828 281 a
850 250 922 281 Deo
946 249 1155 291 promittitur,
1183 248 1224 279 ab
1248 253 1378 279 auctore
1402 248 1587 289 propositae
1610 247 1766 289 epistolae
1789 246 1883 277 nobis
1907 245 2031 277 subtra-

383 306 475 337 hitur.
500 305 603 345 gratia
627 303 758 343 scilicet,
783 313 846 344 qua
870 301 963 331 nobis
986 306 1120 341 peccata
1142 299 1312 339 donentur,
1336 310 1412 340 pax,
1436 309 1499 341 qua
1523 298 1595 330 Deo
1618 297 1890 331 reconeiliemura,
1935 297 2029 329 Unde

381 366 411 388 et
436 358 504 397 ipse
529 356 615 385 venit
639 356 761 395 absque
785 353 932 383 doctrina
956 351 1087 389 Christi,
1116 351 1170 393 qui
1199 351 1358 392 praecipit
1387 361 1498 392 pacem
1528 350 1633 391 primo
1657 349 1859 380 auditoribus
1884 349 2030 391 proponi,

383 408 543 449 qnoniam,
567 407 647 436 sicut
673 417 729 447 per
753 404 907 435 Hesaiain
933 402 1122 444 prophetam
1147 402 1276 443 dicitur,
1301 413 1383 443 opus
1406 402 1547 433 iustitiae
1571 407 1619 433 est
1641 412 1707 443 pax
1733 407 1765 432 et
1787 402 1909 432 fruetus
1931 401 2031 432 labio-

381 470 449 489 rum
475 459 536 489 Dei
560 468 625 499 pax
649 463 679 488 et
703 455 864 487 hereditas
895 453 1050 485 ecclcsiae
1079 458 1127 484 est
1154 464 1228 495 paiz.
1282 453 1346 484 Sed
1371 458 1483 483 contra
1507 452 1672 484 Christum
1696 459 1727 484 et
1750 453 1919 484 ecclesiam
1943 452 2031 491 facit,

381 511 527 552 quisquis
551 514 660 539 contra
685 518 798 549 pacem
822 507 909 545 facit,
933 505 973 536 de
997 516 1131 547 quorum
1156 516 1290 535 numero
1306 516 1376 535 esse
1393 504 1582 545 ostenditur,
1606 505 1670 546 qui,
1694 510 1804 546 utpote
1826 504 1876 535 fur
1897 508 1928 535 et
1951 503 2032 535 latro

380 561 508 592 aliunde
533 561 654 590 intrans
677 559 717 590 ad
741 558 906 589 doctrinae
930 556 1083 597 studium,
1108 567 1202 598 quam
1224 567 1282 598 per
1299 556 1473 595 Christum,
1498 557 1553 598 qui
1577 562 1625 587 est
1648 556 1776 594 ostium,
1800 565 1864 598 quo
1887 555 1926 586 ad
1950 554 2032 586 salu-

381 620 442 644 tem
475 614 619 644 intratur,
648 616 745 651 negat
775 611 807 640 in
836 610 908 650 ipso
936 607 1046 638 limine
1069 609 1248 649 scripturae
1271 618 1360 646 suae,
1391 607 1477 649 quod
1501 607 1578 638 velit
1601 608 1668 638 suis
1691 606 1894 638 auditoribus
1917 606 2033 638 saluta·

381 666 509 699 tionem,
535 674 616 705 quae
641 664 731 693 iuxta
754 661 973 692 testimonium
998 659 1083 690 beati
1100 660 1296 701 Augustini¹
1314 669 1333 689 a
1350 659 1452 690 salute
1469 659 1594 698 dicitur,
1618 659 1826 698 annuntiare3
1850 659 1904 700 qui
1927 657 2032 690 adhue

380 716 612 747 contentiosius
635 725 732 755 agere
755 712 921 755 probatur,
946 711 1074 752 quando
1098 711 1137 742 ad
1162 710 1398 741 confirmandas
1421 711 1676 742 scismaticorum
1694 711 1816 752 pariter
1831 716 1928 752 atque
1945 709 2032 742 here-

380 769 514 798 ticorum
540 772 646 808 partes
670 765 855 795 testimonia
878 774 988 794 sacrae
1013 763 1190 804 scripturae
1214 762 1288 793 hinc
1312 762 1386 794 inde
1409 762 1628 793 contrahendo
1649 762 1781 800 furatur,
1805 767 1839 792 ut
1855 762 1887 792 in
1904 761 2030 792 insidiis

381 826 411 850 et
434 819 525 861 quasi
551 829 607 860 per
631 816 799 847 latrocinia
823 815 981 858 quaedam
1008 815 1127 845 incauti
1153 813 1365 856 decipiantur.
1412 814 1604 856 Greyorius,
1628 814 1742 855 inquit,
1766 813 1980 845 Innocentius
2003 818 2032 844 et

381 882 533 912 sequaces
564 880 674 900 eorum
706 879 814 900 omnes
835 868 974 909 fortiter
1006 867 1192 908 improbant
1224 866 1386 907 quodlibet
1416 866 1620 897 sacerdotale
1651 865 1795 907 officium
1826 864 1866 896 ab
1896 865 2031 896 ecclesia

381 927 619 964 separatorum.

487 974 514 1004 3.
563 972 655 1010 Ecce,
680 970 842 1013 quomodo
866 969 918 1001 ille
944 970 1090 1000 minister
1113 968 1244 1007 diaboli,
1269 979 1345 999 ecce
1366 968 1528 1010 quomodo
1552 968 1680 1008 insanit,
1704 967 1880 1010 'quomodo
1903 977 1961 998 nos
1986 977 2032 998 se-

382 1036 453 1056 eum
479 1026 510 1055 in
535 1024 659 1054 foveam
685 1021 874 1064 perditionis
899 1022 1024 1052 mittere
1049 1021 1184 1063 quaerit,
1209 1021 1263 1062 qui
1288 1021 1373 1062 apud
1398 1020 1481 1051 XIII
1504 1025 1627 1051 tantum
1651 1026 1705 1051 aut
1722 1018 1819 1061 paulo
1837 1019 1944 1061 plures
1967 1019 2031 1060 epi-

382 1087 496 1117 scopos
516 1074 729 1105 Ilildebrandi
754 1084 858 1115 papae
881 1073 993 1104 scribit
1014 1079 1125 1103 sancta
1140 1072 1202 1104 Dei
1227 1083 1298 1103 esse
1314 1071 1505 1112 sacerdotia,
1529 1077 1728 1102 caeterorum
1745 1076 1863 1110 autem,
1887 1071 2034 1113 quisunt

383 1139 440 1169 per
463 1127 571 1158 orbem
596 1132 764 1165 terrarum,
789 1125 971 1156 sacerdotia
993 1124 1034 1155 ab
1059 1123 1195 1155 ecclesia
1213 1124 1273 1155 Dei
1291 1135 1360 1155 esse
1377 1130 1535 1165 separata,
1559 1134 1631 1153 cum
1649 1127 1736 1153 certe
1751 1133 1814 1153 non
1832 1121 1935 1153 solum
1953 1122 2033 1153 Gre-

383 1180 463 1219 gorii
488 1184 585 1220 atquc
611 1178 791 1208 Innocentii
816 1176 1046 1216 testimonium,
1071 1175 1126 1206 sed
1152 1176 1293 1206 omnium
1319 1182 1502 1206 sanctorum
1527 1180 1654 1217 patrum
1679 1173 1833 1205 iudicium
1858 1173 2034 1205 concordat

383 1242 455 1261 culn
480 1230 638 1261 sententia
661 1229 744 1260 beati
771 1228 926 1270 Cypriani
951 1228 1106 1269 episcopi,
1138 1238 1202 1268 qua
1225 1232 1361 1258 testatur
1383 1227 1415 1257 in
1439 1226 1522 1257 libro
1545 1226 1584 1258 de
1608 1226 1732 1257 unitate
1755 1225 1922 1265 ecclesiae,
1946 1225 2033 1268 quod

383 1282 504 1313 alienus
528 1283 579 1322 sit,
604 1281 756 1323 profanus
781 1281 830 1319 sit,
856 1280 954 1310 hostis
978 1280 1028 1319 sit,
1053 1278 1138 1320 quod
1155 1279 1261 1310 Deum
1279 1285 1402 1321 patrem
1421 1278 1540 1309 habere
1556 1289 1618 1309 non
1637 1278 1763 1319 poterit,
1787 1278 1840 1320 qui
1863 1288 1926 1308 non
1948 1282 2035 1308 tenet

385 1335 536 1365 unitatem
560 1333 725 1371 ecclesiae,
749 1343 846 1374 quam
871 1337 1106 1373 consequenter
1129 1330 1225 1361 etiam
1251 1329 1405 1362 describit
1423 1340 1519 1361 unum
1537 1329 1752 1361 sacerdotium
1772 1329 1900 1361 habere.
1944 1328 2033 1360 Nam

385 1392 418 1417 ut
441 1387 610 1424 unitatem,
634 1385 739 1426 inquit
749 1389 770 1423 ²,
795 1383 1022 1424 manifestaret
1047 1383 1221 1421 Dominus,
1245 1383 1384 1413 unitatis
1401 1383 1471 1413 eius
1487 1383 1648 1424 oriqinevn
1672 1381 1712 1412 ab
1736 1393 1802 1412 uno
1825 1381 2033 1423 incipientem

384 1450 446 1468 sua
471 1438 664 1468 auctoritate
688 1436 864 1477 disposuit,
887 1440 914 1466 et
933 1436 1013 1476 quia
1030 1438 1125 1464 erant
1142 1435 1253 1475 utique
1275 1439 1303 1464 et
1326 1435 1443 1465 caeteri
1463 1433 1602 1475 apostoli
1618 1434 1703 1475 quod
1715 1433 1790 1474 fuit
1805 1432 1932 1473 Petrus,
1951 1433 2035 1474 pari

384 1490 544 1520 consortio
566 1489 712 1530 praediti
734 1493 761 1518 et
786 1488 920 1518 lionoris
944 1491 971 1517 et
990 1487 1171 1527 potestatis,
1196 1485 1366 1516 exordium
1383 1485 1422 1516 ab
1440 1486 1565 1516 unitate
1582 1485 1819 1526 proficiscitur,
1843 1489 1878 1515 ut
1899 1483 2035 1515 ecclesia

385 1553 452 1572 una
485 1545 689 1580 monstretur,
720 1551 815 1580 quam
848 1539 968 1569 scilicet
1000 1539 1156 1568 unitatem
1186 1542 1291 1568 tenere
1311 1537 1456 1577 firmiter
1478 1542 1505 1568 et
1528 1537 1700 1568 vindicare
1723 1537 1870 1568 debemus
1892 1536 2035 1567 maxime

385 1604 454 1632 nos,
478 1592 591 1633 inquit,
615 1592 772 1632 episcopi,
797 1592 854 1632 qui
877 1591 912 1620 in
937 1589 1070 1620 ecclesia
1090 1589 1330 1629 praesidemus,
1359 1593 1393 1619 ut
1418 1590 1639 1630 episcopatum
1663 1599 1789 1630 quoque
1812 1599 1915 1618 unum
1939 1592 2035 1628 atque

385 1644 563 1675 indivisum
586 1643 767 1684 probemus.
807 1641 871 1673 Sed
897 1641 1091 1672 Hildebrant
1114 1652 1198 1682 papa
1223 1641 1269 1671 sic
1292 1640 1402 1671 divisit
1424 1640 1520 1671 etiam
1544 1640 1736 1680 sacerdotia,
1760 1637 2034 1681 quemadmodum

384 1694 552 1726 ecclesiam
578 1695 637 1725 l)ei
662 1700 759 1736 atque
783 1705 849 1724 rem
874 1692 1038 1734 publicani
1064 1693 1201 1734 imperii,
1225 1692 1375 1734 quoniam
1401 1696 1507 1734 partes
1531 1691 1606 1723 inde
1629 1691 1816 1733 segregavit
1837 1689 1910 1721 sibi.
1948 1689 2036 1721 Inter

386 1747 488 1787 ipsum
508 1757 646 1788 namque
669 1752 699 1777 et
723 1747 806 1777 inter
823 1756 930 1786 regem
950 1744 1149 1775 Henrichuni
1167 1755 1284 1785 graves
1303 1750 1391 1774 ortae
1408 1749 1482 1774 sunt
1498 1749 1595 1785 atque
1612 1742 1828 1774 inexorabiles
1844 1741 2035 1778 discordiae,

386 1809 469 1840 papa
493 1797 662 1839 plurimun]
687 1798 862 1838 annitente,
885 1803 919 1827 ut
944 1808 1000 1827 rex
1025 1796 1240 1838 deponeretur
1263 1807 1281 1826 a
1303 1796 1392 1836 regia
1410 1800 1569 1837 potestate
1585 1795 1706 1836 pariter
1721 1801 1753 1825 et
1769 1794 1937 1836 dignitate,
1959 1803 2036 1834 rege

387 1861 461 1880 vero
485 1856 595 1880 contra
618 1850 748 1887 nitente,
772 1856 807 1879 ut
830 1848 1015 1879 defenderet
1038 1859 1071 1878 se
1095 1847 1136 1879 ab
1161 1848 1299 1878 hostium
1325 1858 1455 1878 suorum
1478 1847 1760 1887 circumventione,
1785 1846 1839 1888 qui
1862 1855 1921 1887 pro
1944 1849 2036 1887 parte

385 1901 529 1933 eiusdem
562 1912 664 1943 papae
695 1906 854 1932 certantes
884 1899 1085 1942 quaerebant
1115 1911 1187 1930 cum
1221 1900 1412 1941 opprimere.
1470 1898 1597 1929 Exinde
1628 1898 1732 1929 divisa
1761 1903 1810 1929 est
1839 1896 1977 1928 ecclesia
2004 1901 2038 1927 et

386 1954 491 1984 divisa
513 1959 587 1983 sunt
603 1952 759 1984 ecclesiae
775 1952 966 1990 sacerdotia,
989 1957 1085 1993 atque
1102 1951 1209 1981 onmia
1225 1950 1452 1982 scandalorum
1469 1956 1539 1982 orta
1555 1956 1629 1981 sunt
1645 1960 1778 1991 genera3
1802 1947 1921 1980 exinde
1937 1947 2038 1979 crevit

387 2016 484 2045 grave
509 2011 540 2035 et
563 2005 750 2035 diuturnum
777 2003 906 2043 bellum,
935 2008 967 2035 et
995 2014 1058 2034 non
1089 2002 1189 2033 solum
1223 2002 1318 2033 civile
1349 2002 1479 2041 bellum,
1509 2002 1566 2034 sed
1595 2003 1690 2033 etiam
1721 1999 1792 2043 plus
1821 2011 1917 2042 quam
1942 1997 2036 2030 civile

388 2056 516 2095 bellum,
542 2062 571 2087 et
596 2056 698 2086 sactae
723 2062 795 2086 sunt
818 2055 940 2097 absque
963 2054 1073 2085 divino
1097 2055 1218 2096 pariter
1240 2060 1271 2086 et
1293 2053 1433 2085 luunano
1451 2060 1599 2096 respectu
1617 2054 1813 2084 vastationes
1829 2051 2035 2083 ecclesiarum

389 2115 418 2139 et
442 2108 557 2138 caedes
581 2107 763 2146 hominum,
788 2107 905 2138 exinde
928 2108 1024 2138 etiam
1048 2111 1217 2148 corruptae
1241 2112 1314 2137 sunt
1337 2106 1467 2137 divinae
1491 2107 1610 2148 pariter
1626 2110 1658 2137 et
1673 2105 1831 2135 humanae
1847 2102 1944 2145 leges,
1968 2102 2036 2134 nine

390 2160 507 2201 quibus
530 2170 592 2189 non
617 2158 763 2189 subsistit
779 2157 830 2189 vel
848 2159 908 2189 Dei
926 2157 1063 2189 ecclesia
1083 2158 1134 2190 vel
1158 2159 1283 2200 imperii
1307 2169 1357 2189 rcs
1381 2156 1527 2199 publica,
1551 2163 1583 2189 et
1605 2156 1723 2188 exinde
1746 2154 1864 2186 violata
1887 2159 1936 2186 est
1957 2153 2037 2186 fides

390 2218 418 2241 et
444 2210 573 2251 publica
598 2215 628 2241 et
651 2210 825 2244 catholica:
851 2210 968 2241 exinde
991 2211 1085 2241 etiam
1103 2211 1203 2241 crevit
1221 2210 1274 2241 illa
1290 2210 1458 2247 iniustitia,
1483 2215 1517 2240 ut
1534 2219 1590 2250 pro
1609 2208 1743 2239 veritate
1759 2206 1840 2238 falsa
1855 2205 2038 2237 testimonia

392 2268 421 2292 (ft
446 2272 503 2303 pro
528 2261 589 2291 tide
615 2261 771 2291 catholica
795 2261 962 2292 abundent
986 2263 1136 2302 periuria,
1167 2268 1210 2302 ut,
1239 2268 1409 2304 postquam
1435 2260 1521 2302 leges
1546 2259 1628 2292 bello
1652 2259 1767 2291 siluere
1791 2262 1954 2298 coactae³,
1980 2258 2037 2288 im·

349 2326 369 2342 ι’.
393 2311 516 2353 plentur
540 2313 601 2342 iam
627 2313 685 2343 ista
710 2313 841 2343 Domini
868 2314 1025 2344 sententia
1049 2324 1105 2354 per
1123 2313 1207 2345 Osce
1233 2313 1438 2355 prophetam:
1464 2312 1536 2343 Non
1561 2317 1616 2352 est,
1639 2311 1752 2353 inquit,
1776 2312 1897 2342 veritas
1919 2314 1947 2340 et
1969 2319 2036 2340 non

391 2369 433 2394 es!
461 2365 683 2394 misericordia
709 2369 735 2394 e!
760 2376 822 2394 nou
850 2369 893 2395 est
913 2366 1047 2395 scientia
1068 2365 1131 2396 Dei
1148 2367 1180 2396 1¹11
1199 2371 1298 2396 terra.
1337 2365 1546 2395 Maledictum
1572 2369 1599 2394 et
1623 2363 1827 2394 mendacium
1852 2366 1881 2392 et
1903 2360 2036 2392 homici-

392 2415 479 2445 dium
506 2414 675 2454 ‘’ism-tum
702 2420 728 2443 „p
753 2416 947 2445 adulterium
976 2417 1232 2455 inundaverunt,
1257 2421 1283 2447 et
1306 2417 1445 2457 sanquis
1468 2416 1665 2457 sanquinem
1688 2415 1801 2456 tetigit.
1840 2412 1929 2444 Haec
1953 2421 2037 2443 nunc

392 2465 556 2496 abundara—
589 2472 619 2495 ot
649 2466 913 2506 superabundare
943 2474 1074 2508 propter
1102 2468 1279 2498 doctrinam
1308 2466 1519 2498 Hildebrandi
1550 2477 1662 2508 papae,
1691 2476 1755 2508 qua
1784 2464 1897 2495 divisit
1918 2473 2036 2505 corpus

352 2531 370 2550 τ,
393 2516 441 2547 vol
466 2516 620 2547 ecclcsiae
645 2516 693 2547 vel
718 2518 760 2547 rei
786 2517 943 2558 publicae,
968 2519 1112 2560 nunquid
1139 2519 1198 2549 lioc
1223 2526 1269 2549 cst
1293 2518 1504 2560 apostolicum
1526 2516 1634 2548 'esse‘?
1657 2522 1689 2548 et
1705 2516 1910 2558 Gregorium,
1933 2514 1965 2546 id
1989 2519 2036 2546 est

395 2568 475 2599 benc
493 2568 677 2607 vigilantem
695 2574 711 2607 ⁸,
736 2570 826 2598 osso?
850 2576 879 2599 et
904 2570 933 2599 in
959 2569 1105 2600 doctrina
1122 2576 1151 2601 et
1169 2571 1197 2600 in
1216 2571 1459 2601 conversatione
1478 2569 1670 2600 catholicum
1689 2579 1760 2599 esse
1775 2566 1951 2599 secundum
1967 2577 2036 2598 sen-

394 2620 525 2650 tentiam
557 2620 721 2660 scriptoris
752 2621 935 2660 propositae
964 2621 1142 2661 epistolae?
1170 2628 1266 2663 atque
1297 2633 1369 2652 cuni
1399 2620 1454 2652 tali
1477 2619 1701 2652 Hildebrando
1730 2623 1837 2661 partes
1866 2617 1983 2649 babere
2005 2622 2037 2649 et

505 2702 533 2725 ιι]
554 2700 590 2723 siu:
608 2704 672 2731 puto
693 2700 857 2723 scribendum
879 2709 947 2726 essm
969 2703 1175 2727 reconcilientur
1199 2705 1220 2727 l.

507 2771 532 2804 l)
556 2772 652 2795 Sermo
671 2770 776 2801 (XVI,
798 2773 867 2804 ‘'PP·
890 2771 917 2802 1’,
934 2772 986 2797 col.
1002 2772 1059 2796 577
1071 2783 1078 2797 .·
1103 2772 1173 2797 Nam
1192 2776 1219 2797 ot
1237 2772 1299 2805 ipsa
1316 2771 1452 2797 salutatio
1470 2780 1484 2797 a
1502 2771 1595 2797 salute
1612 2779 1716 2797 nomen
1735 2769 1857 2804 accepit.
1925 2769 1956 2803 2)
1977 2770 1992 2800 5
2007 2767 2034 2800 4,

2051 721 2077 740 10

2051 979 2079 998 1⁵

2053 1236 2080 1255 2⁰

2053 1493 2080 1512 ²5

2054 1751 2082 1770 ³0

2055 2521 2083 2543 ⁴!

393 2832 422 2856 p.
441 2822 510 2847 212.
628 2822 657 2847 ³»
683 2821 725 2853 Cf.
753 2822 849 2847 ‹'1'‹·rr0
870 2831 922 2854 pro
948 2822 1053 2847 Milone
1078 2824 1103 2850 4.
1131 2824 1179 2848 10:
1204 2823 1297 2857 Leges
1321 2822 1405 2848 silent
1430 2822 1505 2849 inter
1528 2830 1616 2850 arma.
1641 2822 1678 2853 cf.
1703 2821 1783 2854 infra
1807 2830 1830 2849 e.
1850 2820 1896 2853 13,
1917 2829 1947 2854 p.
1965 2819 2035 2847 224.
2054 2825 2095 2846 5⁰·

397 2874 426 2905 4)
450 2873 508 2899 lah.
537 2873 621 2898 ln'uc.
646 2873 674 2899 Γ.
699 2873 832 2907 Greynrii
855 2873 872 2897 l.
892 2873 915 2907 l,
939 2883 961 2900 c.
981 2874 1007 2904 ⁴2,
1036 2877 1106 2907 ‘'pp.
1127 2874 1176 2905 ll}
1202 2875 1251 2899 vul.
1271 2875 1318 2900 22³,
