2132 3067
600 151 716 178 LIBER
740 151 791 176 DE
814 150 970 176 HONORE
994 148 1213 175 ECCLESIAE.
1670 143 1729 174 591

84 253 178 275 manu
202 242 404 283 imperatoris
429 252 485 271 seu
508 240 644 271 alicuius
670 239 848 270 liu1nanae²¹
873 239 1040 280 potestatis
1057 244 1131 268 ante
1149 237 1422 268 consecrationem
1447 235 1497 267 vel
1515 241 1628 278 postea
1651 235 1731 267 velle

83 295 226 336 accipere
250 292 518 324 considerandum
543 297 591 322 est
614 297 645 322 et
668 302 686 321 a
708 296 815 321 tantae
839 290 1019 331 iniquitatis
1044 289 1281 330 perpetratione
1305 288 1508 320 cessandum.

132 396 232 427 LVI.b
268 395 417 426 Contra
447 405 513 425 eos
543 394 611 435 qui
641 393 785 424 dicunt
815 393 906 423 ideo
937 403 1005 422 nos
1035 391 1127 422 hocc
1157 391 1323 430 docere,
1352 396 1393 421 ut
1422 391 1545 421 honor
1573 391 1683 431 regni

797 445 1018 474 minuatur.

51 521 63 540 ⁵
188 508 254 539 Nos
276 508 375 548 igitur
397 517 460 537 non
488 506 560 537 ideo
584 505 645 536 hoc
669 505 817 542 dicimus,
848 510 882 535 ut
906 504 1006 534 honor
1029 504 1120 543 regni
1144 502 1261 533 exinde
1286 504 1457 541 minuatur,
1489 502 1545 533 scd
1570 508 1604 532 ut
1629 502 1730 542 magis

82 560 178 593 indeo
207 559 416 600 adaugeatur.
462 557 558 588 quta
589 556 817 598 euangeliumf
847 556 931 586 enim
963 565 1045 597 quae
1076 555 1216 585 caesaris
1248 559 1331 591 sunt,
1363 559 1398 584 ut
1426 565 1465 584 ex
1490 554 1597 585 verbis
1628 555 1729 584 sancti

83 612 246 644 Ambrosii
278 621 378 652 supra
407 609 610 648 docuimus¹‚
644 608 765 639 caesari
794 607 928 638 reddere
958 606 1116 644 volumus,
1148 611 1179 636 et
1208 616 1289 647 quae
1318 606 1379 636 Dei
1407 606 1488 636 Deo.
1542 605 1613 636 Non
1645 607 1728 636 enim

83 663 149 695 sola
173 663 308 695 sacratio
332 662 397 693 Dei
421 666 478 701 est,
507 661 563 692 sed
588 666 620 691 et
643 671 702 699 res,
731 671 813 702 quae
838 659 908 690 Deo
938 659 1125 696 offeruntur,
1156 657 1218 688 Dei
1242 658 1399 687 veraciter
1430 668 1499 687 esse
1523 663 1730 688 noscuntur-g.

82 715 153 746 Hoc
174 716 258 746 enim
284 725 382 755 supra
404 713 617 755 probavimus
641 711 750 743 multis
773 716 804 742 et
827 711 926 742 variis
950 710 1160 741 documentis.
1204 709 1428 740 Possessiones
1445 708 1595 739 videlicet
1611 709 1730 751 aliquo-

38 779 63 798 ιο
81 778 150 798 rum
175 767 351 805 hominum,
376 770 548 806 postquam
574 763 673 795 semel
697 775 750 794 eas
766 763 839 794 Deo
864 762 1086 802 devoverinth,
1111 760 1188 791 nulli
1212 761 1342 791 omnino
1368 761 1562 802 imperatori,
1588 762 1655 801 regi
1682 761 1732 792 vel

82 818 222 862 principi
244 817 338 848 huius
362 815 460 848 seculi
484 817 654 858 pertinere,
679 815 740 845 nisi
764 814 822 845 soli
846 814 919 845 Deo
943 819 974 845 et
997 815 1065 844 eius
1089 813 1275 844 aecclesiae.

125 921 350 953 saeratissimo
403 924 510 950 autem
557 918 744 960 imperatori
789 917 875 959 quod
982 916 1166 947 Christiano
1203 920 1310 946 autem
1347 915 1449 945 cesari
1484 926 1541 945 sua
1574 916 1732 945 veraciter

939 968 1160 1007 concedimus,
1190 968 1265 1009 quia
1289 966 1498 996 christianum
1523 966 1676 1007 populum
1703 967 1730 997 ei

938 1018 979 1050 ad
1005 1020 1166 1051 iusticiam
1196 1018 1305 1049 favere
1333 1017 1482 1048 omnibus
1507 1018 1610 1048 modis
1644 1029 1732 1059 prac-

938 1071 1094 1103 dicamus.
1140 1071 1190 1102 De
1221 1075 1332 1101 nostro
1363 1070 1456 1100 etiam
1487 1070 1515 1100 ci
1547 1069 1733 1111 superaddi-

938 1134 1019 1163 mus,
1054 1123 1140 1165 quia‚
1175 1133 1249 1153 cum
1285 1132 1417 1152 necesse
1451 1121 1556 1161 fucrit,
1592 1122 1732 1152 caritatis

938 1174 1119 1205 subsidium
1145 1173 1189 1204 illi
1213 1173 1442 1216 impendimus.

188 1229 283 1269 Quod
308 1240 382 1260 vero
406 1229 470 1260 Dei
494 1234 551 1268 est,
584 1227 642 1258 soli
666 1227 738 1258 Deo
769 1226 904 1258 reddere
931 1226 1091 1266 volumus,
1122 1227 1198 1267 quia
1226 1225 1398 1256 electiones
1430 1225 1655 1267 episcoporum
1686 1224 1734 1255 vel

83 1281 246 1321 abbatumy
262 1286 297 1312 ut
313 1281 377 1312 esti
398 1281 609 1311 constitutum
627 1291 645 1310 a
661 1279 780 1310 sanctis
798 1278 953 1320 patribus,
978 1278 1018 1309 ab
1034 1288 1229 1319 unaquaque
1246 1277 1403 1308 aecclesia
1418 1277 1486 1308 fieri
1504 1276 1734 1308 desideramus

85 1333 216 1365 Electus
238 1338 347 1364 autem
371 1343 419 1363 res
443 1330 619 1363 aecclesiae
635 1330 816 1372 gubernare
839 1335 871 1361 et
893 1330 934 1361 ad
958 1329 1131 1361 utilitatem
1155 1334 1220 1360 tam
1245 1329 1424 1360 animarum
1450 1339 1545 1370 quani
1564 1339 1734 1369 corporum

85 1385 272 1428 dispensare
296 1384 403 1416 debet.

82 984 174 1004 suum
204 978 252 1003 est
280 983 344 1003 non
373 981 540 1013 negamus,
571 971 648 1012 quia
675 975 706 1001 et
729 968 874 1000 militiam

83 1024 266 1065 aecclesiae,
296 1035 369 1054 cum
394 1034 452 1065 pro
483 1028 629 1063 tempore
661 1032 742 1063 opus
770 1021 875 1061 fuerit,

82 1078 109 1108 ei
140 1076 302 1108 deservire
333 1074 526 1106 omnimodis
556 1073 704 1105 volumus
733 1077 764 1104 et
793 1072 875 1103 ordi-

81 1134 190 1160 natum
215 1127 372 1159 tributum
397 1137 602 1168 nequaquam
627 1136 794 1166 negamus.

38 1036 64 1055 15

38 1293 64 1313 20

85 1488 204 1521 LVIlss
227 1488 277 1520 Ut
309 1487 440 1518 nostri
470 1487 666 1528 temporis
697 1484 974 1516 venerabiles¹
1011 1485 1293 1526 imperatores
1327 1484 1478 1525 sequi¹¹¹
1514 1482 1737 1523 dignentur

404 1537 640 1580 exemplum
672 1538 809 1578 magni
842 1537 1114 1568 Constantini
1146 1535 1424 1578 imperatoris.

40 1614 66 1633 25

87 1715 199 1735 norum
230 1704 462 1745 imperatorum
495 1702 589 1733 fidem
623 1702 743 1735 Christi
774 1703 925 1743 suscepit,
955 1700 1164 1732 admirandae
1197 1700 1386 1731 humilitatis
1417 1698 1613 1740 exemplum.
1659 1697 1738 1728 Nam

86 1767 157 1788 cum
182 1755 392 1787 credidisset⁰
417 1754 556 1793 Christo,
580 1754 691 1786 dicens
715 1754 809 1785 valde
833 1753 1001 1794 indignum
1026 1764 1105 1790 esse,
1137 1757 1172 1783 ut
1194 1752 1238 1783 ibi
1263 1758 1407 1783 terrenus
1432 1751 1607 1792 imperator
1631 1748 1737 1779 sedem

87 1809 178 1850 regni
201 1807 343 1847 haberet,
369 1807 423 1838 ubi
447 1807 540 1838 Deus
565 1807 770 1849 omnipotens
795 1806 975 1848 principem
1004 1804 1184 1835 sanctitatis
1207 1804 1363 1834 vicarium
1390 1802 1475 1833 beati
1494 1801 1580 1832 Petri
1605 1799 1739 1841 apostoli

88 1861 315 1898 constituisset,
339 1858 526 1890 beatissimo
544 1869 648 1900 papae
666 1857 822 1889 Silvestre
848 1868 958 1888 omnes
982 1856 1158 1898 Esperiasq
1181 1861 1288 1898 partes
1313 1853 1504 1895 relinquens,
1529 1854 1576 1883 sui
1601 1852 1739 1883 nominis

88 1911 320 1943 nobilissimam
345 1911 507 1941 civitatem
532 1909 708 1940 aedificans
722 1916 743 1948 ¹,
767 1909 861 1940 illucS
887 1919 981 1939 suum
1005 1907 1167 1939 transtulit
1190 1918 1334 1949 regnum.

469 1962 508 1992 A.
1327 1958 1362 1988 B.

42 1871 69 1890 30

193 1600 256 1632 Sed
288 1601 365 1642 quia
393 1599 582 1630 multociens
613 1598 684 1640 plus
716 1597 866 1640 exempla
896 1609 991 1639 quam
1021 1598 1122 1629 verba
1152 1597 1336 1639 proficiunt,
1372 1594 1538 1627 attendere
1568 1595 1742 1635 dignentur

87 1652 345 1684 christianissimi
372 1652 583 1693 imperatores
607 1650 802 1682 venerabilis
832 1656 863 1680 et
887 1650 957 1681 Deo
981 1648 1130 1681 amabilis
1155 1648 1371 1688 Constantini,
1402 1648 1456 1689 qui
1481 1647 1603 1688 primus
1629 1646 1741 1676 Homa-

44 2129 71 2149 ⁵5

132 2015 202 2046 Hoc
225 2014 310 2045 enim
334 2014 404 2056 ipse
428 2014 459 2044 in
483 2012 654 2054 privilegio
675 2018 805 2044 sanctae
824 2012 882 2044 Ro-

90 2078 202 2098 manae
225 2066 402 2098 aecclesiae
427 2070 564 2096 testatur
586 2065 735 2106 inquiens
747 2070 771 2095 ²:
802 2064 881 2096 Con-

90 2130 209 2161 yruum
233 2118 465 2160 prospeoez‘mus
488 2122 634 2148 nostrum
660 2117 831 2158 imperium
856 2121 884 2146 et

90 2171 384 2212 reynipotestatem
398 2169 613 2200 orientalibus
629 2167 811 2208 transferri
827 2172 884 2198 aut

91 2222 310 2253 transmutari
333 2221 533 2262 reyionibus,
557 2221 592 2251 in
613 2220 789 2251 Bizantz'ae
809 2230 884 2260 pro-

92 2274 215 2312 vincia,
238 2273 273 2303 in
291 2273 410 2313 optimo
426 2271 516 2313 *loc-0,
540 2273 666 2303 nomini
682 2276 790 2302 nostro
807 2272 885 2302 civi-

92 2329 187 2356 tatem
210 2324 384 2364 aedificari
414 2329 441 2355 et
464 2328 609 2354 nostrum
640 2324 708 2354 illic
731 2324 886 2354 constitui

47 2387 74 2405 4⁰
89 2377 340 2419 principatum2
359 2377 425 2407 sive
440 2376 625 2416 imperium,
642 2376 809 2416 quoniam,
830 2374 886 2405 ubi

49 2679 77 2700 45
97 2674 150 2700 des.
171 2675 204 2699 B.

204 2492 229 2522 a)
253 2494 307 2523 pot.
328 2490 400 2515 hum.
423 2490 481 2514 Bl.
571 2490 599 2517 b)
622 2490 667 2513 LV
689 2489 750 2514 Β1.

94 2537 160 2561 haec
177 2537 264 2561 dicere
283 2536 315 2561 A.

96 2586 189 2607 cuntur
208 2583 234 2607 B
247 2584 269 2606 1.
336 2582 362 2614 h)
384 2583 505 2607 voverint
525 2582 584 2606 132.

97 2633 119 2654 et
139 2637 196 2661 cap.
216 2629 311 2659 catal.,·
330 2629 433 2653 imitare
454 2629 570 2653 debeant
590 2627 622 2653 A.

288 2675 315 2707 q)
335 2676 418 2707 Hesp.
440 2675 501 2699 ΒΞ.
586 2675 608 2705 r)
632 2674 709 2698 baed.
730 2673 763 2698 A.

97 2721 210 2753 populus
230 2721 256 2745 Β
269 2722 292 2745 1.
368 2726 395 2751 v)
417 2724 499 2746 exon-t.
521 2720 546 2744 Β
559 2722 582 2745 l.

207 2820 234 2853 1)
259 2819 287 2848 ο.
308 2820 355 2852 18,
377 2828 407 2853 p.
425 2819 495 2846 580.

652 2582 674 2612 i)
695 2585 735 2605 est
752 2585 811 2613 post
832 2580 950 2612 patribus
971 2578 1002 2603 A.

685 2628 714 2658 n)
737 2627 773 2651 ila
788 2627 826 2653 A:
847 2627 913 2651 ratio
929 2626 953 2649 Β
966 2627 991 2653 1;
1013 2625 1067 2648 cles.
1083 2624 1108 2648 B
1119 2625 1142 2648 2.

849 2676 873 2700 s)
895 2673 929 2695 ibi
951 2670 982 2695 Α.

658 2720 693 2749 w)
714 2720 766 2744 iam
788 2719 862 2746 arm„
882 2718 927 2741 sest
949 2717 999 2741 del.
1020 2716 1094 2740 [52⁸.

946 2011 1135 2042 desiderans
1163 2010 1324 2049 videlicet,
1354 2020 1447 2039 omne
1478 2019 1611 2047 regnum
1644 2013 1738 2038 terre-

946 2075 1022 2094 num
1057 2073 1132 2094 vero
1170 2062 1237 2103 regi
1276 2060 1422 2099 caelesti,
1461 2059 1592 2090 domino
1629 2063 1738 2089 nostro

945 2115 1019 2146 Iesu
1051 2114 1179 2146 Christo
1210 2125 1251 2144 ex
1280 2114 1405 2154 integro
1441 2110 1545 2142 subdi.
1595 2110 1636 2140 Et
1665 2109 1738 2140 idco

947 2172 1011 2197 tam
1037 2167 1106 2208 ipse
1131 2176 1290 2207 quamque
1315 2169 1447 2194 omnesu
1472 2161 1583 2204 populi
1604 2162 1739 2192 Romani

947 2218 1084 2260 imperii,
1116 2217 1171 2259 qui
1202 2217 1270 2247 eius
1302 2214 1451 2255 exemplo
1480 2220 1656 2255 sanctaque
1687 2225 1739 2245 ex-

947 2269 1146 2301 hortationev
1176 2274 1207 2299 et
1235 2267 1340 2298 studio
1364 2265 1483 2297 relictis
1515 2265 1608 2295 idolis
1633 2265 1738 2296 Deum

947 2322 1055 2352 vivum
1088 2327 1119 2352 et
1143 2331 1252 2350 verum
1264 2325 1283 2338 w
1316 2318 1449 2349 adorare
1483 2318 1545 2348 iam
1578 2322 1738 2358 ceperant,

948 2378 1089 2404 sanctam
1114 2371 1304 2402 aecclesiam
1328 2381 1391 2400 non
1415 2368 1517 2400 solum
1543 2370 1573 2399 in
1594 2369 1741 2410 spiritua-

842 2492 866 2518 c)
887 2489 924 2513 ita
945 2487 969 2511 Β
983 2489 1004 2512 1.
1027 2488 1057 2510 ⁴2³
1078 2490 1100 2510 et
1121 2494 1205 2516 supra
1226 2485 1305 2509 catal.
1326 2485 1457 2516 calmum,-
1477 2484 1527 2507 hoc
1549 2484 1636 2507 dicere
1659 2481 1740 2513 B2b;

374 2536 400 2567 d)
423 2536 461 2559 ita
475 2535 508 2560 A.
524 2535 548 2560 B
559 2535 624 2566 2³23
646 2537 712 2560 ratio
728 2536 790 2565 B1;
811 2535 880 2559 deest
898 2534 921 2558 Β
932 2531 971 2558 2⁰.

1031 2538 1057 2559 c)
1079 2535 1168 2555 tamen
1184 2530 1245 2555 ΒΞ.
1303 2531 1323 2559 f)
1345 2536 1376 2555 esi
1397 2533 1438 2555 effi
1460 2530 1519 2554 ΒΕΖ.

1069 2578 1097 2605 k)
1118 2578 1179 2601 LVI
1202 2577 1225 2600 B
1239 2579 1260 2601 l.
1328 2578 1349 2605 l)
1369 2577 1439 2601 deest
1460 2573 1536 2600 1321».

1202 2626 1228 2654 o)
1249 2632 1261 2648 e
1282 2632 1348 2648 corr.
1372 2622 1447 2647 3⁵2³.

1067 2672 1086 2697 t)
1110 2671 1287 2702 principatum
1308 2671 1363 2693 sive
1384 2669 1437 2693 des.
1460 2668 1544 2693 Conse.

1578 2532 1605 2561 g)
1628 2538 1739 2561 cognos<

1661 2575 1697 2599 ita
1718 2575 1742 2599 B

1505 2623 1535 2654 p)
1556 2623 1595 2646 Ex
1612 2636 1643 2639 ——
1659 2622 1741 2645 aecci.

1602 2585 1624 2599 in
1632 2580 1636 2603 J

1622 2670 1647 2693 n]
1671 2668 1741 2692 omni

583 2818 612 2852 2)
638 2819 682 2844 Ex
708 2817 861 2844 Constituto
887 2814 1064 2842 Constantini
1085 2815 1128 2842 ed.
1151 2814 1271 2840 Zeumer
1292 2816 1307 2845 ξ
1326 2813 1374 2849 18,
1394 2822 1424 2847 p.
1444 2813 1491 2839 58.

1752 511 1789 534 Ex
1810 508 1946 534 rationed.

1762 1602 1800 1625 ΕΚ
1821 1602 1922 1626 ratione
1930 1605 1951 1624 ¹¹.

1774 1755 1811 1778 1⁴15
1820 1757 1832 1776 Ρ
1854 1754 1991 1785 privilegio

1760 1796 1868 1815 sanctae
1876 1791 2011 1814 Romanae

1806 1828 1963 1852 aecclesiae.
