2132 3067
621 148 736 174 LIBER
760 149 812 174 DE
834 148 991 176 HONORE
1014 147 1229 175 ECCLESIAE.
1690 146 1752 177 569

104 236 243 266 omnium
270 235 517 267 christianorum
542 235 683 275 ultimus,
708 237 881 268 sententias
905 243 1088 268 sanctorum
1113 242 1241 278 patrum
1266 237 1416 278 colligere
1439 237 1583 277 studens,
1608 237 1750 269 libellum

104 286 272 329 parvulum
297 298 354 329 pro
379 287 499 319 honore
531 293 562 318 et
586 287 795 318 defensionea
820 294 949 319 sanctae
974 289 1082 318 matris
1110 288 1286 319 aecclesiae
1310 289 1484 320 catholicae
1507 289 1603 328 edidi,
1632 290 1664 320 in
1689 301 1751 332 quo

103 340 191 380 prius
215 338 254 369 de
278 339 416 380 primatu
442 340 544 370 sancti
569 339 654 370 Petri
680 350 776 380 super
798 351 924 370 omnem
949 339 1136 370 aecclesiam
1162 340 1305 382 loquenS,
1335 347 1578 383 consequenter,
1609 341 1685 382 quid
1709 342 1752 372 sit

102 389 268 429 aecclesia,
300 396 330 421 et
354 392 463 432 quanti
489 391 584 432 pretii
608 390 696 432 apud
722 390 827 422 Deum
859 391 1024 428 habeatur,
1056 392 1203 432 exposui.
1250 392 1377 423 Deinde
1407 399 1576 423 annectere
1607 393 1750 430 curavib,

69 454 82 473 5
101 442 177 484 quia
200 452 263 472 non
287 441 388 472 solum
413 441 645 484 spiritualibus,
677 442 732 472 sed
757 443 853 472 etiam
880 441 1100 483 corporalibus
1132 442 1224 473 donis
1253 449 1362 474 sancta
1385 444 1541 474 aecclesia
1564 444 1751 475 honoranda

100 498 178 531 este,
203 493 341 535 ideoque
365 499 450 524 recte
475 493 579 523 facere
604 504 657 524 eos
682 493 737 534 qui
762 494 810 524 sui
835 494 912 524 iuris
937 493 1058 535 aliquid
1084 494 1112 524 ei
1136 493 1292 525 donantes
1317 496 1386 525 vice
1413 495 1532 526 Christi
1558 506 1627 525 eam
1653 494 1750 527 hono<

100 550 181 575 rant.
227 544 323 584 Quod
359 545 584 575 confirmantes
619 544 810 585 probamus:
849 546 924 586 quia
960 544 1044 586 quod
1084 544 1258 576 aecclesiae
1290 547 1442 577 tribuitur
1480 545 1608 577 Christo
1640 547 1749 588 utique

101 596 252 635 donatur,
276 596 361 638 quod
386 602 492 627 autem
518 595 694 627 aecclesiae
718 602 766 627 est
790 597 821 626 in
846 601 1004 637 potestate
1030 596 1211 637 praesulum
1230 597 1348 628 debere
1371 599 1544 628 consistere
1568 604 1749 629 sanctorum

99 653 226 689 patrum
258 647 353 678 dictis
385 647 569 690 probantes,
602 653 748 689 pastores
780 648 809 678 ei
838 658 900 677 non
933 647 973 678 ab
1005 647 1111 689 aliqua
1144 654 1302 690 potestate
1326 654 1462 689 terrena,
1493 650 1548 680 sed
1572 649 1749 681 electioned

54 709 79 728 10
100 700 261 730 communi
285 699 473 730 clericorum
505 705 535 730 et
562 699 714 730 laicorum
745 699 873 730 decerni
899 698 1077 729 docuimus.
1124 699 1227 738 Quam
1258 700 1443 732 electionem
1475 701 1596 731 iudicio
1628 702 1749 742 episco-

99 761 213 792 porum
245 750 364 781 firmari
393 756 542 792 oportere
574 751 834 791 monstravimus,
863 750 1025 792 nichilque
1057 756 1199 781 sanctam
1235 751 1423 783 aecclesiam
1460 753 1591 792 regibus
1621 753 1749 791 debere,

99 803 160 832 nisi
198 808 321 833 tantum
357 802 512 833 tributum
548 802 741 844 persolvere.
798 802 863 833 Ubi
897 803 992 833 etiam
1027 808 1236 833 annectentes
1270 802 1308 833 de
1346 803 1441 834 rebus
1476 803 1653 834 aecclesiae
1686 814 1749 834 non

98 853 293 891 auferendis,
325 853 500 895 probamus
529 854 702 895 sacrilegos
726 865 796 885 esse
827 855 881 896 qui
906 853 990 895 quod
1015 853 1193 884 aecclesiae
1217 853 1370 885 donatum
1396 861 1443 885 est
1466 856 1514 885 eie
1538 855 1664 885 auferre
1689 865 1751 885 non

98 905 220 936 timent.
266 904 329 936 Ubi
354 906 450 936 etiam
475 911 506 936 et
529 906 568 936 de
593 906 786 937 investitura
802 905 1043 943 aecclesiarum,
1067 915 1085 934 a
1105 904 1222 946 quibus
1248 906 1314 936 fieri
1331 905 1456 943 debeat,
1482 906 1749 943 demonstrantes,

52 967 77 986 ιε
99 962 206 986 utrum
230 967 294 987 non
318 957 367 987 sui
390 957 511 988 ordinis
536 958 606 988 viro
630 957 747 999 aliquis
770 958 998 999 episcoporum
1022 956 1197 987 aecclesias
1221 956 1360 987 subdere
1384 956 1508 995 debeat,
1540 956 1610 988 luce
1635 957 1750 988 clarius

97 1007 317 1039 demonstrare
349 1010 531 1040 curavimus
543 1010 563 1040 f.
620 1009 716 1048 Quod
750 1019 825 1040 vero
867 1013 997 1039 sanetus
1031 1007 1214 1038 Adrianus¹
1259 1007 1309 1038 vel
1351 1007 1404 1038 alii
1446 1009 1546 1038 sancti
1581 1008 1748 1049 pontifices

97 1059 270 1090 dicuntur²
296 1059 368 1090 huic
392 1061 438 1091 rei
462 1071 629 1091 assensum
647 1060 784 1099 dedisse,
808 1061 834 1090 si
851 1070 960 1090 verum
987 1063 1044 1098 est,
1069 1060 1230 1101 quomodo
1254 1058 1508 1099 intellegendum
1533 1060 1571 1090 sit
1589 1060 1750 1098 docentes,

98 1110 158 1142 hac
181 1111 349 1142 occasione
373 1117 485 1143 contra
516 1113 565 1143 ius
590 1113 735 1143 divinum
766 1111 835 1143 fieri
866 1122 929 1141 non
953 1110 1072 1142 debere
1096 1112 1356 1142 monstravimus.
1403 1111 1493 1150 Quae
1526 1112 1632 1142 omnia
1664 1112 1750 1142 testi-

99 1163 215 1193 moniis
240 1163 355 1194 veteris
387 1170 420 1194 et
450 1165 524 1195 novi
555 1165 737 1196 testamenti
767 1163 951 1205 probantes,
982 1163 1077 1193 etiam
1102 1163 1296 1194 auctoritate
1319 1174 1476 1193 canonum
1508 1167 1540 1193 et
1567 1168 1749 1193 sanctorum

51 1227 78 1246 20
98 1220 225 1256 patrum
257 1214 351 1246 dietis
380 1215 508 1247 firmare
536 1216 730 1247 curavimus.
776 1215 903 1254 Quibus
926 1213 1035 1245 verbis
1059 1213 1211 1256 exempla
1235 1220 1429 1254 sanctorum,
1461 1215 1515 1256 qui
1539 1225 1597 1255 pro
1628 1215 1750 1245 institia

98 1267 178 1296 mori
210 1266 392 1297 maluerunt
422 1278 518 1309 quam
549 1267 644 1308 flecti,
674 1272 891 1305 annectentes,
923 1266 1033 1308 paucis
1064 1265 1261 1297 admonere&
1292 1277 1453 1306 curamus,
1482 1272 1516 1296 ut
1547 1272 1749 1307 praesentem

98 1328 156 1359 pro
180 1329 288 1349 amore
313 1317 374 1349 Dei
398 1323 429 1349 et
452 1320 521 1350 eius
544 1319 722 1351 aecclesiae
745 1320 845 1350 vitam
871 1318 1098 1359 despicientes,
1128 1318 1208 1347 mori
1232 1328 1295 1348 non
1319 1319 1490 1348 timeamus
1501 1322 1522 1356 ³,
1555 1317 1642 1356 certi,
1675 1318 1750 1358 quia

99 1379 156 1410 pro
187 1380 295 1401 amore
327 1376 457 1402 sanctae
487 1370 664 1402 aecclesiae
695 1371 750 1412 qui
780 1370 924 1410 moritur,
954 1381 1011 1411 pro
1035 1368 1163 1400 Christo
1190 1369 1311 1411 utique,
1343 1370 1397 1412 qui
1428 1380 1486 1411 pro
1519 1379 1556 1399 ea
1586 1370 1748 1410 propriam

98 1421 237 1452 animam
263 1422 380 1463 posuit,
412 1423 493 1453 mori
522 1423 688 1464 probatur.
734 1423 797 1453 Pro
821 1433 858 1453 eo
881 1427 988 1452 autem
1021 1422 1075 1462 qui
1100 1426 1245 1452 mortuus
1267 1420 1374 1460 fuerit,
1404 1422 1435 1451 in
1459 1425 1625 1451 aeternum
1650 1421 1750 1451 vivet.

51 1485 78 1504 25
99 1472 189 1502 Haec
222 1477 331 1504 autem
364 1474 473 1505 omnia
506 1474 708 1514 testimoniis,
741 1479 777 1504 ut
806 1474 960 1513 diximus,
995 1478 1058 1503 tam
1092 1473 1220 1511 veteris,
1256 1483 1351 1514 quam
1383 1474 1458 1503 novi
1493 1473 1687 1510 testamenti,
1720 1477 1751 1503 et

98 1529 279 1555 sanctorum
298 1529 426 1566 patrum
450 1524 545 1556 dictis
562 1525 747 1566 probantes,
772 1524 827 1556 ubi
851 1526 971 1555 iustum
990 1525 1094 1555 visum
1119 1530 1177 1563 est,
1201 1523 1250 1554 his
1274 1524 1498 1555 sacratissimis
1515 1524 1633 1563 verbis,
1659 1525 1750 1566 quasi

99 1575 138 1606 de
169 1575 274 1606 medio
304 1581 467 1617 petrarum
499 1576 612 1608 dantes
643 1588 767 1616 vocem,
803 1577 899 1608 etiam
929 1577 1030 1607 nostri
1058 1575 1180 1617 aliquid
1214 1575 1312 1607 verbo
1342 1575 1523 1614 dumtaxat,
1562 1587 1624 1607 non
1655 1586 1750 1606 sensu

98 1627 216 1658 addere
239 1627 434 1659 studuimus.
480 1629 532 1660 Ex
556 1639 620 1669 quo
643 1635 749 1660 autem
782 1629 912 1659 doctore
936 1628 1035 1659 verba
1058 1627 1260 1669 protulimus,
1292 1628 1360 1659 eius
1383 1632 1414 1658 et
1438 1638 1553 1658 nomen
1579 1633 1611 1658 et
1633 1626 1749 1658 librum

98 1678 216 1710 deforis
239 1680 495 1711 annotavimusb.
540 1680 659 1711 Nostra
682 1691 770 1719 vero,
800 1691 882 1722 quae
905 1679 998 1711 nobis
1027 1680 1131 1721 gratia
1155 1679 1267 1710 divina
1291 1678 1408 1710 collata
1432 1684 1514 1718 sunt,
1545 1682 1594 1709 ‘ex
1618 1679 1750 1710 ratione'

51 1742 78 1762 so
98 1741 168 1761 esse
196 1730 407 1772 signavimus.
453 1731 515 1762 Pro
543 1732 661 1773 quibus
692 1731 842 1763 omnibus
866 1743 929 1762 non
953 1731 993 1762 ab
1020 1731 1213 1771 bominibus,
1247 1730 1302 1762 sed
1326 1741 1345 1761 a
1369 1731 1498 1762 Christo
1522 1730 1662 1771 domino,
1695 1732 1748 1772 qui

98 1793 156 1824 pro
180 1782 280 1813 calice
303 1793 407 1824 aquae
437 1782 574 1824 frigidae
603 1795 637 1814 se
660 1784 842 1815 mercedem
868 1783 1062 1814 donaturum
1087 1783 1246 1824 promisit,
1277 1783 1308 1813 in
1341 1782 1468 1813 caelesti
1501 1793 1599 1823 regno
1628 1782 1749 1813 miseri-

98 1833 240 1864 cordiam
265 1835 522 1876 exspectantesi‚
546 1836 709 1866 caritatem
730 1836 869 1877 Spiritus
887 1835 989 1866 sancti
1008 1845 1189 1873 exoramus,
1213 1839 1248 1865 ut
1270 1833 1361 1864 labor
1384 1839 1492 1864 noster
1514 1834 1545 1864 in
1564 1833 1748 1864 defensione

98 1891 129 1916 et
151 1884 272 1916 honore
295 1891 425 1917 sanctae
451 1887 561 1917 matris
584 1886 759 1918 aecclesiae
782 1886 968 1926 catholicae,
992 1887 1024 1916 in
1048 1886 1227 1916 imitatione
1252 1886 1457 1927 antiquorum
1480 1890 1606 1926 patrum
1632 1886 1749 1915 sanctis

98 1938 276 1978 praesentis
299 1938 477 1979 temporisl‘
501 1937 705 1979 praesulibus
729 1943 760 1969 et
777 1937 927 1968 omnibus
943 1937 1131 1968 orthodoxis
1156 1937 1259 1967 inanis
1283 1948 1346 1968 non
1370 1938 1420 1977 sit,
1445 1937 1499 1968 sed
1523 1935 1749 1968 corroborante

50 1999 77 2020 35
98 1999 155 2020 nos
178 1990 282 2030 gratia
299 1988 437 2030 Spiritus
463 1990 565 2020 sancti
591 1989 673 2020 mala
696 2000 898 2031 respuamus,
922 2000 1003 2030 quae
1021 2000 1096 2019 vero
1121 1989 1206 2019 bona
1229 1994 1312 2027 sunt,
1336 1988 1518 2019 firmissime
1542 1989 1749 2019 retineamus.

98 2040 212 2072 Amen.

321 2105 360 2136 I.¹
393 2105 572 2137 Dominum
607 2110 749 2136 nostrum
788 2105 893 2136 Iesum
930 2104 1092 2136 Christum
1133 2104 1304 2146 specialius
1339 2103 1432 2135 beato
1468 2104 1563 2134 Petro
1603 2111 1747 2135 sanctam

476 2156 664 2188 aecclesiam
690 2155 942 2187 commendasse.

307 2207 348 2239 11.
394 2207 482 2247 Quid
505 2209 547 2239 sit
569 2207 750 2239 aecclesia?

49 2272 77 2290 «1⁰
288 2259 350 2290 III.
396 2259 491 2298 Quod
516 2266 626 2290 sancta
649 2259 807 2290 aecclesia
830 2269 949 2300 sponsa
973 2258 1092 2289 Christi
1116 2260 1166 2289 sit.

274 2310 350 2342 IIII.
396 2311 491 2350 Quod
516 2311 663 2342 Christus
687 2317 813 2353 caputm
838 2309 1024 2349 aecclesiae,
1048 2316 1079 2341 et
1102 2315 1213 2340 sancta
1235 2308 1392 2340 aecclesia
1415 2320 1532 2351 corpus
1556 2309 1675 2341 Christi
1699 2310 1748 2340 sit.

308 2362 347 2396 V.
393 2362 489 2402 Quod
513 2362 615 2394 honor
638 2367 766 2393 sanctae
790 2361 964 2393 aecclesiae
988 2361 1089 2393 honor
1113 2361 1232 2392 Christi
1255 2361 1304 2392 sit.

211 2467 238 2498 a)
260 2467 429 2500 edificatione
450 2467 475 2492 B
491 2470 512 2492 l.
589 2468 618 2494 b>
639 2469 724 2492 curari
745 2467 807 2493 131.
885 2470 911 2495 c)
932 2469 966 2492 sit
987 2467 1011 2491 Β
1027 2468 1049 2491 l.
1127 2467 1152 2494 d)
1176 2467 1301 2491 electioni
1323 2466 1347 2490 Β
1361 2468 1383 2490 1.
1399 2467 1447 2490 2³?
1467 2464 1507 2490 ⁶2¹³.
1584 2467 1610 2493 e}
1634 2474 1666 2490 ea
1687 2466 1711 2490 B
1726 2468 1748 2490 l.

100 2514 122 2543 f)
143 2521 266 2538 curamus
285 2513 347 2538 ΒΞ.
450 2515 477 2546 g)
501 2522 616 2539 ammon.
638 2514 699 2539 Be.
803 2513 831 2539 h)
853 2513 915 2537 adn.
937 2513 1013 2537 Rea.
1114 2514 1131 2536 ii
1156 2516 1258 2544 expect.
1281 2512 1357 2537 Bae.
1454 2512 1481 2543 k)
1504 2513 1667 2545 temporibus
1689 2512 1712 2536 B
1727 2514 1748 2536 1.

51 2565 79 2584 45
100 2560 122 2589 l)
143 2559 261 2591 capitula
282 2559 352 2584 linea
372 2569 425 2584 'non
445 2560 596 2592 interrupta
617 2560 714 2592 scripta
735 2564 805 2587 sunl,
827 2559 925 2584 initiali
946 2560 1072 2591 cuiusque
1087 2558 1181 2590 capitis
1196 2559 1283 2583 littera
1298 2558 1378 2583 minio
1397 2558 1484 2590 picta:
1505 2559 1608 2583 numeri
1626 2558 1748 2583 deal-31.

101 2606 138 2637 m)
159 2606 246 2638 capud
267 2605 328 2631 Bl.

209 2703 236 2737 1)
266 2704 345 2730 Dicit
376 2704 525 2731 Hadriani
550 2704 731 2738 privileyium
762 2704 835 2729 inter
865 2713 892 2730 α.
921 2703 1137 2729 1084-1087,
1163 2702 1278 2736 fictum5
1312 2703 1349 2736 cs,
1380 2703 1539 2735 Bernhez‘m,
1571 2703 1696 2728 ‘Fra-seli.
1727 2712 1747 2727 :.

105 2755 260 2781 Denlschen
285 2755 392 2782 Gesch.'
417 2755 482 2788 XV,
502 2764 533 2788 p⁴
552 2755 621 2782 635.
657 2756 688 2781 S.
785 2755 814 2789 2)
839 2755 932 2780 Primo
957 2764 973 2781 α
996 2755 1112 2780 Widone
1134 2754 1252 2780 Ferrar.
1275 2754 1294 2780 I.
1311 2754 1328 2781 l.
1349 2764 1380 2788 p.
1399 2754 1469 2780 565.
1494 2755 1520 2779 in
1545 2754 1660 2779 medium
1683 2762 1747 2786 pru-

96 2805 201 2837 fertur.
236 2806 267 2833 S.
381 2806 410 2841 3)
433 2805 510 2832 Idem
534 2807 714 2833 Hildebertus
738 2806 823 2840 episc.
850 2806 999 2832 Cenomcw.
1019 2806 1179 2840 praedicat,
1205 2805 1283 2831 cuius
1306 2805 1438 2840 epistolas
1460 2805 1540 2837 infra
1565 2805 1681 2830 edemus.
1717 2804 1747 2830 S.

177 2860 273 2884 Libelli
293 2861 324 2885 dc
345 2861 398 2885 lite.
432 2861 466 2884 II.
1483 2860 1515 2882 72

1771 1741 1926 1763 Matth.10‚42.
