<?xml version="1.0" encoding="UTF-8"?>
<!DOCTYPE html PUBLIC "-//W3C//DTD XHTML 1.0 Transitional//EN"
    "http://www.w3.org/TR/xhtml1/DTD/xhtml1-transitional.dtd">
<html xmlns="http://www.w3.org/1999/xhtml" xml:lang="en" lang="en">
 <head>
  <title>
</title>
<meta http-equiv="Content-Type" content="text/html;charset=utf-8" />
  <meta name='ocr-system' content='tesseract 3.04.00' />
  <meta name='ocr-capabilities' content='ocr_page ocr_carea ocr_par ocr_line ocrx_word'/>
</head>
<body>
  <div class='ocr_page' id='page_1' title='image "./monumenta02geseuoft_0118.png"; bbox 0 0 2132 3067; ppageno 0'>
   <div class='ocr_carea' id='block_1_1' title="bbox 309 272 353 290">
    <p class='ocr_par' dir='ltr' id='par_1_1' title="bbox 309 272 353 290">
     <span class='ocr_line' id='line_1_1' title="bbox 309 272 353 290; baseline -0.023 0"><span class='ocrx_word' id='word_1_1' title='bbox 309 272 322 290; x_wconf 71' lang='lat' dir='ltr'><strong>t.</strong></span> <span class='ocrx_word' id='word_1_2' title='bbox 333 272 353 289; x_wconf 73' lang='lat' dir='ltr'><strong>G‘</strong></span> 
     </span>
    </p>
   </div>
   <div class='ocr_carea' id='block_1_2' title="bbox 328 506 360 530">
    <p class='ocr_par' dir='ltr' id='par_1_2' title="bbox 328 506 360 530">
     <span class='ocr_line' id='line_1_2' title="bbox 328 506 360 530; baseline 0.031 -1"><span class='ocrx_word' id='word_1_3' title='bbox 328 506 360 530; x_wconf 88' lang='lat'><strong>(¹)</strong></span> 
     </span>
    </p>
   </div>
   <div class='ocr_carea' id='block_1_3' title="bbox 299 1016 358 1036">
    <p class='ocr_par' dir='ltr' id='par_1_3' title="bbox 299 1016 358 1036">
     <span class='ocr_line' id='line_1_3' title="bbox 299 1016 358 1036; baseline 0 0"><span class='ocrx_word' id='word_1_4' title='bbox 299 1016 326 1036; x_wconf 68' lang='lat' dir='ltr'><strong>‘t</strong></span> <span class='ocrx_word' id='word_1_5' title='bbox 339 1017 358 1036; x_wconf 76' lang='grc' dir='ltr'><strong>Ἰ.</strong></span> 
     </span>
    </p>
   </div>
   <div class='ocr_carea' id='block_1_4' title="bbox 326 1237 358 1259">
    <p class='ocr_par' dir='ltr' id='par_1_4' title="bbox 326 1237 358 1259">
     <span class='ocr_line' id='line_1_4' title="bbox 326 1237 358 1259; baseline 0 0"><span class='ocrx_word' id='word_1_6' title='bbox 326 1237 358 1259; x_wconf 69' lang='lat'><strong>(2)</strong></span> 
     </span>
    </p>
   </div>
   <div class='ocr_carea' id='block_1_5' title="bbox 327 1605 359 1629">
    <p class='ocr_par' dir='ltr' id='par_1_5' title="bbox 327 1605 359 1629">
     <span class='ocr_line' id='line_1_5' title="bbox 327 1605 359 1629; baseline -0.031 0"><span class='ocrx_word' id='word_1_7' title='bbox 327 1605 359 1629; x_wconf 79' lang='grc'><strong>(3)</strong></span> 
     </span>
    </p>
   </div>
   <div class='ocr_carea' id='block_1_6' title="bbox 386 158 1626 194">
    <p class='ocr_par' dir='ltr' id='par_1_6' title="bbox 386 158 1626 194">
     <span class='ocr_line' id='line_1_6' title="bbox 386 158 1626 194; baseline -0.006 0"><span class='ocrx_word' id='word_1_8' title='bbox 386 162 446 194; x_wconf 81' lang='grc'><strong>104</strong></span> <span class='ocrx_word' id='word_1_9' title='bbox 782 161 936 189; x_wconf 80' lang='lat' dir='ltr'>LIBELLI</span> <span class='ocrx_word' id='word_1_10' title='bbox 960 160 1157 187; x_wconf 88' lang='lat' dir='ltr'>BERNALDI</span> <span class='ocrx_word' id='word_1_11' title='bbox 1179 159 1416 186; x_wconf 87' lang='lat' dir='ltr'>PRESBYTERI</span> <span class='ocrx_word' id='word_1_12' title='bbox 1439 158 1626 187; x_wconf 86' lang='lat' dir='ltr'>MONACHI.</span> 
     </span>
    </p>
   </div>
   <div class='ocr_carea' id='block_1_7' title="bbox 957 249 1456 363">
    <p class='ocr_par' dir='ltr' id='par_1_7' title="bbox 957 249 1456 363">
     <span class='ocr_line' id='line_1_7' title="bbox 957 249 1456 287; baseline -0.004 -1"><span class='ocrx_word' id='word_1_13' title='bbox 957 250 1083 286; x_wconf 84' lang='lat' dir='ltr'>ITEM</span> <span class='ocrx_word' id='word_1_14' title='bbox 1111 250 1254 286; x_wconf 80' lang='lat' dir='ltr'>UNDE</span> <span class='ocrx_word' id='word_1_15' title='bbox 1282 249 1456 287; x_wconf 87' lang='lat' dir='ltr'>SUPRA.</span> 
     </span>
     <span class='ocr_line' id='line_1_8' title="bbox 1059 319 1354 363; baseline -0.003 -12"><span class='ocrx_word' id='word_1_16' title='bbox 1059 319 1291 363; x_wconf 78' lang='lat' dir='ltr'><strong>[EPIsToLA</strong></span> <span class='ocrx_word' id='word_1_17' title='bbox 1318 320 1354 361; x_wconf 79' lang='grc'><strong>1.]</strong></span> 
     </span>
    </p>
   </div>
   <div class='ocr_carea' id='block_1_8' title="bbox 382 379 2029 466">
    <p class='ocr_par' dir='ltr' id='par_1_8' title="bbox 382 379 2029 466">
     <span class='ocr_line' id='line_1_9' title="bbox 487 379 2029 422; baseline -0.003 -7"><span class='ocrx_word' id='word_1_18' title='bbox 487 384 628 415; x_wconf 90' lang='lat' dir='ltr'><strong>Domino</strong></span> <span class='ocrx_word' id='word_1_19' title='bbox 665 393 703 413; x_wconf 86' lang='lat' dir='ltr'><strong>ae</strong></span> <span class='ocrx_word' id='word_1_20' title='bbox 738 381 914 414; x_wconf 81' lang='lat' dir='ltr'><strong>venerabili</strong></span> <span class='ocrx_word' id='word_1_21' title='bbox 952 382 1021 412; x_wconf 88' lang='lat' dir='ltr'><strong>viro</strong></span> <span class='ocrx_word' id='word_1_22' title='bbox 1061 379 1222 411; x_wconf 81' lang='lat' dir='ltr'><strong>Recehoni</strong></span> <span class='ocrx_word' id='word_1_23' title='bbox 1257 379 1437 412; x_wconf 86' lang='lat' dir='ltr'><strong>Bernaldus</strong></span> <span class='ocrx_word' id='word_1_24' title='bbox 1472 380 1539 412; x_wconf 82' lang='lat' dir='ltr'><strong>solo</strong></span> <span class='ocrx_word' id='word_1_25' title='bbox 1577 381 1706 411; x_wconf 90' lang='lat' dir='ltr'><strong>nomine</strong></span> <span class='ocrx_word' id='word_1_26' title='bbox 1744 380 1928 422; x_wconf 82' lang='lat' dir='ltr'><strong>presbyter,</strong></span> <span class='ocrx_word' id='word_1_27' title='bbox 1966 391 2029 412; x_wconf 91' lang='lat' dir='ltr'><strong>non</strong></span> 
     </span>
     <span class='ocr_line' id='line_1_10' title="bbox 382 434 534 466; baseline -0.007 0"><span class='ocrx_word' id='word_1_28' title='bbox 382 434 534 466; x_wconf 86' lang='lat' dir='ltr'><strong>moribus.</strong></span> 
     </span>
    </p>
   </div>
   <div class='ocr_carea' id='block_1_9' title="bbox 379 491 2031 1204">
    <p class='ocr_par' dir='ltr' id='par_1_9' title="bbox 382 491 2031 641">
     <span class='ocr_line' id='line_1_11' title="bbox 486 491 2031 536; baseline -0.002 -10"><span class='ocrx_word' id='word_1_29' title='bbox 486 496 567 527; x_wconf 87' lang='lat' dir='ltr'><strong>Cum</strong></span> <span class='ocrx_word' id='word_1_30' title='bbox 599 505 702 536; x_wconf 84' lang='lat' dir='ltr'><strong>nuper</strong></span> <span class='ocrx_word' id='word_1_31' title='bbox 732 493 828 524; x_wconf 88' lang='lat' dir='ltr'><strong>simul</strong></span> <span class='ocrx_word' id='word_1_32' title='bbox 861 503 1021 531; x_wconf 79' lang='lat' dir='ltr'><strong>essemus,</strong></span> <span class='ocrx_word' id='word_1_33' title='bbox 1052 491 1206 523; x_wconf 88' lang='lat' dir='ltr'><strong>nonnulla</strong></span> <span class='ocrx_word' id='word_1_34' title='bbox 1233 491 1272 523; x_wconf 89' lang='lat' dir='ltr'><strong>de</strong></span> <span class='ocrx_word' id='word_1_35' title='bbox 1299 491 1440 523; x_wconf 83' lang='lat' dir='ltr'>vitandis</span> <span class='ocrx_word' id='word_1_36' title='bbox 1472 493 1826 524; x_wconf 81' lang='lat' dir='ltr'><strong>excommunicatorum</strong></span> <span class='ocrx_word' id='word_1_37' title='bbox 1854 492 2031 523; x_wconf 88' lang='lat' dir='ltr'><strong>eommuni-</strong></span> 
     </span>
     <span class='ocr_line' id='line_1_12' title="bbox 382 543 2030 586; baseline -0.002 -8"><span class='ocrx_word' id='word_1_38' title='bbox 382 546 544 578; x_wconf 82' lang='lat' dir='ltr'><strong>catoribus</strong></span> <span class='ocrx_word' id='word_1_39' title='bbox 567 545 608 577; x_wconf 83' lang='lat' dir='ltr'><strong>ad</strong></span> <span class='ocrx_word' id='word_1_40' title='bbox 631 546 771 577; x_wconf 90' lang='lat' dir='ltr'><strong>invicem</strong></span> <span class='ocrx_word' id='word_1_41' title='bbox 795 544 1000 582; x_wconf 85' lang='lat' dir='ltr'><strong>contulimus,</strong></span> <span class='ocrx_word' id='word_1_42' title='bbox 1024 543 1079 574; x_wconf 83' lang='lat' dir='ltr'><strong>sed</strong></span> <span class='ocrx_word' id='word_1_43' title='bbox 1106 545 1181 586; x_wconf 84' lang='lat' dir='ltr'><strong>quia</strong></span> <span class='ocrx_word' id='word_1_44' title='bbox 1197 549 1273 574; x_wconf 91' lang='lat' dir='ltr'><strong>tunc</strong></span> <span class='ocrx_word' id='word_1_45' title='bbox 1290 550 1362 575; x_wconf 87' lang='lat' dir='ltr'><strong>tuae</strong></span> <span class='ocrx_word' id='word_1_46' title='bbox 1379 543 1537 575; x_wconf 80' lang='lat' dir='ltr'><strong>voluntati</strong></span> <span class='ocrx_word' id='word_1_47' title='bbox 1554 543 1759 575; x_wconf 79' lang='lat' dir='ltr'><strong>satisfacerea</strong></span> <span class='ocrx_word' id='word_1_48' title='bbox 1775 554 1838 574; x_wconf 92' lang='lat' dir='ltr'><strong>non</strong></span> <span class='ocrx_word' id='word_1_49' title='bbox 1854 544 2030 585; x_wconf 87' lang='lat' dir='ltr'><strong>potuimus,</strong></span> 
     </span>
     <span class='ocr_line' id='line_1_13' title="bbox 382 594 1776 641; baseline -0.002 -12"><span class='ocrx_word' id='word_1_50' title='bbox 382 599 510 641; x_wconf 84' lang='lat' dir='ltr'><strong>placuit,</strong></span> <span class='ocrx_word' id='word_1_51' title='bbox 534 604 569 629; x_wconf 89' lang='lat' dir='ltr'><strong>ut</strong></span> <span class='ocrx_word' id='word_1_52' title='bbox 591 597 641 629; x_wconf 83' lang='lat' dir='ltr'><strong>vel</strong></span> <span class='ocrx_word' id='word_1_53' title='bbox 665 595 838 628; x_wconf 89' lang='lat' dir='ltr'><strong>scribendo</strong></span> <span class='ocrx_word' id='word_1_54' title='bbox 862 595 920 627; x_wconf 89' lang='lat' dir='ltr'><strong>tibi</strong></span> <span class='ocrx_word' id='word_1_55' title='bbox 945 595 1218 634; x_wconf 78' lang='lat' dir='ltr'><strong>satisfaceremus,</strong></span> <span class='ocrx_word' id='word_1_56' title='bbox 1242 595 1329 637; x_wconf 91' lang='lat' dir='ltr'><strong>quod</strong></span> <span class='ocrx_word' id='word_1_57' title='bbox 1352 594 1565 637; x_wconf 88' lang='lat' dir='ltr'><strong>colloquendo</strong></span> <span class='ocrx_word' id='word_1_58' title='bbox 1589 606 1653 626; x_wconf 92' lang='lat' dir='ltr'><strong>non</strong></span> <span class='ocrx_word' id='word_1_59' title='bbox 1677 595 1776 626; x_wconf 89' lang='lat' dir='ltr'><strong>licuit.</strong></span> 
     </span>
    </p>

    <p class='ocr_par' dir='ltr' id='par_1_10' title="bbox 379 644 2031 1204">
     <span class='ocr_line' id='line_1_14' title="bbox 486 644 2031 689; baseline -0.002 -9"><span class='ocrx_word' id='word_1_60' title='bbox 486 650 606 680; x_wconf 80' lang='lat' dir='ltr'><strong>Beatus</strong></span> <span class='ocrx_word' id='word_1_61' title='bbox 636 648 797 680; x_wconf 83' lang='lat' dir='ltr'><strong>Calistus¹</strong></span> <span class='ocrx_word' id='word_1_62' title='bbox 831 658 916 689; x_wconf 85' lang='lat' dir='ltr'><strong>papa</strong></span> <span class='ocrx_word' id='word_1_63' title='bbox 946 653 977 678; x_wconf 89' lang='lat' dir='ltr'><strong>et</strong></span> <span class='ocrx_word' id='word_1_64' title='bbox 1008 647 1128 687; x_wconf 88' lang='lat' dir='ltr'><strong>martir,</strong></span> <span class='ocrx_word' id='word_1_65' title='bbox 1158 647 1207 677; x_wconf 85' lang='lat' dir='ltr'><strong>vir</strong></span> <span class='ocrx_word' id='word_1_66' title='bbox 1236 646 1443 688; x_wconf 89' lang='lat' dir='ltr'><strong>apostolicus,</strong></span> <span class='ocrx_word' id='word_1_67' title='bbox 1475 647 1507 677; x_wconf 89' lang='lat' dir='ltr'><strong>in</strong></span> <span class='ocrx_word' id='word_1_68' title='bbox 1537 647 1603 678; x_wconf 84' lang='lat' dir='ltr'><strong>suis</strong></span> <span class='ocrx_word' id='word_1_69' title='bbox 1637 645 1852 678; x_wconf 83' lang='lat' dir='ltr'><strong>decretalibus</strong></span> <span class='ocrx_word' id='word_1_70' title='bbox 1885 644 2031 688; x_wconf 86' lang='lat' dir='ltr'><strong>epistolis</strong></span> 
     </span>
     <span class='ocr_line' id='line_1_15' title="bbox 380 697 2030 741; baseline -0.002 -10"><span class='ocrx_word' id='word_1_71' title='bbox 380 700 477 731; x_wconf 77' lang='lat' dir='ltr'><strong>1111⁰r</strong></span> <span class='ocrx_word' id='word_1_72' title='bbox 493 711 544 731; x_wconf 85' lang='lat' dir='ltr'><strong>res</strong></span> <span class='ocrx_word' id='word_1_73' title='bbox 561 707 737 738; x_wconf 82' lang='lat' dir='ltr'><strong>enumerat,</strong></span> <span class='ocrx_word' id='word_1_74' title='bbox 761 700 794 730; x_wconf 90' lang='lat' dir='ltr'><strong>in</strong></span> <span class='ocrx_word' id='word_1_75' title='bbox 811 699 927 741; x_wconf 89' lang='lat' dir='ltr'><strong>quibus</strong></span> <span class='ocrx_word' id='word_1_76' title='bbox 944 699 1263 730; x_wconf 80' lang='lat' dir='ltr'><strong>excommunicatum</strong></span> <span class='ocrx_word' id='word_1_77' title='bbox 1279 698 1381 729; x_wconf 85' lang='lat' dir='ltr'><strong>vitare</strong></span> <span class='ocrx_word' id='word_1_78' title='bbox 1402 697 1587 737; x_wconf 87' lang='lat' dir='ltr'><strong>debeamus,</strong></span> <span class='ocrx_word' id='word_1_79' title='bbox 1610 698 1761 729; x_wconf 85' lang='lat' dir='ltr'><strong>videlicet</strong></span> <span class='ocrx_word' id='word_1_80' title='bbox 1776 699 1808 728; x_wconf 94' lang='lat' dir='ltr'><strong>in</strong></span> <span class='ocrx_word' id='word_1_81' title='bbox 1826 697 2030 739; x_wconf 86' lang='lat' dir='ltr'><strong>salutatione,</strong></span> 
     </span>
     <span class='ocr_line' id='line_1_16' title="bbox 379 749 2030 791; baseline -0.001 -9"><span class='ocrx_word' id='word_1_82' title='bbox 379 753 410 782; x_wconf 88' lang='lat' dir='ltr'><strong>in</strong></span> <span class='ocrx_word' id='word_1_83' title='bbox 435 750 554 791; x_wconf 77' lang='lat' dir='ltr'><strong>osculo,</strong></span> <span class='ocrx_word' id='word_1_84' title='bbox 578 752 610 782; x_wconf 91' lang='lat' dir='ltr'><strong>in</strong></span> <span class='ocrx_word' id='word_1_85' title='bbox 636 753 789 790; x_wconf 81' lang='lat' dir='ltr'><strong>oratione,</strong></span> <span class='ocrx_word' id='word_1_86' title='bbox 814 752 846 781; x_wconf 90' lang='lat' dir='ltr'><strong>in</strong></span> <span class='ocrx_word' id='word_1_87' title='bbox 871 751 1032 781; x_wconf 83' lang='lat' dir='ltr'><strong>convictu.</strong></span> <span class='ocrx_word' id='word_1_88' title='bbox 1076 749 1201 781; x_wconf 85' lang='lat' dir='ltr'><strong>Deinde</strong></span> <span class='ocrx_word' id='word_1_89' title='bbox 1225 750 1416 781; x_wconf 81' lang='lat' dir='ltr'><strong>sententiam</strong></span> <span class='ocrx_word' id='word_1_90' title='bbox 1447 749 1485 780; x_wconf 91' lang='lat' dir='ltr'><strong>de</strong></span> <span class='ocrx_word' id='word_1_91' title='bbox 1514 750 1788 781; x_wconf 81' lang='lat' dir='ltr'><strong>communicatore</strong></span> <span class='ocrx_word' id='word_1_92' title='bbox 1811 749 2030 781; x_wconf 83' lang='lat' dir='ltr'><strong>excommuni-</strong></span> 
     </span>
     <span class='ocr_line' id='line_1_17' title="bbox 380 801 2029 844; baseline -0.001 -10"><span class='ocrx_word' id='word_1_93' title='bbox 380 804 442 834; x_wconf 83' lang='lat' dir='ltr'><strong>cati</strong></span> <span class='ocrx_word' id='word_1_94' title='bbox 467 803 682 844; x_wconf 85' lang='lat' dir='ltr'><strong>subiungens:</strong></span> <span class='ocrx_word' id='word_1_95' title='bbox 709 802 913 844; x_wconf 72' lang='lat' dir='ltr'><strong>Quicunque,</strong></span> <span class='ocrx_word' id='word_1_96' title='bbox 937 801 1060 843; x_wconf 85' lang='lat' dir='ltr'><strong>inquid,</strong></span> <span class='ocrx_word' id='word_1_97' title='bbox 1086 803 1119 832; x_wconf 86' lang='lat' dir='ltr'><strong>in</strong></span> <span class='ocrx_word' id='word_1_98' title='bbox 1145 802 1196 833; x_wconf 71' lang='lat' dir='ltr'><strong>leis</strong></span> <span class='ocrx_word' id='word_1_99' title='bbox 1219 801 1267 832; x_wconf 87' lang='lat' dir='ltr'><strong>vel</strong></span> <span class='ocrx_word' id='word_1_100' title='bbox 1292 803 1325 832; x_wconf 86' lang='lat' dir='ltr'><strong>in</strong></span> <span class='ocrx_word' id='word_1_101' title='bbox 1351 801 1430 832; x_wconf 83' lang='lat' dir='ltr'><strong>aliis</strong></span> <span class='ocrx_word' id='word_1_102' title='bbox 1451 801 1628 842; x_wconf 75' lang='lat' dir='ltr'><strong>prohibitis</strong></span> <span class='ocrx_word' id='word_1_103' title='bbox 1651 803 1788 832; x_wconf 78' lang='lat' dir='ltr'><strong>scienter</strong></span> <span class='ocrx_word' id='word_1_104' title='bbox 1810 802 2029 832; x_wconf 72' lang='lat' dir='ltr'><strong>excommuni-</strong></span> 
     </span>
     <span class='ocr_line' id='line_1_18' title="bbox 380 852 2031 895; baseline -0.002 -9"><span class='ocrx_word' id='word_1_105' title='bbox 380 856 462 886; x_wconf 83' lang='lat' dir='ltr'><strong>catis</strong></span> <span class='ocrx_word' id='word_1_106' title='bbox 485 855 782 894; x_wconf 75' lang='lat' dir='ltr'><strong>communicaverit,</strong></span> <span class='ocrx_word' id='word_1_107' title='bbox 805 855 901 884; x_wconf 80' lang='lat' dir='ltr'><strong>iuaeta</strong></span> <span class='ocrx_word' id='word_1_108' title='bbox 926 854 1163 884; x_wconf 63' lang='lat' dir='ltr'><strong>institucionem</strong></span> <span class='ocrx_word' id='word_1_109' title='bbox 1189 852 1405 895; x_wconf 79' lang='lat' dir='ltr'><strong>apostolorum</strong></span> <span class='ocrx_word' id='word_1_110' title='bbox 1428 858 1454 884; x_wconf 86' lang='lat' dir='ltr'><strong>et</strong></span> <span class='ocrx_word' id='word_1_111' title='bbox 1478 854 1549 894; x_wconf 86' lang='lat' dir='ltr'><strong>ipse</strong></span> <span class='ocrx_word' id='word_1_112' title='bbox 1576 853 1678 884; x_wconf 78' lang='lat' dir='ltr'><strong>simili</strong></span> <span class='ocrx_word' id='word_1_113' title='bbox 1701 853 2031 884; x_wconf 78' lang='lat' dir='ltr'><strong>eaecommunicationi</strong></span> 
     </span>
     <span class='ocr_line' id='line_1_19' title="bbox 380 904 2028 948; baseline -0.001 -11"><span class='ocrx_word' id='word_1_114' title='bbox 380 907 567 945; x_wconf 64' lang='lat' dir='ltr'><strong>sabinam,-</strong></span> <span class='ocrx_word' id='word_1_115' title='bbox 591 907 712 948; x_wconf 84' lang='lat' dir='ltr'><strong>quippe</strong></span> <span class='ocrx_word' id='word_1_116' title='bbox 736 912 770 936; x_wconf 90' lang='lat' dir='ltr'><strong>ut</strong></span> <span class='ocrx_word' id='word_1_117' title='bbox 793 905 1064 937; x_wconf 80' lang='lat' dir='ltr'><strong>excommunicati</strong></span> <span class='ocrx_word' id='word_1_118' title='bbox 1090 905 1346 935; x_wconf 84' lang='lat' dir='ltr'><strong>communicator</strong></span> <span class='ocrx_word' id='word_1_119' title='bbox 1369 904 1533 935; x_wconf 79' lang='lat' dir='ltr'><strong>devitetur</strong></span> <span class='ocrx_word' id='word_1_120' title='bbox 1556 915 1637 947; x_wconf 74' lang='lat' dir='ltr'><strong>eque</strong></span> <span class='ocrx_word' id='word_1_121' title='bbox 1661 910 1696 935; x_wconf 94' lang='lat' dir='ltr'><strong>ut</strong></span> <span class='ocrx_word' id='word_1_122' title='bbox 1718 904 2028 936; x_wconf 85' lang='lat' dir='ltr'><strong>excommunicatus.</strong></span> 
     </span>
     <span class='ocr_line' id='line_1_20' title="bbox 379 955 2030 998; baseline -0.001 -10"><span class='ocrx_word' id='word_1_123' title='bbox 379 958 464 989; x_wconf 88' lang='lat' dir='ltr'><strong>Hinc</strong></span> <span class='ocrx_word' id='word_1_124' title='bbox 486 957 600 989; x_wconf 85' lang='lat' dir='ltr'><strong>beatus</strong></span> <span class='ocrx_word' id='word_1_125' title='bbox 617 956 766 988; x_wconf 83' lang='lat' dir='ltr'><strong>Gelasius</strong></span> <span class='ocrx_word' id='word_1_126' title='bbox 778 962 789 978; x_wconf 53' lang='grc' dir='ltr'><strong>’ἔ</strong></span> <span class='ocrx_word' id='word_1_127' title='bbox 813 967 897 998; x_wconf 85' lang='lat' dir='ltr'><strong>papa</strong></span> <span class='ocrx_word' id='word_1_128' title='bbox 921 955 1064 987; x_wconf 89' lang='lat' dir='ltr'><strong>scribens</strong></span> <span class='ocrx_word' id='word_1_129' title='bbox 1089 955 1298 987; x_wconf 81' lang='lat' dir='ltr'><strong>orientalibus</strong></span> <span class='ocrx_word' id='word_1_130' title='bbox 1315 956 1478 998; x_wconf 83' lang='lat' dir='ltr'><strong>episcopis</strong></span> <span class='ocrx_word' id='word_1_131' title='bbox 1495 955 1534 987; x_wconf 87' lang='lat' dir='ltr'><strong>de</strong></span> <span class='ocrx_word' id='word_1_132' title='bbox 1552 956 1667 986; x_wconf 86' lang='lat' dir='ltr'><strong>Acatio</strong></span> <span class='ocrx_word' id='word_1_133' title='bbox 1685 956 1959 987; x_wconf 85' lang='lat' dir='ltr'><strong>communicatore</strong></span> <span class='ocrx_word' id='word_1_134' title='bbox 1975 966 2030 987; x_wconf 80' lang='lat' dir='ltr'><strong>ex-</strong></span> 
     </span>
     <span class='ocr_line' id='line_1_21' title="bbox 380 1007 2029 1049; baseline -0.001 -9"><span class='ocrx_word' id='word_1_135' title='bbox 380 1010 688 1041; x_wconf 85' lang='lat' dir='ltr'><strong>communicatorum</strong></span> <span class='ocrx_word' id='word_1_136' title='bbox 711 1009 755 1039; x_wconf 81' lang='lat' dir='ltr'><strong>ita</strong></span> <span class='ocrx_word' id='word_1_137' title='bbox 775 1007 942 1039; x_wconf 79' lang='lat' dir='ltr'><strong>discernit:</strong></span> <span class='ocrx_word' id='word_1_138' title='bbox 966 1008 1082 1038; x_wconf 81' lang='lat' dir='ltr'><strong>Omnes</strong></span> <span class='ocrx_word' id='word_1_139' title='bbox 1103 1008 1283 1048; x_wconf 77' lang='lat' dir='ltr'><strong>complices,</strong></span> <span class='ocrx_word' id='word_1_140' title='bbox 1300 1008 1494 1047; x_wconf 75' lang='lat' dir='ltr'><strong>‘sectatores,</strong></span> <span class='ocrx_word' id='word_1_141' title='bbox 1515 1009 1804 1039; x_wconf 76' lang='lat' dir='ltr'><strong>communicatores</strong></span> <span class='ocrx_word' id='word_1_142' title='bbox 1827 1007 2029 1049; x_wconf 83' lang='lat' dir='ltr'><strong>dampnatae</strong></span> 
     </span>
     <span class='ocr_line' id='line_1_22' title="bbox 379 1057 2030 1103; baseline -0.001 -12"><span class='ocrx_word' id='word_1_143' title='bbox 379 1061 472 1091; x_wconf 81' lang='lat' dir='ltr'><strong>semel</strong></span> <span class='ocrx_word' id='word_1_144' title='bbox 491 1062 672 1103; x_wconf 76' lang='lat' dir='ltr'><strong>pravitatis</strong></span> <span class='ocrx_word' id='word_1_145' title='bbox 695 1061 776 1101; x_wconf 75' lang='lat' dir='ltr'><strong>puri</strong></span> <span class='ocrx_word' id='word_1_146' title='bbox 798 1065 880 1091; x_wconf 82' lang='lat' dir='ltr'><strong>sorte</strong></span> <span class='ocrx_word' id='word_1_147' title='bbox 903 1064 1084 1091; x_wconf 75' lang='lat' dir='ltr'><strong>censentur.</strong></span> <span class='ocrx_word' id='word_1_148' title='bbox 1139 1058 1297 1098; x_wconf 78' lang='lat' dir='ltr'><strong>Quamvis</strong></span> <span class='ocrx_word' id='word_1_149' title='bbox 1321 1059 1406 1089; x_wconf 85' lang='lat' dir='ltr'><strong>enim</strong></span> <span class='ocrx_word' id='word_1_150' title='bbox 1431 1064 1524 1090; x_wconf 84' lang='lat' dir='ltr'><strong>extra</strong></span> <span class='ocrx_word' id='word_1_151' title='bbox 1547 1059 1737 1090; x_wconf 86' lang='lat' dir='ltr'><strong>aecclesiam</strong></span> <span class='ocrx_word' id='word_1_152' title='bbox 1762 1058 1844 1090; x_wconf 90' lang='lat' dir='ltr'><strong>alius</strong></span> <span class='ocrx_word' id='word_1_153' title='bbox 1867 1057 1929 1090; x_wconf 88' lang='lat' dir='ltr'><strong>alio</strong></span> <span class='ocrx_word' id='word_1_154' title='bbox 1954 1057 2030 1090; x_wconf 89' lang='lat' dir='ltr'><strong>tole-</strong></span> 
     </span>
     <span class='ocr_line' id='line_1_23' title="bbox 379 1109 2030 1153; baseline -0.001 -10"><span class='ocrx_word' id='word_1_155' title='bbox 379 1112 511 1143; x_wconf 86' lang='lat' dir='ltr'><strong>rabilius</strong></span> <span class='ocrx_word' id='word_1_156' title='bbox 535 1118 656 1153; x_wconf 85' lang='lat' dir='ltr'><strong>peccet,</strong></span> <span class='ocrx_word' id='word_1_157' title='bbox 687 1113 718 1142; x_wconf 93' lang='lat' dir='ltr'><strong>in</strong></span> <span class='ocrx_word' id='word_1_158' title='bbox 743 1111 802 1142; x_wconf 88' lang='lat' dir='ltr'><strong>hoc</strong></span> <span class='ocrx_word' id='word_1_159' title='bbox 825 1116 933 1142; x_wconf 85' lang='lat' dir='ltr'><strong>tamen</strong></span> <span class='ocrx_word' id='word_1_160' title='bbox 956 1121 1050 1152; x_wconf 84' lang='lat' dir='ltr'><strong>pares</strong></span> <span class='ocrx_word' id='word_1_161' title='bbox 1074 1115 1274 1152; x_wconf 84' lang='lat' dir='ltr'><strong>reputantur,</strong></span> <span class='ocrx_word' id='word_1_162' title='bbox 1298 1111 1372 1152; x_wconf 85' lang='lat' dir='ltr'><strong>quia</strong></span> <span class='ocrx_word' id='word_1_163' title='bbox 1396 1109 1500 1141; x_wconf 88' lang='lat' dir='ltr'><strong>nullus</strong></span> <span class='ocrx_word' id='word_1_164' title='bbox 1525 1121 1636 1142; x_wconf 88' lang='lat' dir='ltr'><strong>eorum</strong></span> <span class='ocrx_word' id='word_1_165' title='bbox 1661 1111 1692 1141; x_wconf 91' lang='lat' dir='ltr'><strong>in</strong></span> <span class='ocrx_word' id='word_1_166' title='bbox 1717 1109 1905 1142; x_wconf 86' lang='lat' dir='ltr'><strong>catholicam</strong></span> <span class='ocrx_word' id='word_1_167' title='bbox 1929 1111 2030 1142; x_wconf 88' lang='lat' dir='ltr'><strong>socie-</strong></span> 
     </span>
     <span class='ocr_line' id='line_1_24' title="bbox 380 1161 1421 1204; baseline -0.003 -9"><span class='ocrx_word' id='word_1_168' title='bbox 380 1169 476 1195; x_wconf 82' lang='lat' dir='ltr'><strong>tatem</strong></span> <span class='ocrx_word' id='word_1_169' title='bbox 500 1163 704 1204; x_wconf 83' lang='lat' dir='ltr'><strong>recipiendus</strong></span> <span class='ocrx_word' id='word_1_170' title='bbox 728 1169 787 1201; x_wconf 90' lang='lat' dir='ltr'><strong>est,</strong></span> <span class='ocrx_word' id='word_1_171' title='bbox 809 1163 869 1193; x_wconf 88' lang='lat' dir='ltr'><strong>nisi</strong></span> <span class='ocrx_word' id='word_1_172' title='bbox 893 1161 1049 1193; x_wconf 86' lang='lat' dir='ltr'><strong>catholico</strong></span> <span class='ocrx_word' id='word_1_173' title='bbox 1073 1172 1161 1192; x_wconf 90' lang='lat' dir='ltr'><strong>more</strong></span> <span class='ocrx_word' id='word_1_174' title='bbox 1185 1161 1421 1193; x_wconf 83' lang='lat' dir='ltr'><strong>reconcilietur.</strong></span> 
     </span>
    </p>
   </div>
   <div class='ocr_carea' id='block_1_10' title="bbox 379 1222 2031 1575">
    <p class='ocr_par' dir='ltr' id='par_1_11' title="bbox 379 1222 2031 1575">
     <span class='ocr_line' id='line_1_25' title="bbox 486 1222 2030 1266; baseline -0.001 -11"><span class='ocrx_word' id='word_1_175' title='bbox 486 1224 596 1255; x_wconf 82' lang='lat' dir='ltr'><strong>Idem³</strong></span> <span class='ocrx_word' id='word_1_176' title='bbox 630 1224 662 1254; x_wconf 93' lang='lat' dir='ltr'><strong>in</strong></span> <span class='ocrx_word' id='word_1_177' title='bbox 697 1223 905 1266; x_wconf 88' lang='lat' dir='ltr'><strong>sequentibus</strong></span> <span class='ocrx_word' id='word_1_178' title='bbox 940 1223 980 1254; x_wconf 86' lang='lat' dir='ltr'><strong>ad</strong></span> <span class='ocrx_word' id='word_1_179' title='bbox 1019 1222 1148 1254; x_wconf 85' lang='lat' dir='ltr'><strong>eosdem</strong></span> <span class='ocrx_word' id='word_1_180' title='bbox 1188 1223 1226 1254; x_wconf 89' lang='lat' dir='ltr'><strong>de</strong></span> <span class='ocrx_word' id='word_1_181' title='bbox 1263 1223 1402 1254; x_wconf 85' lang='lat' dir='ltr'><strong>vitandis</strong></span> <span class='ocrx_word' id='word_1_182' title='bbox 1441 1222 1772 1254; x_wconf 78' lang='lat' dir='ltr'><strong>communicatoribus</strong></span> <span class='ocrx_word' id='word_1_183' title='bbox 1810 1222 2030 1254; x_wconf 81' lang='lat' dir='ltr'><strong>exeommuni-</strong></span> 
     </span>
     <span class='ocr_line' id='line_1_26' title="bbox 381 1275 2029 1318; baseline -0.001 -12"><span class='ocrx_word' id='word_1_184' title='bbox 381 1281 540 1307; x_wconf 85' lang='lat' dir='ltr'><strong>eatorum:</strong></span> <span class='ocrx_word' id='word_1_185' title='bbox 573 1276 682 1316; x_wconf 70' lang='lat' dir='ltr'><strong>Nihil,</strong></span> <span class='ocrx_word' id='word_1_186' title='bbox 712 1276 832 1318; x_wconf 87' lang='lat' dir='ltr'><strong>inquit,</strong></span> <span class='ocrx_word' id='word_1_187' title='bbox 864 1275 976 1306; x_wconf 68' lang='lat' dir='ltr'><strong>vnobisl&#39;</strong></span> <span class='ocrx_word' id='word_1_188' title='bbox 1005 1286 1172 1306; x_wconf 78' lang='lat' dir='ltr'><strong>commune</strong></span> <span class='ocrx_word' id='word_1_189' title='bbox 1201 1287 1270 1306; x_wconf 85' lang='lat' dir='ltr'><strong>cum</strong></span> <span class='ocrx_word' id='word_1_190' title='bbox 1305 1275 1490 1306; x_wconf 76' lang='lat' dir='ltr'><strong>hominibus</strong></span> <span class='ocrx_word' id='word_1_191' title='bbox 1527 1275 1832 1306; x_wconf 77' lang='lat' dir='ltr'><strong>communicationis</strong></span> <span class='ocrx_word' id='word_1_192' title='bbox 1866 1279 2029 1305; x_wconf 77' lang='lat' dir='ltr'><strong>eaeternae.</strong></span> 
     </span>
     <span class='ocr_line' id='line_1_27' title="bbox 379 1326 2030 1368; baseline -0.001 -10"><span class='ocrx_word' id='word_1_193' title='bbox 379 1327 491 1358; x_wconf 61' lang='lat' dir='ltr'><strong>Idem*¹</strong></span> <span class='ocrx_word' id='word_1_194' title='bbox 516 1329 547 1358; x_wconf 91' lang='lat' dir='ltr'><strong>in</strong></span> <span class='ocrx_word' id='word_1_195' title='bbox 571 1327 799 1368; x_wconf 85' lang='lat' dir='ltr'><strong>sequentibus:</strong></span> <span class='ocrx_word' id='word_1_196' title='bbox 826 1327 915 1362; x_wconf 70' lang='lat' dir='ltr'><strong>Quid</strong></span> <span class='ocrx_word' id='word_1_197' title='bbox 940 1327 1042 1366; x_wconf 80' lang='lat' dir='ltr'><strong>iuvat,</strong></span> <span class='ocrx_word' id='word_1_198' title='bbox 1071 1328 1097 1356; x_wconf 84' lang='lat' dir='ltr'><strong>si</strong></span> <span class='ocrx_word' id='word_1_199' title='bbox 1121 1327 1194 1368; x_wconf 74' lang='lat' dir='ltr'><strong>quis</strong></span> <span class='ocrx_word' id='word_1_200' title='bbox 1215 1327 1318 1357; x_wconf 83' lang='lat' dir='ltr'><strong>alicui</strong></span> <span class='ocrx_word' id='word_1_201' title='bbox 1341 1327 1536 1358; x_wconf 78' lang='lat' dir='ltr'><strong>evidentiori</strong></span> <span class='ocrx_word' id='word_1_202' title='bbox 1559 1326 1696 1357; x_wconf 73' lang='lat' dir='ltr'><strong>heretico</strong></span> <span class='ocrx_word' id='word_1_203' title='bbox 1720 1337 1786 1357; x_wconf 87' lang='lat' dir='ltr'><strong>non</strong></span> <span class='ocrx_word' id='word_1_204' title='bbox 1811 1326 2030 1365; x_wconf 83' lang='lat' dir='ltr'><strong>communicet,</strong></span> 
     </span>
     <span class='ocr_line' id='line_1_28' title="bbox 380 1375 2029 1420; baseline -0.001 -11"><span class='ocrx_word' id='word_1_205' title='bbox 380 1385 407 1409; x_wconf 84' lang='lat' dir='ltr'><strong>ct</strong></span> <span class='ocrx_word' id='word_1_206' title='bbox 430 1381 459 1410; x_wconf 84' lang='lat' dir='ltr'><strong>is</strong></span> <span class='ocrx_word' id='word_1_207' title='bbox 482 1384 589 1410; x_wconf 79' lang='lat' dir='ltr'><strong>tamen</strong></span> <span class='ocrx_word' id='word_1_208' title='bbox 613 1380 837 1410; x_wconf 79' lang='lat' dir='ltr'><strong>communione</strong></span> <span class='ocrx_word' id='word_1_209' title='bbox 863 1380 1034 1420; x_wconf 62' lang='lat' dir='ltr'><strong>iungatur,</strong></span> <span class='ocrx_word' id='word_1_210' title='bbox 1058 1380 1114 1419; x_wconf 81' lang='lat' dir='ltr'><strong>qui</strong></span> <span class='ocrx_word' id='word_1_211' title='bbox 1138 1378 1178 1408; x_wconf 78' lang='lat' dir='ltr'><strong>ab</strong></span> <span class='ocrx_word' id='word_1_212' title='bbox 1204 1378 1292 1409; x_wconf 84' lang='lat' dir='ltr'><strong>illius</strong></span> <span class='ocrx_word' id='word_1_213' title='bbox 1318 1389 1382 1409; x_wconf 82' lang='lat' dir='ltr'><strong>non</strong></span> <span class='ocrx_word' id='word_1_214' title='bbox 1407 1383 1482 1408; x_wconf 83' lang='lat' dir='ltr'><strong>sunt</strong></span> <span class='ocrx_word' id='word_1_215' title='bbox 1506 1379 1730 1409; x_wconf 82' lang='lat' dir='ltr'><strong>communione</strong></span> <span class='ocrx_word' id='word_1_216' title='bbox 1747 1378 1892 1409; x_wconf 82' lang='lat' dir='ltr'><strong>diversi?</strong></span> <span class='ocrx_word' id='word_1_217' title='bbox 1935 1375 2029 1408; x_wconf 87' lang='lat' dir='ltr'><strong>Unde</strong></span> 
     </span>
     <span class='ocr_line' id='line_1_29' title="bbox 380 1427 2029 1471; baseline -0.001 -10"><span class='ocrx_word' id='word_1_218' title='bbox 380 1436 410 1462; x_wconf 90' lang='lat' dir='ltr'><strong>et</strong></span> <span class='ocrx_word' id='word_1_219' title='bbox 434 1430 524 1461; x_wconf 89' lang='lat' dir='ltr'><strong>multi</strong></span> <span class='ocrx_word' id='word_1_220' title='bbox 548 1430 689 1471; x_wconf 83' lang='lat' dir='ltr'><strong>religiosi</strong></span> <span class='ocrx_word' id='word_1_221' title='bbox 714 1442 753 1461; x_wconf 83' lang='lat' dir='ltr'><strong>ex</strong></span> <span class='ocrx_word' id='word_1_222' title='bbox 779 1431 931 1461; x_wconf 78' lang='lat' dir='ltr'><strong>Romanis</strong></span> <span class='ocrx_word' id='word_1_223' title='bbox 963 1441 996 1460; x_wconf 89' lang='lat' dir='ltr'><strong>se</strong></span> <span class='ocrx_word' id='word_1_224' title='bbox 1024 1440 1043 1459; x_wconf 86' lang='lat' dir='ltr'><strong>a</strong></span> <span class='ocrx_word' id='word_1_225' title='bbox 1072 1430 1297 1460; x_wconf 86' lang='lat' dir='ltr'><strong>communione</strong></span> <span class='ocrx_word' id='word_1_226' title='bbox 1321 1430 1485 1460; x_wconf 79' lang='lat' dir='ltr'><strong>Anastasii</strong></span> <span class='ocrx_word' id='word_1_227' title='bbox 1516 1440 1620 1471; x_wconf 87' lang='lat' dir='ltr'><strong>papae</strong></span> <span class='ocrx_word' id='word_1_228' title='bbox 1647 1429 1847 1461; x_wconf 88' lang='lat' dir='ltr'><strong>subtraxisse</strong></span> <span class='ocrx_word' id='word_1_229' title='bbox 1870 1427 2029 1470; x_wconf 87' lang='lat' dir='ltr'><strong>leguntur,</strong></span> 
     </span>
     <span class='ocr_line' id='line_1_30' title="bbox 380 1479 2031 1523; baseline -0.001 -11"><span class='ocrx_word' id='word_1_230' title='bbox 380 1492 418 1512; x_wconf 92' lang='lat' dir='ltr'><strong>eo</strong></span> <span class='ocrx_word' id='word_1_231' title='bbox 443 1482 528 1523; x_wconf 81' lang='lat' dir='ltr'><strong>quod</strong></span> <span class='ocrx_word' id='word_1_232' title='bbox 554 1483 622 1522; x_wconf 88' lang='lat' dir='ltr'><strong>ipse</strong></span> <span class='ocrx_word' id='word_1_233' title='bbox 647 1483 775 1513; x_wconf 78' lang='lat' dir='ltr'><strong>cuidam</strong></span> <span class='ocrx_word' id='word_1_234' title='bbox 799 1482 935 1512; x_wconf 89' lang='lat' dir='ltr'><strong>diacono</strong></span> <span class='ocrx_word' id='word_1_235' title='bbox 960 1480 1201 1512; x_wconf 87' lang='lat' dir='ltr'><strong>Tesalonicensi</strong></span> <span class='ocrx_word' id='word_1_236' title='bbox 1227 1481 1522 1521; x_wconf 84' lang='lat' dir='ltr'><strong>communicaverit,</strong></span> <span class='ocrx_word' id='word_1_237' title='bbox 1547 1482 1602 1523; x_wconf 88' lang='lat' dir='ltr'><strong>qui</strong></span> <span class='ocrx_word' id='word_1_238' title='bbox 1626 1482 1689 1512; x_wconf 88' lang='lat' dir='ltr'><strong>iam</strong></span> <span class='ocrx_word' id='word_1_239' title='bbox 1714 1481 1830 1512; x_wconf 86' lang='lat' dir='ltr'><strong>Acatio</strong></span> <span class='ocrx_word' id='word_1_240' title='bbox 1854 1479 2031 1512; x_wconf 91' lang='lat' dir='ltr'><strong>communi-</strong></span> 
     </span>
     <span class='ocr_line' id='line_1_31' title="bbox 381 1532 1285 1575; baseline -0.002 -11"><span class='ocrx_word' id='word_1_241' title='bbox 381 1534 481 1572; x_wconf 58' lang='lat' dir='ltr'><strong>cavitg</strong></span> <span class='ocrx_word' id='word_1_242' title='bbox 507 1534 552 1564; x_wconf 79' lang='lat' dir='ltr'><strong>sic</strong></span> <span class='ocrx_word' id='word_1_243' title='bbox 577 1534 661 1564; x_wconf 89' lang='lat' dir='ltr'><strong>enim</strong></span> <span class='ocrx_word' id='word_1_244' title='bbox 689 1535 874 1565; x_wconf 57' lang='lat' dir='ltr'><strong>Ilomanusff’</strong></span> <span class='ocrx_word' id='word_1_245' title='bbox 898 1532 1115 1575; x_wconf 80' lang='lat' dir='ltr'><strong>pontificalisc</strong></span> <span class='ocrx_word' id='word_1_246' title='bbox 1140 1537 1285 1563; x_wconf 84' lang='lat' dir='ltr'><strong>testatur.</strong></span> 
     </span>
    </p>
   </div>
   <div class='ocr_carea' id='block_1_11' title="bbox 376 1592 2032 2467">
    <p class='ocr_par' dir='ltr' id='par_1_12' title="bbox 376 1592 2032 2203">
     <span class='ocr_line' id='line_1_32' title="bbox 486 1592 2030 1636; baseline -0.001 -12"><span class='ocrx_word' id='word_1_247' title='bbox 486 1594 552 1625; x_wconf 89' lang='lat' dir='ltr'><strong>Nee</strong></span> <span class='ocrx_word' id='word_1_248' title='bbox 581 1595 705 1625; x_wconf 80' lang='lat' dir='ltr'><strong>mireris</strong></span> <span class='ocrx_word' id='word_1_249' title='bbox 733 1595 1042 1625; x_wconf 82' lang='lat' dir='ltr'><strong>comnnmieatorem</strong></span> <span class='ocrx_word' id='word_1_250' title='bbox 1067 1593 1340 1624; x_wconf 78' lang='lat' dir='ltr'><strong>excommunicati</strong></span> <span class='ocrx_word' id='word_1_251' title='bbox 1372 1605 1453 1636; x_wconf 86' lang='lat' dir='ltr'><strong>eque</strong></span> <span class='ocrx_word' id='word_1_252' title='bbox 1477 1598 1512 1624; x_wconf 90' lang='lat' dir='ltr'><strong>ut</strong></span> <span class='ocrx_word' id='word_1_253' title='bbox 1535 1595 1850 1625; x_wconf 81' lang='lat' dir='ltr'><strong>excommunicatum</strong></span> <span class='ocrx_word' id='word_1_254' title='bbox 1874 1592 2030 1631; x_wconf 86' lang='lat' dir='ltr'><strong>devitare,</strong></span> 
     </span>
     <span class='ocr_line' id='line_1_33' title="bbox 381 1643 2031 1687; baseline -0.001 -11"><span class='ocrx_word' id='word_1_255' title='bbox 381 1657 453 1676; x_wconf 90' lang='lat' dir='ltr'><strong>cum</strong></span> <span class='ocrx_word' id='word_1_256' title='bbox 485 1646 545 1676; x_wconf 88' lang='lat' dir='ltr'><strong>sub</strong></span> <span class='ocrx_word' id='word_1_257' title='bbox 576 1646 687 1677; x_wconf 85' lang='lat' dir='ltr'><strong>cadem</strong></span> <span class='ocrx_word' id='word_1_258' title='bbox 720 1647 893 1685; x_wconf 71' lang='lat' dir='ltr'><strong>sententia,</strong></span> <span class='ocrx_word' id='word_1_259' title='bbox 925 1652 959 1676; x_wconf 91' lang='lat' dir='ltr'><strong>ut</strong></span> <span class='ocrx_word' id='word_1_260' title='bbox 990 1646 1171 1687; x_wconf 86' lang='lat' dir='ltr'><strong>predictum</strong></span> <span class='ocrx_word' id='word_1_261' title='bbox 1203 1651 1266 1683; x_wconf 85' lang='lat' dir='ltr'><strong>est,</strong></span> <span class='ocrx_word' id='word_1_262' title='bbox 1298 1651 1446 1676; x_wconf 85' lang='lat' dir='ltr'><strong>teneatur</strong></span> <span class='ocrx_word' id='word_1_263' title='bbox 1477 1645 1658 1677; x_wconf 87' lang='lat' dir='ltr'><strong>obstrictus.</strong></span> <span class='ocrx_word' id='word_1_264' title='bbox 1712 1645 1798 1676; x_wconf 90' lang='lat' dir='ltr'><strong>Hinc</strong></span> <span class='ocrx_word' id='word_1_265' title='bbox 1827 1644 1944 1684; x_wconf 77' lang='lat' dir='ltr'><strong>idem0,</strong></span> <span class='ocrx_word' id='word_1_266' title='bbox 1976 1643 2031 1686; x_wconf 89' lang='lat' dir='ltr'><strong>qui</strong></span> 
     </span>
     <span class='ocr_line' id='line_1_34' title="bbox 381 1697 2031 1739; baseline -0.001 -12"><span class='ocrx_word' id='word_1_267' title='bbox 381 1708 493 1738; x_wconf 84' lang='lat' dir='ltr'><strong>supra,</strong></span> <span class='ocrx_word' id='word_1_268' title='bbox 526 1698 696 1728; x_wconf 80' lang='lat' dir='ltr'><strong>Anastasio</strong></span> <span class='ocrx_word' id='word_1_269' title='bbox 728 1698 915 1739; x_wconf 83' lang='lat' dir='ltr'><strong>imperatori</strong></span> <span class='ocrx_word' id='word_1_270' title='bbox 947 1697 1108 1728; x_wconf 84' lang='lat' dir='ltr'><strong>scribens:</strong></span> <span class='ocrx_word' id='word_1_271' title='bbox 1140 1697 1213 1727; x_wconf 80' lang='lat' dir='ltr'><strong>Non</strong></span> <span class='ocrx_word' id='word_1_272' title='bbox 1241 1701 1353 1737; x_wconf 81' lang='lat' dir='ltr'><strong>potest,</strong></span> <span class='ocrx_word' id='word_1_273' title='bbox 1385 1697 1507 1739; x_wconf 85' lang='lat' dir='ltr'><strong>inquid,</strong></span> <span class='ocrx_word' id='word_1_274' title='bbox 1538 1697 1671 1739; x_wconf 79' lang='lat' dir='ltr'><strong>quilibet</strong></span> <span class='ocrx_word' id='word_1_275' title='bbox 1695 1697 1924 1739; x_wconf 81' lang='lat' dir='ltr'><strong>perversitatis</strong></span> <span class='ocrx_word' id='word_1_276' title='bbox 1950 1707 2031 1727; x_wconf 90' lang='lat' dir='ltr'><strong>com-</strong></span> 
     </span>
     <span class='ocr_line' id='line_1_35' title="bbox 380 1749 2030 1791; baseline -0.001 -12"><span class='ocrx_word' id='word_1_277' title='bbox 380 1750 582 1780; x_wconf 83' lang='lat' dir='ltr'><strong>municatore</strong></span> <span class='ocrx_word' id='word_1_278' title='bbox 605 1755 752 1790; x_wconf 74' lang='lat' dir='ltr'><strong>suscepto</strong></span> <span class='ocrx_word' id='word_1_279' title='bbox 776 1761 840 1780; x_wconf 84' lang='lat' dir='ltr'><strong>non</strong></span> <span class='ocrx_word' id='word_1_280' title='bbox 863 1752 992 1791; x_wconf 73' lang='lat' dir='ltr'><strong>puriter</strong></span> <span class='ocrx_word' id='word_1_281' title='bbox 1012 1759 1186 1790; x_wconf 78' lang='lat' dir='ltr'><strong>perversus</strong></span> <span class='ocrx_word' id='word_1_282' title='bbox 1208 1749 1357 1789; x_wconf 76' lang='lat' dir='ltr'><strong>probari,</strong></span> <span class='ocrx_word' id='word_1_283' title='bbox 1378 1761 1435 1780; x_wconf 88' lang='lat' dir='ltr'><strong>nec</strong></span> <span class='ocrx_word' id='word_1_284' title='bbox 1455 1754 1560 1791; x_wconf 79' lang='lat' dir='ltr'><strong>potest</strong></span> <span class='ocrx_word' id='word_1_285' title='bbox 1576 1749 1720 1790; x_wconf 66' lang='lat' dir='ltr'><strong>refutari</strong></span> <span class='ocrx_word' id='word_1_286' title='bbox 1733 1749 1935 1790; x_wconf 80' lang='lat' dir='ltr'><strong>perversitas</strong></span> <span class='ocrx_word' id='word_1_287' title='bbox 1950 1758 2030 1779; x_wconf 90' lang='lat' dir='ltr'><strong>com-</strong></span> 
     </span>
     <span class='ocr_line' id='line_1_36' title="bbox 376 1800 2032 1842; baseline -0.001 -12"><span class='ocrx_word' id='word_1_288' title='bbox 376 1800 464 1842; x_wconf 79' lang='lat' dir='ltr'><strong>plice</strong></span> <span class='ocrx_word' id='word_1_289' title='bbox 490 1802 717 1841; x_wconf 68' lang='lat' dir='ltr'><strong>perversitatis</strong></span> <span class='ocrx_word' id='word_1_290' title='bbox 750 1801 924 1831; x_wconf 67' lang='lat' dir='ltr'><strong>admisso‘l.</strong></span> <span class='ocrx_word' id='word_1_291' title='bbox 981 1800 1120 1841; x_wconf 66' lang='lat' dir='ltr'><strong>Leglibus</strong></span> <span class='ocrx_word' id='word_1_292' title='bbox 1157 1805 1237 1830; x_wconf 84' lang='lat' dir='ltr'><strong>certe</strong></span> <span class='ocrx_word' id='word_1_293' title='bbox 1269 1801 1384 1831; x_wconf 85' lang='lat' dir='ltr'><strong>vestris</strong></span> <span class='ocrx_word' id='word_1_294' title='bbox 1414 1802 1590 1831; x_wconf 82' lang='lat' dir='ltr'><strong>criminum</strong></span> <span class='ocrx_word' id='word_1_295' title='bbox 1618 1802 1744 1832; x_wconf 86' lang='lat' dir='ltr'><strong>conscii</strong></span> <span class='ocrx_word' id='word_1_296' title='bbox 1772 1804 2032 1841; x_wconf 79' lang='lat' dir='ltr'><strong>susceptoresque</strong></span> 
     </span>
     <span class='ocr_line' id='line_1_37' title="bbox 379 1851 2030 1893; baseline -0.001 -12"><span class='ocrx_word' id='word_1_297' title='bbox 379 1852 652 1883; x_wconf 80' lang='lat' dir='ltr'><strong>latrocinantium</strong></span> <span class='ocrx_word' id='word_1_298' title='bbox 675 1854 755 1892; x_wconf 73' lang='lat' dir='ltr'><strong>pari</strong></span> <span class='ocrx_word' id='word_1_299' title='bbox 781 1853 979 1883; x_wconf 77' lang='lat' dir='ltr'><strong>iudiciorum</strong></span> <span class='ocrx_word' id='word_1_300' title='bbox 1000 1863 1109 1893; x_wconf 75' lang='lat' dir='ltr'><strong>poena</strong></span> <span class='ocrx_word' id='word_1_301' title='bbox 1133 1853 1417 1892; x_wconf 65' lang='lat' dir='ltr'><strong>constrinjsuntur,</strong></span> <span class='ocrx_word' id='word_1_302' title='bbox 1442 1863 1499 1882; x_wconf 87' lang='lat' dir='ltr'><strong>nec</strong></span> <span class='ocrx_word' id='word_1_303' title='bbox 1522 1863 1637 1893; x_wconf 74' lang='lat' dir='ltr'><strong>eaepers</strong></span> <span class='ocrx_word' id='word_1_304' title='bbox 1661 1852 1811 1883; x_wconf 87' lang='lat' dir='ltr'><strong>criminis</strong></span> <span class='ocrx_word' id='word_1_305' title='bbox 1834 1851 2030 1889; x_wconf 80' lang='lat' dir='ltr'><strong>destinatur,</strong></span> 
     </span>
     <span class='ocr_line' id='line_1_38' title="bbox 381 1901 2031 1945; baseline 0 -12"><span class='ocrx_word' id='word_1_306' title='bbox 381 1904 438 1944; x_wconf 71' lang='lat' dir='ltr'><strong>qui</strong></span> <span class='ocrx_word' id='word_1_307' title='bbox 465 1903 539 1933; x_wconf 59' lang='lat' dir='ltr'><strong>licet</strong></span> <span class='ocrx_word' id='word_1_308' title='bbox 571 1905 636 1945; x_wconf 76' lang='lat' dir='ltr'><strong>ipse</strong></span> <span class='ocrx_word' id='word_1_309' title='bbox 667 1915 731 1934; x_wconf 84' lang='lat' dir='ltr'><strong>non</strong></span> <span class='ocrx_word' id='word_1_310' title='bbox 756 1903 882 1944; x_wconf 71' lang='lat' dir='ltr'><strong>fecerit,</strong></span> <span class='ocrx_word' id='word_1_311' title='bbox 903 1904 1068 1944; x_wconf 53' lang='lat' dir='ltr'><strong>facientis</strong></span> <span class='ocrx_word' id='word_1_312' title='bbox 1098 1908 1203 1934; x_wconf 84' lang='lat' dir='ltr'><strong>tamen</strong></span> <span class='ocrx_word' id='word_1_313' title='bbox 1228 1902 1500 1943; x_wconf 73' lang='lat' dir='ltr'><strong>familiaritatem</strong></span> <span class='ocrx_word' id='word_1_314' title='bbox 1523 1903 1710 1945; x_wconf 81' lang='lat' dir='ltr'><strong>foedusque</strong></span> <span class='ocrx_word' id='word_1_315' title='bbox 1733 1903 1896 1945; x_wconf 77' lang='lat' dir='ltr'><strong>receperit.</strong></span> <span class='ocrx_word' id='word_1_316' title='bbox 1940 1901 2031 1933; x_wconf 86' lang='lat' dir='ltr'><strong>Sicut</strong></span> 
     </span>
     <span class='ocr_line' id='line_1_39' title="bbox 380 1953 2030 1996; baseline 0 -12"><span class='ocrx_word' id='word_1_317' title='bbox 380 1955 479 1995; x_wconf 75' lang='lat' dir='ltr'><strong>igitur</strong></span> <span class='ocrx_word' id='word_1_318' title='bbox 502 1955 756 1985; x_wconf 80' lang='lat' dir='ltr'><strong>communicator</strong></span> <span class='ocrx_word' id='word_1_319' title='bbox 783 1954 861 1985; x_wconf 86' lang='lat' dir='ltr'><strong>furis</strong></span> <span class='ocrx_word' id='word_1_320' title='bbox 890 1954 1002 1985; x_wconf 85' lang='lat' dir='ltr'><strong>eadem</strong></span> <span class='ocrx_word' id='word_1_321' title='bbox 1033 1954 1262 1996; x_wconf 79' lang='lat' dir='ltr'><strong>dampnatione</strong></span> <span class='ocrx_word' id='word_1_322' title='bbox 1292 1965 1363 1985; x_wconf 87' lang='lat' dir='ltr'><strong>cum</strong></span> <span class='ocrx_word' id='word_1_323' title='bbox 1389 1954 1457 1985; x_wconf 88' lang='lat' dir='ltr'><strong>fure</strong></span> <span class='ocrx_word' id='word_1_324' title='bbox 1481 1954 1644 1993; x_wconf 88' lang='lat' dir='ltr'><strong>multatur,</strong></span> <span class='ocrx_word' id='word_1_325' title='bbox 1675 1953 1793 1985; x_wconf 86' lang='lat' dir='ltr'><strong>nichilo</strong></span> <span class='ocrx_word' id='word_1_326' title='bbox 1817 1955 1922 1985; x_wconf 86' lang='lat' dir='ltr'><strong>minus</strong></span> <span class='ocrx_word' id='word_1_327' title='bbox 1947 1964 2030 1984; x_wconf 87' lang='lat' dir='ltr'><strong>com-</strong></span> 
     </span>
     <span class='ocr_line' id='line_1_40' title="bbox 381 2005 2029 2047; baseline 0 -12"><span class='ocrx_word' id='word_1_328' title='bbox 381 2007 559 2037; x_wconf 85' lang='lat' dir='ltr'><strong>municator</strong></span> <span class='ocrx_word' id='word_1_329' title='bbox 582 2007 854 2037; x_wconf 66' lang='lat' dir='ltr'><strong>excommunicati</strong></span> <span class='ocrx_word' id='word_1_330' title='bbox 879 2018 950 2037; x_wconf 89' lang='lat' dir='ltr'><strong>cnm</strong></span> <span class='ocrx_word' id='word_1_331' title='bbox 975 2005 1087 2037; x_wconf 83' lang='lat' dir='ltr'><strong>eodem</strong></span> <span class='ocrx_word' id='word_1_332' title='bbox 1112 2006 1225 2037; x_wconf 87' lang='lat' dir='ltr'><strong>eadem</strong></span> <span class='ocrx_word' id='word_1_333' title='bbox 1250 2005 1339 2036; x_wconf 86' lang='lat' dir='ltr'><strong>lance</strong></span> <span class='ocrx_word' id='word_1_334' title='bbox 1365 2008 1569 2047; x_wconf 84' lang='lat' dir='ltr'><strong>dampnatur.</strong></span> <span class='ocrx_word' id='word_1_335' title='bbox 1615 2005 1674 2037; x_wconf 81' lang='lat' dir='ltr'><strong>Est</strong></span> <span class='ocrx_word' id='word_1_336' title='bbox 1703 2011 1810 2037; x_wconf 81' lang='lat' dir='ltr'><strong>autem</strong></span> <span class='ocrx_word' id='word_1_337' title='bbox 1841 2005 2029 2047; x_wconf 84' lang='lat' dir='ltr'><strong>dampnatio</strong></span> 
     </span>
     <span class='ocr_line' id='line_1_41' title="bbox 381 2055 2030 2100; baseline 0.001 -14"><span class='ocrx_word' id='word_1_338' title='bbox 381 2058 662 2096; x_wconf 76' lang='lat' dir='ltr'><strong>exconnnunieati,</strong></span> <span class='ocrx_word' id='word_1_339' title='bbox 692 2057 778 2100; x_wconf 88' lang='lat' dir='ltr'><strong>quod</strong></span> <span class='ocrx_word' id='word_1_340' title='bbox 809 2070 828 2089; x_wconf 88' lang='lat' dir='ltr'><strong>a</strong></span> <span class='ocrx_word' id='word_1_341' title='bbox 852 2058 922 2089; x_wconf 88' lang='lat' dir='ltr'><strong>Deo</strong></span> <span class='ocrx_word' id='word_1_342' title='bbox 952 2063 982 2088; x_wconf 86' lang='lat' dir='ltr'><strong>et</strong></span> <span class='ocrx_word' id='word_1_343' title='bbox 1013 2057 1166 2088; x_wconf 80' lang='lat' dir='ltr'><strong>membris</strong></span> <span class='ocrx_word' id='word_1_344' title='bbox 1197 2059 1265 2088; x_wconf 83' lang='lat' dir='ltr'><strong>eius</strong></span> <span class='ocrx_word' id='word_1_345' title='bbox 1296 2063 1525 2100; x_wconf 84' lang='lat' dir='ltr'><strong>sequestratur.</strong></span> <span class='ocrx_word' id='word_1_346' title='bbox 1582 2057 1632 2088; x_wconf 89' lang='lat' dir='ltr'><strong>Tu</strong></span> <span class='ocrx_word' id='word_1_347' title='bbox 1663 2058 1734 2099; x_wconf 86' lang='lat' dir='ltr'><strong>ipse</strong></span> <span class='ocrx_word' id='word_1_348' title='bbox 1766 2063 1913 2097; x_wconf 82' lang='lat' dir='ltr'><strong>contexe,</strong></span> <span class='ocrx_word' id='word_1_349' title='bbox 1944 2055 2030 2099; x_wconf 86' lang='lat' dir='ltr'><strong>quod</strong></span> 
     </span>
     <span class='ocr_line' id='line_1_42' title="bbox 381 2107 2030 2151; baseline 0.001 -13"><span class='ocrx_word' id='word_1_350' title='bbox 381 2109 542 2150; x_wconf 83' lang='lat' dir='ltr'><strong>sequitur:</strong></span> <span class='ocrx_word' id='word_1_351' title='bbox 566 2120 682 2150; x_wconf 85' lang='lat' dir='ltr'><strong>nempe</strong></span> <span class='ocrx_word' id='word_1_352' title='bbox 705 2110 804 2140; x_wconf 85' lang='lat' dir='ltr'><strong>sancti</strong></span> <span class='ocrx_word' id='word_1_353' title='bbox 830 2117 938 2151; x_wconf 84' lang='lat' dir='ltr'><strong>patres</strong></span> <span class='ocrx_word' id='word_1_354' title='bbox 963 2111 1254 2141; x_wconf 82' lang='lat' dir='ltr'><strong>connnunieatores</strong></span> <span class='ocrx_word' id='word_1_355' title='bbox 1274 2110 1628 2140; x_wconf 78' lang='lat' dir='ltr'><strong>excommunicatorum</strong></span> <span class='ocrx_word' id='word_1_356' title='bbox 1652 2120 1733 2151; x_wconf 74' lang='lat' dir='ltr'><strong>eque</strong></span> <span class='ocrx_word' id='word_1_357' title='bbox 1758 2115 1792 2140; x_wconf 89' lang='lat' dir='ltr'><strong>ut</strong></span> <span class='ocrx_word' id='word_1_358' title='bbox 1815 2107 2030 2140; x_wconf 83' lang='lat' dir='ltr'><strong>excommuni-</strong></span> 
     </span>
     <span class='ocr_line' id='line_1_43' title="bbox 382 2159 2028 2203; baseline 0.001 -14"><span class='ocrx_word' id='word_1_359' title='bbox 382 2165 469 2190; x_wconf 70' lang='lat' dir='ltr'><strong>catos</strong></span> <span class='ocrx_word' id='word_1_360' title='bbox 494 2160 566 2190; x_wconf 87' lang='lat' dir='ltr'><strong>ideo</strong></span> <span class='ocrx_word' id='word_1_361' title='bbox 590 2160 725 2191; x_wconf 80' lang='lat' dir='ltr'><strong>devitari</strong></span> <span class='ocrx_word' id='word_1_362' title='bbox 747 2160 926 2200; x_wconf 79' lang='lat' dir='ltr'><strong>voluerunt,</strong></span> <span class='ocrx_word' id='word_1_363' title='bbox 953 2163 1028 2203; x_wconf 84' lang='lat' dir='ltr'><strong>quia</strong></span> <span class='ocrx_word' id='word_1_364' title='bbox 1045 2161 1184 2201; x_wconf 77' lang='lat' dir='ltr'><strong>eosdem,</strong></span> <span class='ocrx_word' id='word_1_365' title='bbox 1210 2162 1302 2202; x_wconf 81' lang='lat' dir='ltr'><strong>quasi</strong></span> <span class='ocrx_word' id='word_1_366' title='bbox 1327 2161 1380 2202; x_wconf 91' lang='lat' dir='ltr'><strong>qui</strong></span> <span class='ocrx_word' id='word_1_367' title='bbox 1405 2162 1529 2202; x_wconf 87' lang='lat' dir='ltr'><strong>seipsos</strong></span> <span class='ocrx_word' id='word_1_368' title='bbox 1545 2160 1813 2202; x_wconf 83' lang='lat' dir='ltr'><strong>dampnaverunt,</strong></span> <span class='ocrx_word' id='word_1_369' title='bbox 1836 2159 2028 2191; x_wconf 84' lang='lat' dir='ltr'><strong>habuerunt.</strong></span> 
     </span>
    </p>

    <p class='ocr_par' dir='ltr' id='par_1_13' title="bbox 381 2219 2030 2467">
     <span class='ocr_line' id='line_1_44' title="bbox 487 2219 2029 2263; baseline 0.001 -13"><span class='ocrx_word' id='word_1_370' title='bbox 487 2220 549 2250; x_wconf 90' lang='lat' dir='ltr'><strong>Hic</strong></span> <span class='ocrx_word' id='word_1_371' title='bbox 581 2220 695 2251; x_wconf 76' lang='lat' dir='ltr'><strong>beatus</strong></span> <span class='ocrx_word' id='word_1_372' title='bbox 719 2220 890 2252; x_wconf 76' lang='lat' dir='ltr'><strong>Gelasins⁷</strong></span> <span class='ocrx_word' id='word_1_373' title='bbox 923 2222 962 2252; x_wconf 81' lang='lat' dir='ltr'><strong>ad</strong></span> <span class='ocrx_word' id='word_1_374' title='bbox 994 2222 1156 2262; x_wconf 80' lang='lat' dir='ltr'><strong>predictos</strong></span> <span class='ocrx_word' id='word_1_375' title='bbox 1186 2223 1358 2263; x_wconf 84' lang='lat' dir='ltr'><strong>episcopos</strong></span> <span class='ocrx_word' id='word_1_376' title='bbox 1387 2221 1532 2252; x_wconf 85' lang='lat' dir='ltr'><strong>scribens</strong></span> <span class='ocrx_word' id='word_1_377' title='bbox 1562 2221 1601 2253; x_wconf 91' lang='lat' dir='ltr'><strong>de</strong></span> <span class='ocrx_word' id='word_1_378' title='bbox 1625 2221 1739 2252; x_wconf 86' lang='lat' dir='ltr'><strong>codem</strong></span> <span class='ocrx_word' id='word_1_379' title='bbox 1766 2221 1896 2252; x_wconf 84' lang='lat' dir='ltr'><strong>Aeatio:</strong></span> <span class='ocrx_word' id='word_1_380' title='bbox 1931 2219 2029 2260; x_wconf 82' lang='lat' dir='ltr'><strong>Quid,</strong></span> 
     </span>
     <span class='ocr_line' id='line_1_45' title="bbox 382 2271 2030 2314; baseline 0.001 -13"><span class='ocrx_word' id='word_1_381' title='bbox 382 2272 496 2313; x_wconf 88' lang='lat' dir='ltr'><strong>inquit,</strong></span> <span class='ocrx_word' id='word_1_382' title='bbox 522 2278 704 2313; x_wconf 72' lang='lat' dir='ltr'><strong>queruntur</strong></span> <span class='ocrx_word' id='word_1_383' title='bbox 722 2273 872 2303; x_wconf 77' lang='lat' dir='ltr'><strong>Acatium</strong></span> <span class='ocrx_word' id='word_1_384' title='bbox 900 2286 917 2303; x_wconf 87' lang='lat' dir='ltr'><strong>a</strong></span> <span class='ocrx_word' id='word_1_385' title='bbox 944 2274 1161 2313; x_wconf 70' lang='lat' dir='ltr'><strong>nobissuisse</strong></span> <span class='ocrx_word' id='word_1_386' title='bbox 1186 2273 1414 2314; x_wconf 78' lang='lat' dir='ltr'><strong>dampnatum,</strong></span> <span class='ocrx_word' id='word_1_387' title='bbox 1438 2285 1509 2303; x_wconf 87' lang='lat' dir='ltr'><strong>cum</strong></span> <span class='ocrx_word' id='word_1_388' title='bbox 1537 2278 1665 2314; x_wconf 77' lang='lat' dir='ltr'><strong>recepta</strong></span> <span class='ocrx_word' id='word_1_389' title='bbox 1693 2274 1917 2304; x_wconf 82' lang='lat' dir='ltr'><strong>communione</strong></span> <span class='ocrx_word' id='word_1_390' title='bbox 1940 2271 2030 2303; x_wconf 77' lang='lat' dir='ltr'><strong>Petri</strong></span> 
     </span>
     <span class='ocr_line' id='line_1_46' title="bbox 381 2323 2030 2366; baseline 0.002 -14"><span class='ocrx_word' id='word_1_391' title='bbox 381 2335 414 2353; x_wconf 79' lang='lat' dir='ltr'><strong>se</strong></span> <span class='ocrx_word' id='word_1_392' title='bbox 445 2323 601 2353; x_wconf 70' lang='lat' dir='ltr'><strong>docentur</strong></span> <span class='ocrx_word' id='word_1_393' title='bbox 633 2325 700 2364; x_wconf 73' lang='lat' dir='ltr'><strong>ipse</strong></span> <span class='ocrx_word' id='word_1_394' title='bbox 736 2324 956 2364; x_wconf 67' lang='lat' dir='ltr'><strong>(Ianipnassez)</strong></span> <span class='ocrx_word' id='word_1_395' title='bbox 1012 2324 1107 2359; x_wconf 80' lang='lat' dir='ltr'><strong>Unde</strong></span> <span class='ocrx_word' id='word_1_396' title='bbox 1143 2331 1173 2355; x_wconf 80' lang='lat' dir='ltr'><strong>ct</strong></span> <span class='ocrx_word' id='word_1_397' title='bbox 1208 2324 1319 2354; x_wconf 80' lang='lat' dir='ltr'><strong>beatus</strong></span> <span class='ocrx_word' id='word_1_398' title='bbox 1352 2323 1464 2355; x_wconf 62' lang='lat' dir='ltr'><strong>Felixs</strong></span> <span class='ocrx_word' id='word_1_399' title='bbox 1496 2335 1595 2366; x_wconf 83' lang='lat' dir='ltr'><strong>papa,</strong></span> <span class='ocrx_word' id='word_1_400' title='bbox 1630 2325 1685 2366; x_wconf 91' lang='lat' dir='ltr'><strong>qui</strong></span> <span class='ocrx_word' id='word_1_401' title='bbox 1717 2324 1867 2355; x_wconf 82' lang='lat' dir='ltr'><strong>Acatium</strong></span> <span class='ocrx_word' id='word_1_402' title='bbox 1901 2323 2030 2355; x_wconf 78' lang='lat' dir='ltr'><strong>anathe-</strong></span> 
     </span>
     <span class='ocr_line' id='line_1_47' title="bbox 382 2374 2030 2418; baseline 0.002 -15"><span class='ocrx_word' id='word_1_403' title='bbox 382 2374 556 2409; x_wconf 74' lang='lat' dir='ltr'><strong>matizavit,</strong></span> <span class='ocrx_word' id='word_1_404' title='bbox 588 2375 620 2404; x_wconf 90' lang='lat' dir='ltr'><strong>in</strong></span> <span class='ocrx_word' id='word_1_405' title='bbox 651 2374 762 2405; x_wconf 85' lang='lat' dir='ltr'><strong>eadem</strong></span> <span class='ocrx_word' id='word_1_406' title='bbox 795 2376 956 2406; x_wconf 81' lang='lat' dir='ltr'><strong>sententia</strong></span> <span class='ocrx_word' id='word_1_407' title='bbox 986 2376 1152 2415; x_wconf 81' lang='lat' dir='ltr'><strong>signanter</strong></span> <span class='ocrx_word' id='word_1_408' title='bbox 1183 2376 1306 2416; x_wconf 81' lang='lat' dir='ltr'><strong>posuit:</strong></span> <span class='ocrx_word' id='word_1_409' title='bbox 1338 2376 1438 2415; x_wconf 79' lang='lat' dir='ltr'><strong>Habe,</strong></span> <span class='ocrx_word' id='word_1_410' title='bbox 1468 2376 1579 2417; x_wconf 87' lang='lat' dir='ltr'><strong>inquit,</strong></span> <span class='ocrx_word' id='word_1_411' title='bbox 1606 2387 1675 2406; x_wconf 83' lang='lat' dir='ltr'><strong>cum</strong></span> <span class='ocrx_word' id='word_1_412' title='bbox 1702 2376 1762 2414; x_wconf 77' lang='lat' dir='ltr'><strong>his,</strong></span> <span class='ocrx_word' id='word_1_413' title='bbox 1794 2387 1872 2418; x_wconf 82' lang='lat' dir='ltr'><strong>quos</strong></span> <span class='ocrx_word' id='word_1_414' title='bbox 1895 2375 2030 2407; x_wconf 80' lang='lat' dir='ltr'><strong>libenter</strong></span> 
     </span>
     <span class='ocr_line' id='line_1_48' title="bbox 382 2425 2028 2467; baseline 0.002 -12"><span class='ocrx_word' id='word_1_415' title='bbox 382 2425 594 2466; x_wconf 76' lang='lat' dir='ltr'><strong>amplecteris,</strong></span> <span class='ocrx_word' id='word_1_416' title='bbox 623 2427 816 2467; x_wconf 54' lang='lat' dir='ltr'><strong>partionem,</strong></span> <span class='ocrx_word' id='word_1_417' title='bbox 849 2426 880 2456; x_wconf 87' lang='lat' dir='ltr'><strong>id</strong></span> <span class='ocrx_word' id='word_1_418' title='bbox 910 2434 956 2458; x_wconf 76' lang='lat' dir='ltr'><strong>est</strong></span> <span class='ocrx_word' id='word_1_419' title='bbox 986 2438 1056 2457; x_wconf 86' lang='lat' dir='ltr'><strong>cnm</strong></span> <span class='ocrx_word' id='word_1_420' title='bbox 1087 2427 1386 2461; x_wconf 70' lang='lat' dir='ltr'><strong>excommnnicatis,</strong></span> <span class='ocrx_word' id='word_1_421' title='bbox 1409 2427 1475 2457; x_wconf 86' lang='lat' dir='ltr'><strong>acsi</strong></span> <span class='ocrx_word' id='word_1_422' title='bbox 1500 2427 1634 2458; x_wconf 86' lang='lat' dir='ltr'><strong>diceret:</strong></span> <span class='ocrx_word' id='word_1_423' title='bbox 1658 2437 1721 2458; x_wconf 90' lang='lat' dir='ltr'><strong>non</strong></span> <span class='ocrx_word' id='word_1_424' title='bbox 1745 2432 1810 2458; x_wconf 83' lang='lat' dir='ltr'><strong>tam</strong></span> <span class='ocrx_word' id='word_1_425' title='bbox 1834 2437 1951 2458; x_wconf 81' lang='lat' dir='ltr'><strong>novam</strong></span> <span class='ocrx_word' id='word_1_426' title='bbox 1975 2436 2028 2458; x_wconf 86' lang='lat' dir='ltr'><strong>ex-</strong></span> 
     </span>
    </p>
   </div>
   <div class='ocr_carea' id='block_1_12' title="bbox 491 2520 1980 2555">
    <p class='ocr_par' dir='ltr' id='par_1_14' title="bbox 491 2520 1980 2555">
     <span class='ocr_line' id='line_1_49' title="bbox 491 2520 1980 2555; baseline 0.003 -11"><span class='ocrx_word' id='word_1_427' title='bbox 491 2520 518 2551; x_wconf 77' lang='lat' dir='ltr'><strong>n)</strong></span> <span class='ocrx_word' id='word_1_428' title='bbox 539 2529 570 2545; x_wconf 75' lang='lat' dir='ltr'><strong>cx</strong></span> <span class='ocrx_word' id='word_1_429' title='bbox 590 2522 655 2545; x_wconf 80' lang='lat' dir='ltr'><strong>satis</strong></span> <span class='ocrx_word' id='word_1_430' title='bbox 677 2530 702 2545; x_wconf 88' lang='lat' dir='ltr'><strong>n.</strong></span> <span class='ocrx_word' id='word_1_431' title='bbox 723 2531 748 2553; x_wconf 82' lang='lat' dir='ltr'><strong>p.</strong></span> <span class='ocrx_word' id='word_1_432' title='bbox 769 2522 855 2546; x_wconf 71' lang='lat' dir='ltr'><strong>fat-ero</strong></span> <span class='ocrx_word' id='word_1_433' title='bbox 877 2532 943 2546; x_wconf 76' lang='lat' dir='ltr'><strong>corr.</strong></span> <span class='ocrx_word' id='word_1_434' title='bbox 965 2523 989 2547; x_wconf 79' lang='grc'><strong>9.</strong></span> <span class='ocrx_word' id='word_1_435' title='bbox 1067 2523 1093 2551; x_wconf 91' lang='lat' dir='ltr'><strong>b)</strong></span> <span class='ocrx_word' id='word_1_436' title='bbox 1114 2523 1189 2547; x_wconf 77' lang='lat' dir='ltr'><strong>vobis</strong></span> <span class='ocrx_word' id='word_1_437' title='bbox 1209 2524 1234 2547; x_wconf 76' lang='lat'><strong>9.</strong></span> <span class='ocrx_word' id='word_1_438' title='bbox 1311 2523 1335 2553; x_wconf 83' lang='lat' dir='ltr'><strong>c)</strong></span> <span class='ocrx_word' id='word_1_439' title='bbox 1359 2523 1488 2555; x_wconf 67' lang='lat' dir='ltr'><strong>pontisne.</strong></span> <span class='ocrx_word' id='word_1_440' title='bbox 1510 2524 1534 2547; x_wconf 83' lang='grc'><strong>9.</strong></span> <span class='ocrx_word' id='word_1_441' title='bbox 1613 2523 1642 2554; x_wconf 85' lang='lat' dir='ltr'><strong>d)</strong></span> <span class='ocrx_word' id='word_1_442' title='bbox 1663 2531 1694 2547; x_wconf 69' lang='lat' dir='ltr'><strong>es</strong></span> <span class='ocrx_word' id='word_1_443' title='bbox 1715 2523 1842 2548; x_wconf 81' lang='lat' dir='ltr'><strong>admissio</strong></span> <span class='ocrx_word' id='word_1_444' title='bbox 1863 2531 1932 2548; x_wconf 80' lang='lat' dir='ltr'><strong>corr.</strong></span> <span class='ocrx_word' id='word_1_445' title='bbox 1953 2523 1980 2548; x_wconf 84' lang='grc'><strong>9.</strong></span> 
     </span>
    </p>
   </div>
   <div class='ocr_carea' id='block_1_13' title="bbox 382 2609 2028 2848">
    <p class='ocr_par' dir='ltr' id='par_1_15' title="bbox 382 2609 2028 2848">
     <span class='ocr_line' id='line_1_50' title="bbox 491 2609 2026 2646; baseline 0.002 -11"><span class='ocrx_word' id='word_1_446' title='bbox 491 2609 516 2635; x_wconf 54' lang='lat'><strong>15</strong></span> <span class='ocrx_word' id='word_1_447' title='bbox 540 2609 569 2635; x_wconf 78' lang='lat' dir='ltr'><strong>V.</strong></span> <span class='ocrx_word' id='word_1_448' title='bbox 586 2611 780 2644; x_wconf 65' lang='lat' dir='ltr'><strong>sitp1·«11›.}l71.</strong></span> <span class='ocrx_word' id='word_1_449' title='bbox 850 2613 878 2636; x_wconf 73' lang='grc'><strong>2)</strong></span> <span class='ocrx_word' id='word_1_450' title='bbox 903 2611 975 2636; x_wconf 72' lang='lat' dir='ltr'><strong>Ileid.</strong></span> <span class='ocrx_word' id='word_1_451' title='bbox 990 2621 1018 2645; x_wconf 83' lang='lat' dir='ltr'><strong>p.</strong></span> <span class='ocrx_word' id='word_1_452' title='bbox 1036 2612 1083 2637; x_wconf 64' lang='lat' dir='ltr'><strong>OG.</strong></span> <span class='ocrx_word' id='word_1_453' title='bbox 1152 2612 1181 2640; x_wconf 72' lang='lat'><strong>3)</strong></span> <span class='ocrx_word' id='word_1_454' title='bbox 1207 2612 1259 2645; x_wconf 57' lang='lat' dir='ltr'><strong>lep.</strong></span> <span class='ocrx_word' id='word_1_455' title='bbox 1278 2612 1325 2644; x_wconf 71' lang='lat'><strong>27,</strong></span> <span class='ocrx_word' id='word_1_456' title='bbox 1351 2621 1373 2638; x_wconf 81' lang='lat' dir='ltr'><strong>c.</strong></span> <span class='ocrx_word' id='word_1_457' title='bbox 1393 2612 1418 2638; x_wconf 87' lang='lat'><strong>3.</strong></span> <span class='ocrx_word' id='word_1_458' title='bbox 1444 2612 1486 2638; x_wconf 78' lang='lat' dir='ltr'><strong>ed.</strong></span> <span class='ocrx_word' id='word_1_459' title='bbox 1508 2612 1584 2637; x_wconf 76' lang='lat' dir='ltr'><strong>Yln&#39;el</strong></span> <span class='ocrx_word' id='word_1_460' title='bbox 1605 2612 1628 2644; x_wconf 88' lang='lat' dir='ltr'><strong>I,</strong></span> <span class='ocrx_word' id='word_1_461' title='bbox 1650 2621 1680 2646; x_wconf 82' lang='lat' dir='ltr'><strong>p.</strong></span> <span class='ocrx_word' id='word_1_462' title='bbox 1699 2612 1776 2645; x_wconf 82' lang='lat'><strong>354,·</strong></span> <span class='ocrx_word' id='word_1_463' title='bbox 1798 2611 1877 2644; x_wconf 75' lang='lat' dir='ltr'><strong>Jaffe&#39;</strong></span> <span class='ocrx_word' id='word_1_464' title='bbox 1899 2621 1942 2640; x_wconf 76' lang='lat' dir='ltr'><strong>nr.</strong></span> <span class='ocrx_word' id='word_1_465' title='bbox 1957 2611 2026 2638; x_wconf 82' lang='grc'><strong>665.</strong></span> 
     </span>
     <span class='ocr_line' id='line_1_51' title="bbox 383 2661 2026 2698; baseline 0.003 -13"><span class='ocrx_word' id='word_1_466' title='bbox 383 2661 411 2686; x_wconf 64' lang='lat'><strong>4³</strong></span> <span class='ocrx_word' id='word_1_467' title='bbox 435 2661 467 2687; x_wconf 87' lang='lat' dir='ltr'><strong>L.</strong></span> <span class='ocrx_word' id='word_1_468' title='bbox 492 2661 510 2686; x_wconf 88' lang='lat' dir='ltr'><strong>I.</strong></span> <span class='ocrx_word' id='word_1_469' title='bbox 535 2670 556 2686; x_wconf 81' lang='lat' dir='ltr'><strong>c.</strong></span> <span class='ocrx_word' id='word_1_470' title='bbox 586 2661 632 2693; x_wconf 89' lang='lat' dir='ltr'><strong>ll,</strong></span> <span class='ocrx_word' id='word_1_471' title='bbox 653 2671 682 2695; x_wconf 82' lang='lat' dir='ltr'><strong>p.</strong></span> <span class='ocrx_word' id='word_1_472' title='bbox 702 2662 779 2688; x_wconf 52' lang='lat' dir='ltr'><strong>*til-l.-</strong></span> <span class='ocrx_word' id='word_1_473' title='bbox 810 2662 847 2694; x_wconf 67' lang='lat' dir='ltr'><strong>cf.</strong></span> <span class='ocrx_word' id='word_1_474' title='bbox 875 2663 1034 2687; x_wconf 56' lang='lat' dir='ltr'><strong>[fernam-111·</strong></span> <span class='ocrx_word' id='word_1_475' title='bbox 1063 2663 1162 2688; x_wconf 79' lang='lat' dir='ltr'><strong>librum</strong></span> <span class='ocrx_word' id='word_1_476' title='bbox 1195 2672 1255 2689; x_wconf 77' lang='lat' dir='ltr'><strong>cun.</strong></span> <span class='ocrx_word' id='word_1_477' title='bbox 1281 2672 1304 2689; x_wconf 85' lang='lat' dir='ltr'><strong>e.</strong></span> <span class='ocrx_word' id='word_1_478' title='bbox 1329 2663 1356 2694; x_wconf 71' lang='lat'><strong>4,</strong></span> <span class='ocrx_word' id='word_1_479' title='bbox 1386 2667 1405 2690; x_wconf 77' lang='lat' dir='ltr'><strong>t.</strong></span> <span class='ocrx_word' id='word_1_480' title='bbox 1430 2663 1454 2695; x_wconf 91' lang='lat' dir='ltr'><strong>I,</strong></span> <span class='ocrx_word' id='word_1_481' title='bbox 1479 2672 1510 2697; x_wconf 83' lang='lat' dir='ltr'><strong>p.</strong></span> <span class='ocrx_word' id='word_1_482' title='bbox 1534 2663 1603 2690; x_wconf 69' lang='lat'><strong>478.</strong></span> <span class='ocrx_word' id='word_1_483' title='bbox 1714 2664 1743 2697; x_wconf 82' lang='lat'><strong>5)</strong></span> <span class='ocrx_word' id='word_1_484' title='bbox 1774 2663 1836 2690; x_wconf 82' lang='lat' dir='ltr'><strong>Lib.</strong></span> <span class='ocrx_word' id='word_1_485' title='bbox 1855 2662 1960 2698; x_wconf 82' lang='lat' dir='ltr'><strong>pontis.</strong></span> <span class='ocrx_word' id='word_1_486' title='bbox 1983 2662 2026 2690; x_wconf 80' lang='lat' dir='ltr'><strong>ed.</strong></span> 
     </span>
     <span class='ocr_line' id='line_1_52' title="bbox 383 2712 2028 2750; baseline 0.002 -13"><span class='ocrx_word' id='word_1_487' title='bbox 383 2712 529 2737; x_wconf 61' lang='lat' dir='ltr'><strong>liuclacsue</strong></span> <span class='ocrx_word' id='word_1_488' title='bbox 553 2712 576 2744; x_wconf 79' lang='grc' dir='ltr'><strong>Ι,</strong></span> <span class='ocrx_word' id='word_1_489' title='bbox 596 2721 626 2746; x_wconf 80' lang='lat' dir='ltr'><strong>p.</strong></span> <span class='ocrx_word' id='word_1_490' title='bbox 645 2713 722 2745; x_wconf 75' lang='lat' dir='ltr'><strong>2.·›s,·</strong></span> <span class='ocrx_word' id='word_1_491' title='bbox 747 2714 783 2745; x_wconf 68' lang='lat' dir='ltr'><strong>&#39;‘s-</strong></span> <span class='ocrx_word' id='word_1_492' title='bbox 808 2714 880 2747; x_wconf 66' lang='lat' dir='ltr'><strong>qnod</strong></span> <span class='ocrx_word' id='word_1_493' title='bbox 903 2723 989 2747; x_wconf 66' lang='lat' dir='ltr'><strong>snpra</strong></span> <span class='ocrx_word' id='word_1_494' title='bbox 1010 2723 1040 2747; x_wconf 76' lang='lat' dir='ltr'><strong>p.</strong></span> <span class='ocrx_word' id='word_1_495' title='bbox 1060 2714 1107 2740; x_wconf 69' lang='lat'><strong>2³3.</strong></span> <span class='ocrx_word' id='word_1_496' title='bbox 1133 2715 1166 2739; x_wconf 63' lang='lat' dir='ltr'><strong>sle</strong></span> <span class='ocrx_word' id='word_1_497' title='bbox 1190 2714 1247 2739; x_wconf 69' lang='lat' dir='ltr'><strong>rius</strong></span> <span class='ocrx_word' id='word_1_498' title='bbox 1271 2715 1439 2740; x_wconf 66' lang='lat' dir='ltr'><strong>auctor-irate</strong></span> <span class='ocrx_word' id='word_1_499' title='bbox 1461 2715 1582 2748; x_wconf 79' lang='lat' dir='ltr'><strong>scripsit.</strong></span> <span class='ocrx_word' id='word_1_500' title='bbox 1693 2715 1723 2750; x_wconf 83' lang='lat'><strong>6)</strong></span> <span class='ocrx_word' id='word_1_501' title='bbox 1747 2715 1800 2749; x_wconf 83' lang='lat' dir='ltr'><strong>Ep.</strong></span> <span class='ocrx_word' id='word_1_502' title='bbox 1827 2714 1874 2747; x_wconf 80' lang='lat'><strong>12,</strong></span> <span class='ocrx_word' id='word_1_503' title='bbox 1899 2723 1922 2740; x_wconf 88' lang='lat' dir='ltr'><strong>c.</strong></span> <span class='ocrx_word' id='word_1_504' title='bbox 1948 2713 1975 2741; x_wconf 80' lang='grc'><strong>7.</strong></span> <span class='ocrx_word' id='word_1_505' title='bbox 1999 2713 2028 2747; x_wconf 89' lang='lat'><strong>8,</strong></span> 
     </span>
     <span class='ocr_line' id='line_1_53' title="bbox 382 2763 2026 2800; baseline 0.002 -12"><span class='ocrx_word' id='word_1_506' title='bbox 382 2763 423 2791; x_wconf 70' lang='lat' dir='ltr'><strong>erl.</strong></span> <span class='ocrx_word' id='word_1_507' title='bbox 451 2763 527 2788; x_wconf 77' lang='lat' dir='ltr'><strong>Tlu&#39;el</strong></span> <span class='ocrx_word' id='word_1_508' title='bbox 551 2763 574 2795; x_wconf 85' lang='lat' dir='ltr'><strong>J,</strong></span> <span class='ocrx_word' id='word_1_509' title='bbox 595 2773 625 2796; x_wconf 60' lang='lat' dir='ltr'><strong>Ji.</strong></span> <span class='ocrx_word' id='word_1_510' title='bbox 645 2764 721 2792; x_wconf 60' lang='lat' dir='ltr'><strong>:lsi-l:</strong></span> <span class='ocrx_word' id='word_1_511' title='bbox 746 2764 782 2795; x_wconf 73' lang='lat' dir='ltr'><strong>cf.</strong></span> <span class='ocrx_word' id='word_1_512' title='bbox 807 2774 893 2797; x_wconf 71' lang='lat' dir='ltr'><strong>supra</strong></span> <span class='ocrx_word' id='word_1_513' title='bbox 915 2774 945 2798; x_wconf 75' lang='lat' dir='ltr'><strong>J).</strong></span> <span class='ocrx_word' id='word_1_514' title='bbox 964 2766 1012 2791; x_wconf 66' lang='lat'><strong>905.</strong></span> <span class='ocrx_word' id='word_1_515' title='bbox 1128 2765 1156 2792; x_wconf 59' lang='lat' dir='ltr'><strong>U</strong></span> <span class='ocrx_word' id='word_1_516' title='bbox 1179 2766 1232 2799; x_wconf 77' lang='lat' dir='ltr'><strong>Ep.</strong></span> <span class='ocrx_word' id='word_1_517' title='bbox 1258 2766 1306 2798; x_wconf 69' lang='lat'><strong>27,</strong></span> <span class='ocrx_word' id='word_1_518' title='bbox 1332 2776 1353 2795; x_wconf 72' lang='lat' dir='ltr'><strong>r,</strong></span> <span class='ocrx_word' id='word_1_519' title='bbox 1382 2767 1428 2798; x_wconf 78' lang='lat'><strong>12,</strong></span> <span class='ocrx_word' id='word_1_520' title='bbox 1449 2775 1481 2800; x_wconf 80' lang='lat' dir='ltr'><strong>p.</strong></span> <span class='ocrx_word' id='word_1_521' title='bbox 1500 2766 1569 2792; x_wconf 63' lang='lat'>435).</span> <span class='ocrx_word' id='word_1_522' title='bbox 1687 2766 1715 2800; x_wconf 85' lang='lat' dir='ltr'><strong>S)</strong></span> <span class='ocrx_word' id='word_1_523' title='bbox 1739 2766 1842 2792; x_wconf 71' lang='lat' dir='ltr'><strong>Felicis</strong></span> <span class='ocrx_word' id='word_1_524' title='bbox 1866 2765 1907 2799; x_wconf 87' lang='lat' dir='ltr'><strong>II,</strong></span> <span class='ocrx_word' id='word_1_525' title='bbox 1931 2773 1974 2800; x_wconf 73' lang='lat' dir='ltr'><strong>ep.</strong></span> <span class='ocrx_word' id='word_1_526' title='bbox 1999 2765 2026 2797; x_wconf 83' lang='lat' dir='ltr'><strong>G,</strong></span> 
     </span>
     <span class='ocr_line' id='line_1_54' title="bbox 382 2815 857 2848; baseline 0.006 -10"><span class='ocrx_word' id='word_1_527' title='bbox 382 2824 405 2839; x_wconf 67' lang='lat' dir='ltr'><strong>v.</strong></span> <span class='ocrx_word' id='word_1_528' title='bbox 431 2815 457 2845; x_wconf 76' lang='lat'><strong>¹2,</strong></span> <span class='ocrx_word' id='word_1_529' title='bbox 479 2824 508 2848; x_wconf 78' lang='lat' dir='ltr'><strong>p.</strong></span> <span class='ocrx_word' id='word_1_530' title='bbox 527 2815 604 2847; x_wconf 61' lang='lat'><strong>*2⁴16,·</strong></span> <span class='ocrx_word' id='word_1_531' title='bbox 627 2815 705 2848; x_wconf 71' lang='lat' dir='ltr'><strong>Jast‘r&#39;</strong></span> <span class='ocrx_word' id='word_1_532' title='bbox 729 2825 770 2842; x_wconf 74' lang='lat' dir='ltr'><strong>nr.</strong></span> <span class='ocrx_word' id='word_1_533' title='bbox 789 2816 857 2841; x_wconf 60' lang='lat' dir='ltr'><strong>still).</strong></span> 
     </span>
    </p>
   </div>
   <div class='ocr_carea' id='block_1_14' title="bbox 2050 503 2062 522">
    <p class='ocr_par' dir='ltr' id='par_1_16' title="bbox 2050 503 2062 522">
     <span class='ocr_line' id='line_1_55' title="bbox 2050 503 2062 522; baseline 0 0"><span class='ocrx_word' id='word_1_534' title='bbox 2050 503 2062 522; x_wconf 86' lang='lat'><strong>5</strong></span> 
     </span>
    </p>
   </div>
   <div class='ocr_carea' id='block_1_15' title="bbox 2052 760 2078 779">
    <p class='ocr_par' dir='ltr' id='par_1_17' title="bbox 2052 760 2078 779">
     <span class='ocr_line' id='line_1_56' title="bbox 2052 760 2078 779; baseline 0.038 -1"><span class='ocrx_word' id='word_1_535' title='bbox 2052 760 2078 779; x_wconf 84' lang='lat'><strong>10</strong></span> 
     </span>
    </p>
   </div>
   <div class='ocr_carea' id='block_1_16' title="bbox 2052 1017 2077 1036">
    <p class='ocr_par' dir='ltr' id='par_1_18' title="bbox 2052 1017 2077 1036">
     <span class='ocr_line' id='line_1_57' title="bbox 2052 1017 2077 1036; baseline 0 0"><span class='ocrx_word' id='word_1_536' title='bbox 2052 1017 2077 1036; x_wconf 79' lang='lat'><strong>15</strong></span> 
     </span>
    </p>
   </div>
   <div class='ocr_carea' id='block_1_17' title="bbox 2051 1283 2078 1302">
    <p class='ocr_par' dir='ltr' id='par_1_19' title="bbox 2051 1283 2078 1302">
     <span class='ocr_line' id='line_1_58' title="bbox 2051 1283 2078 1302; baseline 0.037 -1"><span class='ocrx_word' id='word_1_537' title='bbox 2051 1283 2078 1302; x_wconf 82' lang='lat'><strong>20</strong></span> 
     </span>
    </p>
   </div>
   <div class='ocr_carea' id='block_1_18' title="bbox 2050 1811 2078 1830">
    <p class='ocr_par' dir='ltr' id='par_1_20' title="bbox 2050 1811 2078 1830">
     <span class='ocr_line' id='line_1_59' title="bbox 2050 1811 2078 1830; baseline 0 0"><span class='ocrx_word' id='word_1_538' title='bbox 2050 1811 2078 1830; x_wconf 80' lang='grc'><strong>80</strong></span> 
     </span>
    </p>
   </div>
   <div class='ocr_carea' id='block_1_19' title="bbox 2049 2068 2076 2088">
    <p class='ocr_par' dir='ltr' id='par_1_21' title="bbox 2049 2068 2076 2088">
     <span class='ocr_line' id='line_1_60' title="bbox 2049 2068 2076 2088; baseline 0.037 -1"><span class='ocrx_word' id='word_1_539' title='bbox 2049 2068 2076 2088; x_wconf 78' lang='grc'><strong>85</strong></span> 
     </span>
    </p>
   </div>
   <div class='ocr_carea' id='block_1_20' title="bbox 2048 2335 2076 2354">
    <p class='ocr_par' dir='ltr' id='par_1_22' title="bbox 2048 2335 2076 2354">
     <span class='ocr_line' id='line_1_61' title="bbox 2048 2335 2076 2354; baseline 0 0"><span class='ocrx_word' id='word_1_540' title='bbox 2048 2335 2076 2354; x_wconf 77' lang='lat'><strong>⁴0</strong></span> 
     </span>
    </p>
   </div>
  </div>
 </body>
</html>
