2132 3067
50 699 76 718 10

49 955 75 975 1⁵

48 1213 74 1232 20

48 1470 74 1490 2⁵

48 1729 74 1748 30

49 1987 75 2006 3⁵

49 2246 76 2264 (0

51 2502 78 2522 45

53 2803 80 2823 5⁰

350 438 401 460 ⁵⁴55

355 695 406 718 560

351 952 403 975 s65

351 1210 403 1233 870

351 1468 403 1492 875

350 1726 402 1749 880

354 1985 405 2008 885

354 2243 406 2267 890

355 2501 406 2525 895

208 2804 235 2834 a)
255 2805 368 2836 priorem
390 2814 409 2830 c.

616 136 730 162 LIBER
754 136 806 161 DE
830 135 960 162 ANULO
983 136 1031 162 ET
1055 136 1216 163 BACULO.

430 224 472 255 Et
494 225 587 266 quasi
611 225 767 255 scissuras
791 235 924 254 cernens
949 226 1141 267 quandoque
1166 226 1290 256 futuras

515 276 565 306 De
590 276 799 306 sacramentis
824 276 1074 317 muneribusque
1099 279 1198 307 sacris

433 327 601 358 Exhilarat
624 327 748 367 fratres,
774 338 853 368 quos
878 327 1008 358 credere
1033 328 1128 358 sentit
1153 329 1182 358 iu
1209 340 1316 367 unuin,

514 379 556 410 Et
580 384 676 420 caput
700 384 730 409 et
754 377 886 409 barbam
911 378 1043 409 denotat
1066 384 1096 409 et
1120 380 1276 410 tunicam:

428 430 468 461 Et
492 436 639 461 constare
664 429 758 460 docet
782 431 878 460 ritum
903 429 988 460 hunc
1014 441 1069 470 per
1092 436 1238 472 tempora
1262 438 1377 462 cuncta

514 481 556 512 Et
579 481 743 512 Christum
768 491 896 522 semper
921 492 1040 522 ungere
1065 482 1103 512 de
1128 484 1271 523 proprio,

430 533 598 572 Quatenus
623 533 655 562 in
679 532 842 563 Christum
869 543 977 573 regem
1002 534 1126 563 saevire
1151 535 1270 564 sciatur

513 585 576 623 Qui
600 595 681 625 quos
705 584 757 614 ille
781 589 887 614 sacrat
911 594 972 614 uon
998 585 1089 614 timet
1113 586 1281 626 opi-iniere.

432 634 584 666 Praesule
609 640 732 666 sacrato
758 634 955 666 sollemniter
977 641 1073 677 atque
1098 644 1255 677 peruncto

516 686 678 717 Anulus
703 692 741 717 et
766 686 943 718 baculus
968 688 998 717 in
1025 698 1117 717 sacra
1142 689 1234 729 signa
1258 688 1360 719 (latur.

430 737 564 778 Anulus,
589 743 623 769 ut
646 749 798 780 sponsum
824 750 857 769 se
882 740 1008 770 noverit
1031 744 1061 769 et
1085 739 1146 770 sibi
1171 740 1322 780 iunctam,

514 789 584 820 Non
609 789 681 828 sibi,
706 790 760 820 sed
787 789 925 830 Christo,
951 790 1065 831 diligat
1089 791 1268 822 ecclesiam.

431 843 473 872 At
496 853 573 872 vero
599 841 743 879 baculus,
770 849 803 872 ut
828 841 946 873 Christi
973 848 1077 872 servet
1102 843 1185 873 ovile

516 893 559 923 Et
581 898 695 924 caveat
718 904 811 924 sevos
835 893 1050 935 terrificetque
1074 894 1176 935 lupos.

429 944 462 976 Si
488 945 533 975 sic
556 950 614 983 est,
638 945 701 975 imo
727 945 880 987 quoniam
904 945 949 975 sic
974 956 1044 976 esse
1068 947 1177 986 negari

512 995 724 1038 Nequaquam
749 997 858 1027 sobria
882 996 921 1027 de
946 997 1067 1027 ratione
1092 1003 1205 1038 potest,

429 1049 519 1087 Quae
542 1048 624 1078 ratio
649 1048 698 1079 vel
722 1059 804 1089 quae
829 1050 930 1090 magis
955 1055 1002 1080 est
1026 1049 1150 1079 insania
1174 1054 1285 1079 contra

513 1099 702 1130 Aecclcsiae
726 1100 806 1131 ritus
831 1099 1006 1142 quemlibet
1029 1099 1196 1142 arripere?

429 1151 525 1190 Quod
549 1151 612 1182 sibi
637 1162 824 1183 concessum
850 1163 1025 1194 numquam
1050 1153 1118 1190 fuit,
1143 1158 1174 1183 et
1198 1153 1349 1193 pietatem

514 1202 617 1234 Solvit
639 1209 670 1234 et
693 1214 833 1234 errorem
859 1205 992 1235 suscitat
1015 1203 1198 1235 aecclesiae.

430 1254 638 1286 Contendunt
661 1266 754 1296 reges
779 1255 856 1286 haec
879 1256 971 1296 signa
995 1255 1121 1286 dedisse
1146 1256 1306 1296 prioresaz

517 1305 709 1345 Ostendant,
733 1306 783 1338 vel
807 1318 887 1349 quos
910 1307 961 1338 vel
985 1307 1103 1348 quibus
1129 1313 1159 1337 et
1182 1306 1308 1337 faciant.

430 1358 525 1398 Quod
549 1358 576 1388 si
600 1369 662 1389 non
687 1363 823 1399 possunt
847 1359 1025 1397 ostendere,
1050 1364 1152 1389 cesset
1176 1357 1306 1398 abusus,

514 1409 580 1440 Nec
603 1410 667 1440 iam
693 1409 752 1440 sub
777 1409 886 1451 gladio
911 1411 1031 1441 serviat
1054 1410 1105 1440 hic
1130 1409 1270 1440 baculus.

430 1462 479 1492 An
505 1462 580 1503 quia
604 1461 719 1492 ditavit
742 1463 797 1503 pia
820 1462 1042 1493 munificentia
1066 1473 1177 1502 regum

516 1513 709 1552 Aecclesias,
735 1513 831 1544 debet
854 1514 1024 1554 posteritas
1048 1514 1186 1554 rapere?

430 1564 488 1595 Vel
513 1565 589 1606 quid
614 1564 766 1604 deterius,
789 1570 820 1596 et
843 1564 1000 1596 libertatis
1025 1565 1176 1596 honorem

516 1616 567 1656 Et,
592 1628 674 1659 quae
698 1627 762 1647 non
785 1616 908 1655 tribuit,
934 1617 1042 1647 omnia
1065 1615 1271 1658 deprimere?

430 1668 482 1698 An
505 1678 569 1698 non
593 1668 728 1709 eripitur
750 1667 881 1699 libertas
906 1667 1110 1709 pontificalis,

512 1719 649 1758 Quando
674 1721 799 1750 iuratur
822 1719 954 1761 regibus
978 1725 1009 1751 et
1032 1719 1192 1750 dominis?

429 1770 568 1810 Quando
593 1782 706 1802 manus
730 1772 857 1809 dantur,
882 1776 912 1802 et
936 1782 994 1812 per
1016 1781 1107 1801 sacra
1131 1771 1220 1801 iurab
1244 1770 1392 1811 ligantur,

514 1823 556 1854 Et
580 1823 629 1854 ius
653 1828 684 1854 et
707 1824 789 1853 ratio
813 1822 964 1854 subditur
987 1823 1134 1864 imperio,

429 1874 585 1906 Subditur
609 1880 640 1905 et
664 1874 822 1910 Christus,
846 1880 877 1905 et
902 1874 1022 1905 Christi
1045 1874 1113 1904 iure
1137 1873 1240 1904 soluto

517 1926 616 1957 Curia
640 1932 777 1965 curetur,
802 1927 891 1956 curia
914 1925 1069 1967 diligitur.

430 1978 498 2008 Iam
523 1989 663 2010 canones
687 1979 795 2020 sperni
820 1977 1011 2018 decretaque
1035 1975 1255 2014 conciliorum,

517 2029 580 2069 Qui
605 2035 715 2061 contra
739 2040 878 2060 canones
902 2029 1021 2059 dixerit
1044 2034 1112 2060 esto
1136 2039 1219 2059 reus.

430 2081 515 2112 Hinc
539 2093 646 2112 ereses
670 2081 759 2111 nasci
785 2082 846 2111 iam
872 2087 1018 2122 tempora
1041 2086 1150 2111 nostra
1173 2084 1350 2121 queruntur

514 2133 557 2164 Et
581 2133 678 2164 decus
701 2132 879 2164 aecclesiae
903 2132 1078 2173 deperiisse
1103 2131 1221 2162 dolent.

429 2184 515 2227 Dum
540 2189 647 2216 tamen
671 2186 730 2216 iste
755 2184 846 2215 dolor
870 2187 1006 2222 maneat,
1031 2194 1104 2224 spes
1128 2194 1197 2214 esse
1221 2182 1357 2221 videtur,

514 2236 557 2267 Et
580 2247 665 2278 spes,
689 2247 770 2278 quae
792 2235 898 2266 valeat
922 2234 971 2265 vel
995 2245 1148 2266 revocare
1172 2234 1277 2265 fidem.

431 2287 494 2319 Sed
520 2287 603 2327 dico,
628 2289 654 2319 si
678 2299 736 2319 rex
761 2287 876 2330 aliquis
900 2286 1031 2318 castella
1053 2285 1104 2317 vel
1128 2296 1222 2326 agros

515 2339 660 2371 Contulit
684 2339 871 2379 aecclesiae,
896 2338 1031 2370 contulit
1054 2342 1085 2368 et
1109 2337 1259 2368 Domino.

431 2392 465 2422 Si
488 2391 557 2423 vult
580 2391 756 2430 servitium,
781 2390 947 2422 Christum
971 2390 1033 2421 sibi
1057 2389 1195 2420 subdere
1220 2388 1334 2430 querit,

517 2442 581 2482 Qui
606 2442 685 2474 dicit
708 2442 844 2474 christos
869 2453 950 2484 quos
975 2441 1061 2472 levat
1084 2442 1115 2471 in
1139 2439 1285 2471 famulos.

432 2494 496 2526 Sed
521 2494 669 2526 Christus
694 2493 784 2533 liber,
809 2499 840 2525 et
864 2492 941 2524 nulli
965 2492 1114 2524 subditur
1138 2503 1302 2533 umquam,

516 2546 558 2577 Et
581 2545 658 2577 nulli
683 2545 820 2576 christos
844 2544 1011 2576 subdiditc
1034 2543 1086 2575 ille
1110 2555 1194 2575 suos.

431 2598 524 2629 Sicut
546 2609 605 2629 nee
629 2598 716 2639 tangi
741 2598 871 2638 patitur,
896 2602 1032 2628 testante
1056 2595 1224 2638 propheta,

517 2649 560 2680 Et
583 2649 717 2691 Moysen
740 2648 894 2680 famulum
919 2658 983 2678 non
1005 2652 1089 2679 tacet
1113 2658 1183 2678 esse
1210 2646 1305 2684 Deid,

434 2699 477 2731 Ut
499 2711 557 2742 per
580 2712 653 2732 eum
680 2701 803 2732 Pharao
827 2701 978 2731 virtutem
1004 2699 1100 2730 sciret
1123 2697 1236 2730 adesse

486 2806 512 2837 b)
535 2807 592 2831 vira
613 2815 634 2830 c.
712 2806 739 2837 c)
759 2806 905 2830 subdididit
925 2814 944 2830 c.
1023 2804 1052 2835 d)
1074 2805 1151 2829 deum
1172 2813 1192 2828 c.

1678 132 1696 162 ΟΥ

1722 132 1737 161 -sl

1762 1576 1821 1595 f.1-1.

1766 2584 1911 2602 numme:

1763 2614 1798 2632 Pt.
1812 2614 1858 2633 104,
1873 2613 1903 2631 ιῖ).
