2132 3067
208 1136 287 1154 Maeui>
299 1137 334 1160 2³,

244 1167 256 1177 ι)

269 1250 333 1270 ‘s.0¹.

356 173 414 204 102
752 169 907 198 LIBELLI
929 168 1129 196 BERNALD1
1152 167 1389 195 PRESBYTERI
1413 166 1599 196 MONACHI.

353 275 468 303 semus,
497 264 522 293 si
552 272 615 292 non
644 258 849 301 epistolarem
872 257 1064 289 brevitatem
1090 256 1248 288 excedere
1271 257 1467 289 timeremus,
1520 255 1678 286 Dicamus
1709 260 1817 286 tamen
1847 253 1998 293 breviter,

353 328 391 346 ne
414 323 445 346 et
468 312 717 344 scientioribusa
740 311 874 340 nimium
899 308 1054 350 loquaces
1078 319 1149 339 esse
1173 307 1372 339 videamurb.

457 364 580 395 Natalis
598 362 827 394 Salonitanusc
849 360 1022 402 episcopus
1041 359 1267 390 Honoratum‘¹
1292 359 1464 389 diaconum
1488 368 1583 388 suum
1607 363 1718 389 contra
1741 357 1850 388 sedis⁸
1873 362 2001 399 aposto-

352 417 429 447 lieae
454 420 641 458 preceptum
666 414 705 444 ab
730 412 995 444 archidiaconatu
1019 410 1172 452 deposuit
1195 409 1358 452 aliumque
1383 411 1414 440 in
1438 409 1543 441 locum
1568 409 1637 440 eius
1661 409 1860 450 subrogavit.
1906 407 2001 440 Unde

351 474 479 500 sanctus
497 466 695 507 Gregorius¹
714 463 851 495 eundem
870 463 1071 494 Honoratum
1095 462 1196 492 invito
1219 461 1332 492 eodem
1357 462 1511 503 episcopo
1536 460 1589 491 inf
1606 460 1710 491 locum
1729 465 1846 491 suum&
1861 459 2002 491 restituit

351 526 382 550 et
411 520 507 549 alium
532 517 596 548 illi¹¹
621 516 832 557 subrogatum
856 514 1014 556 deposuit,
1046 523 1083 544 eo
1114 513 1219 555 quodi
1245 513 1377 554 proprio
1401 513 1555 554 episeopo
1578 512 1611 542 in
1635 511 1747 543 eadem
1773 511 2002 552 subrogatione

351 576 461 602 contra
485 574 672 611 preceptum
698 567 821 598 domini
844 576 950 607 papae
974 564 1142 596 obedierit.
1198 564 1288 595 Haec
1317 565 1426 605 itaque
1450 564 1635 594 summatim
1660 563 1822 605 tetigimus
1846 562 2003 604 vobisque

351 634 388 653 ea
412 622 442 652 in
463 620 621 661 liegestok
638 619 738 660 ipsius
755 617 944 658 diligentius
965 615 1201 647 consideranda
1227 616 1469 647 committimus.
1512 614 1572 654 Ibi,
1595 615 1738 657 inquam,
1761 614 2003 646 evidentissime

352 673 485 715 patebit,
509 671 610 714 qu0d¹
637 669 742 701 nullus
767 670 932 700 subiectus
956 678 1028 698 eum
1054 667 1238 698 obedientia
1262 668 1310 698 sui
1334 666 1447 709 prelati
1473 672 1579 708 potest
1601 677 1636 696 se
1660 677 1827 707 excusare,
1851 666 1927 708 quin
1943 669 2002 696 et¹¹¹

353 723 560 766 principalius
583 721 780 763 apostolicae
804 721 873 751 sedi
897 730 993 762 quam
1023 719 1154 761 proprio
1185 719 1338 760 episeopo
1363 718 1413 749 vel
1436 718 1559 749 decano
1584 716 1702 749 debeat
1725 717 1868 757 obedire,
1900 721 2003 759 quae¹¹

351 777 456 817 ipsum
481 775 576 805 etiam
602 774 704 804 invito
728 774 797 804 eius
820 772 974 813 episeopo
999 771 1153 801 canonice
1178 775 1285 812 potest
1308 770 1494 812 dampnare.
1533 768 1697 811 Amplius:
1720 769 1872 801 Tercium
1891 768 2002 800 Carta-

351 828 483 867 ginense
513 826 714 864 e‹›nci1ium²‚
746 825 796 855 cui
826 829 957 854 sanctus
982 822 1186 863 Augustinus
1216 833 1288 853 eum
1311 821 1443 852 Aurelio
1469 821 1697 862 Cartaginensi
1728 821 1880 863 episeopo
1909 820 2003 851 inter-

353 879 441 919 fuit0,
472 879 590 920 ipsum,
622 877 764 918 inquam,
794 875 968 907 concilium
993 873 1163 917 kap[itulo]
1189 873 1265 904 Vll⁰
1289 878 1434 912 testatur,
1466 877 1500 903 ut
1523 873 1677 914 episcopo
1701 872 2003 904 excommunicatov

353 942 413 961 nee
443 941 462 960 a
493 929 623 970 propria
653 927 811 958 aecclesia
841 927 1105 958 communicetur.
1162 925 1197 955 Si
1231 935 1308 966 ergo
1343 924 1550 966 provincialis
1586 924 1712 955 concilii
1747 924 1866 955 iudicio
1899 923 2004 964 magis

354 981 567 1013 obediendum
600 985 657 1020 est,
687 990 783 1021 quam
813 979 945 1020 proprio
977 978 1141 1020 episeopo,
1172 984 1292 1018 quanto
1322 977 1425 1017 magis
1454 977 1676 1007 sanctissimae
1700 976 1786 1007 sedis
1809 973 2005 1018 apostolicae

353 1032 616 1074 generalissimae
646 1029 794 1072 synodo?
849 1030 1000 1061 Preterea
1030 1029 1247 1060 sanctissimi‘l
1284 1034 1394 1070 patres
1429 1027 1642 1068 aecclesiae‘,
1677 1028 1819 1059 scilieets
1854 1025 2003 1068 apostoli,

354 1084 509 1127 numquid
532 1095 594 1114 non
619 1082 829 1114 devotissime
853 1083 902 1112 sui
926 1081 1080 1129 temporis
1104 1079 1327 1111 sacerdotibus
1352 1079 1552 1119 obedierunt,
1576 1081 1730 1122 precipue
1753 1090 1827 1110 cum
1845 1078 2004 1110 Dominus

355 1137 551 1178 preciperet:
591 1135 719 1176 Super‘
759 1134 972 1165 cathedramu
1013 1133 1120 1174 Moysi
1155 1132 1309 1163 sederant
1346 1132 1474 1162 scribae
1509 1137 1536 1162 et
1568 1132 1738 1173 pharisei;
1777 1131 1888 1163 omnia
1921 1141 2005 1172 quae

355 1190 469 1219 dicunt
498 1187 594 1226 vobis,
623 1191 749 1218 servate
776 1191 803 1217 et
823 1185 941 1225 facite.
987 1184 1069 1216 Cum
1099 1189 1206 1214 autem
1238 1183 1300 1224 ipsi
1331 1193 1349 1213 a
1380 1183 1516 1214 veritate
1548 1182 1755 1214 discederent
1783 1188 1815 1214 et
1841 1180 2004 1224 apostolos

354 1251 461 1270 secum
486 1238 652 1270 'seducere
676 1237 805 1276 vellent,
829 1247 1034 1278 nequaquam
1045 1242 1057 1255 V
1081 1234 1219 1277 apostoli
1244 1241 1433 1276 expectasse
1456 1234 1618 1275 leguntur,
1648 1241 1683 1266 ut
1706 1234 1865 1265 Dominus
1889 1244 1944 1265 eos
1966 1232 2006 1264 de

355 1291 574 1333 phariseorum
610 1289 793 1320 obedientia
826 1288 1011 1330 specialiter
1044 1286 1243 1327 absolveret,
1289 1287 1386 1316 immo
1425 1287 1532 1317 statim
1568 1286 1614 1316 eis
1649 1285 1780 1317 obedire
1814 1290 2007 1328 spreverunt

355 1343 513 1373 dicentes:
537 1341 668 1372 obedire
693 1341 796 1382 inagis
820 1346 947 1382 oportet
963 1339 1034 1370 Deo
1059 1349 1154 1381 quam
1181 1337 1373 1370 hominibus.
1420 1337 1544 1369 Undew
1570 1338 1681 1369 beatus
1704 1337 1869 1379 apostolus
1893 1337 2005 1368 Petrus

355 1396 386 1425 in
410 1393 610 1425 ordinatione
634 1393 735 1423 sancti
760 1391 935 1423 Clementis
958 1391 1143 1422 firmissime
1167 1389 1353 1420 decrevisse
1382 1388 1510 1430 legitur,
1538 1395 1573 1420 ut
1595 1388 1657 1429 ille,
1688 1390 1738 1420 cui
1767 1388 2005 1420 ecclesiasticus

355 1451 464 1488 pastor
494 1445 630 1475 sentitur
662 1455 805 1483 aversus,
836 1443 877 1474 ab
909 1441 1093 1473 hominibus
1124 1441 1299 1479 devitetur,
1338 1452 1397 1471 nee
1428 1440 1469 1471 ad
1503 1440 1563 1472 hoc
1598 1440 1842 1483 exsequendum
1876 1439 2006 1482 aliquod

356 1496 495 1538 speciale
518 1501 707 1538 preceptum
731 1507 750 1526 a
774 1494 896 1537 prelato
920 1500 1123 1536 expectetur,
1147 1492 1204 1524 sed
1229 1493 1335 1523 statim
1360 1503 1393 1523 se
1417 1492 1458 1523 ab
1482 1492 1535 1523 illo
1559 1498 1716 1531 avertant,
1742 1492 1793 1523 cui
1816 1491 2007 1523 ecclesiasti-

357 1560 427 1579 cum
452 1554 613 1590 pastorem
638 1547 808 1578 adversum
833 1547 1023 1588 percipiant,
1073 1544 1171 1583 Nulli,
1195 1546 1338 1586 inquam,
1363 1550 1475 1575 eontra
1498 1544 1603 1575 Deum
1629 1551 1659 1575 et
1683 1549 1800 1576 statuta
1822 1548 2004 1575 sanctorum

356 1606 483 1642 patrum
508 1604 556 1630 est
579 1599 813 1630 obediendum:
838 1599 936 1629 immo
960 1597 1083 1640 prelato
1107 1607 1177 1638 suo,
1202 1597 1255 1638 qui
1280 1602 1363 1638 prox
1386 1595 1603 1627 inobedientia
1626 1606 1645 1626 a
1667 1596 1832 1638 superiore
1849 1599 2008 1637 potestate

357 1652 549 1693 dampnatus
583 1656 647 1691 est,
685 1650 880 1681 omnimodis
914 1648 1141 1681 resistendum.
1204 1647 1300 1679 Unde
1335 1648 1366 1678 in
1399 1648 1618 1679 sacratissima.
1652 1647 1849 1678 univer-salii*
1882 1647 2006 1688 synodo

358 1703 542 1745 Ephesina³
572 1708 603 1733 et
632 1701 676 1732 illi
705 1701 841 1732 multum
871 1701 993 1732 laudati
1023 1706 1107 1739 sunt,
1138 1700 1193 1742 qui
1225 1700 1356 1741 proprio
1385 1710 1495 1730 eorum
1520 1700 1685 1741 episeopo,
1714 1699 1746 1730 id
1776 1704 1824 1730 est
1846 1698 2006 1738 Nestorio,

357 1753 491 1785 viriliter
514 1754 698 1785 restiterunt
708 1760 729 1784 Ζ.

464 1806 498 1835 In
529 1805 612 1835 tinea
635 1805 892 1847 apologeticib·⁴,
922 1815 1020 1846 quem
1043 1803 1180 1835 domnus
1207 1801 1388 1833 Herolduse
1412 1801 1576 1844 quondam
1602 1802 1641 1833 de
1665 1801 1862 1843 Hirsaugiad
1889 1800 2006 1836 attulit.

357 1868 452 1898 quem
470 1862 501 1888 et
517 1857 654 1887 domnus
672 1857 841 1897 IIenricus,
866 1862 901 1888 ut
924 1857 1069 1898 opinorc,
1094 1856 1145 1886 hic
1169 1855 1353 1896 descripsit:
1378 1855 1410 1884 iu
1427 1854 1499 1893 tine,
1522 1855 1666 1895 inquam,
1690 1853 1774 1885 illius
1790 1852 2007 1895 apologetici*

358 1909 418 1939 hoc
446 1909 618 1939 autenticis
649 1909 828 1939 rationibus
859 1907 1074 1947 declaraturf,
1106 1907 1192 1949 quod
1224 1917 1283 1937 nec
1314 1906 1446 1947 proprio
1475 1906 1639 1947 episcopo,
1669 1906 1765 1936 etiam
1793 1904 1953 1936 catholico
1975 1910 2007 1936 et

358 1959 519 2001 religiose,
550 1965 662 1990 contra
693 1959 847 1990 domnum
879 1971 998 2002 papam
1030 1959 1160 1990 obedire
1190 1958 1378 1989 debeamus.
1431 1957 1548 1988 Huncss
1572 1968 1648 1998 ergo
1672 1957 1799 1997 librum,
1829 1967 1925 1999 quem
1949 1967 2006 1987 vos

359 2011 478 2042 habere
501 2011 674 2050 credimus,
707 2017 741 2042 ut
765 2012 796 2042 in
821 2011 874 2043 illo
899 2011 976 2042 haec
1001 2011 1108 2042 omnia
1132 2010 1303 2051 diligenter
1332 2009 1522 2050 inspiciatis,
1551 2019 1713 2050 rogamus.
1765 2008 1799 2039 Si
1822 2014 1929 2039 autem
1953 2007 2006 2038 ille

470 2108 497 2135 a]
519 2108 665 2132 scientibus
686 2108 711 2132 9.
787 2108 814 2138 b)
837 2115 869 2131 ea:
889 2107 1027 2131 videamus
1048 2116 1115 2131 corr.
1137 2107 1160 2130 G.
1239 2107 1262 2132 c)
1286 2105 1467 2130 Salonitavius
1489 2105 1513 2128 G.
1591 2105 1620 2130 d]
1644 2106 1800 2130 Honoranio
1821 2104 1846 2129 6.
1931 2104 1956 2135 e)
1979 2112 2006 2136 p.

361 2163 380 2177 s.
402 2162 426 2177 a.
448 2154 472 2177 9.
531 2154 550 2183 f)
574 2154 667 2177 eadem
688 2154 752 2178 adil.
774 2154 798 2183 6,
819 2154 890 2177 (inea
910 2153 1042 2177 subducta
1061 2153 1114 2177 del.
1171 2153 1202 2183 gl
1222 2152 1469 2176 archidiaconatum
1491 2152 1514 2174 9.
1583 2151 1609 2181 h)
1633 2152 1677 2183 qui
1698 2151 1722 2175 ei
1742 2151 1901 2182 subrogatus
1921 2153 1962 2175 est
1981 2150 2006 2174 9.

362 2200 379 2229 ij
403 2200 459 2230 ipse
482 2199 544 2223 mm.
566 2200 591 2223 9,
668 2199 695 2229 k)
718 2200 828 2229 registro
850 2200 875 2223 9.
960 2199 978 2229 l)
1002 2206 1019 2230 q
1040 2199 1064 2223 6.
1152 2201 1187 2230 m)
1208 2199 1296 2230 potius
1318 2199 1344 2222 9.
1428 2198 1457 2221 n]
1479 2205 1555 2229 quem
1577 2198 1601 2221 9.
1686 2197 1712 2228 ο)
1735 2200 1762 2221 et
1780 2196 1877 2229 prefuit
1897 2196 1961 2221 add.
1983 2196 2008 2220 9.

363 2246 388 2276 p)
413 2245 557 2276 dampnato
580 2249 605 2269 vt
625 2254 681 2269 exe.
704 2246 727 2270 9.
823 2246 848 2277 q)
872 2246 921 2276 ipsi
944 2245 967 2269 6.
1062 2246 1084 2276 r)
1108 2245 1296 2269 aecclesiarum
1318 2245 1343 2268 9.
1442 2244 1464 2274 s)
1488 2244 1573 2267 sancti
1594 2243 1651 2268 scil.
1673 2248 1699 2268 et
1720 2243 1744 2268 G.
1840 2242 1860 2274 t)
1882 2249 1963 2275 supra
1983 2241 2008 2266 9.

364 2296 392 2316 n>
413 2291 539 2314 cathedra
560 2291 583 2314 G.
678 2296 705 2315 v)
726 2291 815 2314 statim
836 2291 868 2315 ab
889 2291 1018 2322 apostolis
1038 2291 1191 2315 audierunt:
1212 2290 1333 2322 ‘Oportet
1353 2290 1438 2321 magis
1459 2289 1574 2313 obedire'
1593 2292 1620 2313 et
1639 2289 1685 2314 rel.
1705 2288 1730 2313 6.
1824 2290 1861 2320 w)
1881 2288 1952 2312 unde
1972 2301 2005 2306 —

364 2337 424 2361 adv.
445 2337 594 2368 percipiunt
617 2338 642 2360 (l.
660 2337 703 2367 ⁸2⁸3)
727 2337 779 2360 (Ins.
802 2338 825 2360 G.
901 2338 928 2365 x)
951 2337 1020 2361 deest
1043 2338 1066 2361 6.
1142 2341 1169 2368 y)
1193 2340 1218 2361 et
1237 2337 1309 2360 univ.
1332 2336 1356 2360 6.
1427 2336 1451 2363 z)
1473 2336 1628 2360 resisterunt
1649 2336 1674 2359 9.
1741 2334 1768 2359 a]
1789 2338 1878 2359 autem
1899 2333 1962 2358 mid.
1983 2334 2008 2358 9.

365 2383 391 2413 il)
411 2383 527 2414 apollog.
549 2384 573 2407 9.
661 2390 684 2409 c)
705 2387 763 2413 pos!
784 2383 853 2406 liam·
873 2392 959 2407 vucrm
980 2383 1094 2414 spatium
1117 2391 1239 2413 vacuum,
1260 2382 1342 2405 tribus
1359 2383 1421 2413 fere
1442 2381 1526 2405 rer-bis
1547 2380 1629 2406 erasis
1651 2382 1675 2405 6.
1761 2380 1791 2409 d)
1811 2381 1890 2412 ΗΠΒ.
1912 2380 1937 2411 9,
1958 2379 2008 2405 huc

365 2428 428 2454 mld.
444 2429 469 2453 6.
527 2432 551 2459 c)
572 2430 711 2460 opinamur
732 2429 755 2451 6.
814 2429 832 2451 s»
857 2429 989 2452 delatatur
1009 2429 1033 2453 G,
1092 2429 1119 2459 g)
1142 2429 1220 2452 Hunc
1241 2436 1304 2460 crgo
1325 2428 1342 2452 l.
1357 2441 1391 2445 —
1406 2427 1564 2452 confidimus
1587 2430 1626 2459 (p.
1642 2428 1700 2454 103,
1716 2427 1732 2451 l.
1744 2427 1791 2455 23)
1806 2426 1860 2451 dee.
1875 2425 1964 2450 omnia
1982 2426 2007 2450 9.

474 2516 502 2551 l)
532 2517 599 2541 Vide
621 2526 707 2550 supra
729 2527 760 2550 p.
778 2517 913 2542 &T--S-s.
981 2519 1009 2543 23]
1036 2518 1118 2543 Cone.
1139 2517 1270 2551 Carllnuq.
1288 2526 1315 2542 (ι.
1334 2516 1404 2549 419,
1428 2525 1450 2542 c.
1469 2516 1507 2542 62
1531 2516 1596 2549 (Ξῖ.
1623 2515 1850 2548 Dion.·llndr.),
1874 2524 1908 2541 ea:
1929 2522 2007 2541 conc.

365 2579 392 2593 a.
412 2568 481 2601 401,
511 2570 555 2594 lii.
574 2569 635 2593 Iun.
661 2568 799 2601 rrpc-tirns,
824 2577 899 2602 quem
924 2569 1049 2594 collectio
1074 2569 1205 2601 Hispana
1230 2578 1252 2595 c,
1271 2569 1297 2599 2),
1323 2576 1399 2595 conc.
1422 2568 1556 2601 Carfhaq.
1581 2567 1608 2594 V.
1627 2567 1742 2592 exhibet.
1810 2567 1839 2600 3)
1869 2566 1898 2593 V.
1921 2574 2008 2601 supra

363 2630 391 2654 J).
419 2621 466 2644 ΕΝ.
569 2619 597 2644 41
623 2620 831 2652 .·1J›1›lnsleticum
856 2620 926 2643 liwir
950 2620 1070 2653 inrelleyi
1090 2623 1157 2653 putu
1182 2620 1216 2645 ‹zl›
1242 2620 1301 2653 ipso
1326 2619 1470 2645 lxm-namo
1494 2622 1650 2650 erar-atum,
1674 2618 1722 2652 (μή
1744 2618 1778 2644 de
1801 2617 1930 2652 operibus
1951 2617 2010 2643 suis

365 2676 504 2705 {uinquam
530 2671 565 2696 ab
588 2674 718 2695 οπίνιιηεύ
741 2671 858 2704 quodum
883 2670 995 2702 scriptis
1018 2670 1094 2704 loqui
1115 2671 1191 2701 salet,
1217 2679 1329 2703 eumque
1346 2670 1440 2702 suis-ee
1462 2670 1590 2704 suspicor
1613 2669 1733 2695 libellum
1757 2669 1816 2700 ΙΙΙ,
1844 2669 1924 2695 cuiue
1946 2668 2008 2694 ulti—

368 2723 417 2747 mis
440 2722 546 2748 duabus
571 2722 702 2755 capitulis
728 2721 885 2746 lirrnuliius
914 2725 1104 2753 ‹irgmnivnrnm
1129 2722 1162 2746 de
1187 2722 1358 2747 ulnmlienta'u
1389 2722 1533 2748 tractae-it.
1588 2720 1729 2753 Defensor
1751 2729 1858 2754 quoque
1879 2719 1927 2746 ille
1948 2727 2009 2745 een·

367 2774 469 2799 tentiae
499 2772 790 2799 exennimimir-alionis
820 2781 835 2796 a
867 2772 1005 2804 (v'rrynrio
1038 2772 1099 2799 1'11.
1124 2773 1199 2798 latae
1230 2772 1393 2806 (Appendir
1423 2772 1524 2805 infin),
1556 2772 1604 2805 qui
1634 2772 1753 2798 nesciam
1785 2781 1821 2798 an
1849 2771 2010 2797 Bernaldue

362 2825 461 2857 fuerit,
485 2825 598 2850 eandem
624 2834 676 2849 rem
703 2824 791 2849 media
818 2824 842 2848 ιἰι
867 2823 1053 2855 dixpu‘izti'vuw
1077 2823 1215 2849 disseruit.

2021 471 2034 490 Ξ)

2024 728 2050 747 10

2025 986 2050 1006 15

2026 1247 2053 1266 20

2027 1503 2053 1523 25

2027 1761 2054 1780 ³⁰

2027 2019 2054 2038 ³5

2027 2294 2055 2314 40

2028 2569 2055 2588 ab

2029 2825 2056 2844 5⁰
