2132 3067
564 169 616 195 DE
640 168 809 195 UNITATE
833 168 1041 195 ECCLESIAE
1064 170 1359 197 CONSERVANDA.
1723 169 1783 200 243

138 265 165 289 et
189 259 278 290 beato
300 258 405 298 Petro,
435 257 655 300 apostolorum
684 258 850 298 principe,
881 262 916 287 ut
946 258 1216 299 contemplatione
1238 261 1360 291 iudicii
1385 262 1481 291 vestri
1503 262 1638 292 caeteris
1662 272 1787 303 quoque

138 309 304 341 catholicis
327 309 469 340 ecclesiis
492 308 628 340 ultionis
646 313 771 339 vestrae
789 309 989 350 praebeatur
1005 309 1194 351 exemplum.
1234 311 1322 342 Haec
1339 318 1426 342 certe
1442 312 1554 343 scribit
1571 317 1662 353 pater
1678 318 1787 343 noster

139 361 316 402 Gregorius
347 366 458 391 contra
486 361 760 402 praevaricatores
791 359 1026 391 ecclesiasticae
1056 361 1255 402 disciplinae,
1286 373 1367 404 quac
1399 363 1549 394 defensor
1572 363 1624 395 ille
1648 366 1786 405 partium

138 413 186 444 sui
207 412 357 453 Gregorii
381 411 555 442 introducit
570 411 609 442 ad
628 411 858 442 destruendum
883 412 1111 443 ‘sacerdotium
1138 413 1327 444 universalis
1352 414 1517 454 ecclesiae,
1542 427 1624 457 quae
1648 427 1786 447 commu-

106 475 118 494 5
139 465 226 495 nieat
249 464 317 495 sedi
342 463 551 504 apostolicae.
603 461 747 505 Ideoque
776 463 974 504 interpositis
998 463 1189 505 quibusdam
1215 466 1354 506 scriptis,
1386 465 1503 507 quibus
1528 473 1661 498 conatur
1685 472 1787 499 osten-

139 516 214 547 dere
244 515 324 546 nihil
355 516 415 546 nisi
446 514 486 545 ad
517 514 818 545 condemnationem
851 514 937 556 apud
970 525 1027 545 nos
1056 515 1165 546 valere
1190 515 1309 546 Christi
1339 522 1369 548 et
1397 517 1552 548 ecclesiae
1576 524 1787 559 sacramenta,

139 577 220 610 quae
244 573 318 598 sunt
340 566 502 608 baptisma
526 573 556 597 et
579 565 717 596 chrisma
739 572 836 607 atque
861 567 1005 608 corporis
1029 573 1059 597 et
1083 568 1251 607 sanguinis
1268 567 1401 598 Domini
1426 571 1589 610 mysteria,
1614 576 1687 612 post
1711 570 1789 602 hacc

139 619 306 659 subiungit
335 617 439 648 adhuc
469 617 507 648 de
538 617 740 649 ordinatione
771 618 988 649 testimonium
1022 618 1105 649 beati
1130 619 1336 659 Augustini1,
1369 630 1451 662 quae
1479 621 1601 652 scilicet
1630 622 1788 653 ordinatio

139 669 219 702 solet
248 681 305 712 per
335 680 448 701 manus
479 669 717 710 impositionem
747 669 825 700 fieri.
874 670 1080 710 Cot-paralisi,
1109 670 1223 711 inquit,
1251 677 1466 712 sacramenta,
1495 685 1578 714 quae
1601 679 1738 714 portant
1762 680 1790 706 et

95 733 120 752 10
140 721 299 753 celebrant
322 723 419 753 etiam
442 723 607 763 segregati
632 721 671 751 ab
696 722 821 752 unitate
838 723 986 762 corporis
1006 722 1138 761 Christi,
1153 721 1299 762 formam
1320 729 1460 764 possunt
1477 725 1624 756 e-rlaeibere
1644 727 1789 766 pietatis,

140 774 245 804 virtus
268 784 341 804 vero
359 773 498 814 pietatis
522 772 701 803 invisibilis
729 778 757 803 et
786 773 952 812 spiritalis
981 774 1029 803 'ita
1058 774 1094 804 in
1124 775 1170 804 eis
1194 785 1259 804 non
1287 779 1390 815 potest
1415 786 1490 814 esse,
1519 777 1787 817 quemadmodum

139 836 252 856 sensus
275 835 341 855 non
364 825 511 866 sequitur
535 824 676 855 hominis
698 824 883 864 membrum,
906 825 1040 865 quando
1065 830 1257 866 amputatur
1279 838 1297 854 a
1323 837 1465 866 corpore.
1510 827 1619 869 E¹·90²
1644 829 1731 870 quod
1754 830 1787 860 in

140 876 289 907 omnibus
311 876 459 907 membris
482 877 584 906 unius
607 876 756 917 corporis
780 877 850 917 ayit
873 877 996 915 anima,
1020 876 1078 907 hoc
1104 877 1174 918 agit
1191 876 1340 917 Spiritus
1359 883 1496 908 sanctus
1511 879 1544 909 in
1563 884 1627 909 tota
1645 880 1789 911 ecclesia.

147 929 252 959 Unum
276 929 398 969 quippe
421 938 542 968 corpus
566 932 594 958 et
618 938 704 957 unus
727 927 878 967 spiritus,
901 928 985 958 sicut
1006 928 1086 958 dicit
1103 928 1279 968 apostolus.
1318 928 1451 960 Praeter
1467 929 1525 960 hoc
1549 942 1669 971 corpus
1689 937 1790 973 potest

94 991 120 1010 15
140 980 269 1022 quidem
286 979 408 1020 aliquis
424 978 540 1009 habere
557 978 604 1009 vel
619 978 704 1018 fidei
720 978 767 1009 vel
783 979 992 1020 baptismatis
1007 979 1166 1019 formam,
1191 980 1248 1010 sed
1272 991 1337 1010 non
1354 980 1447 1011 babet
1464 982 1571 1012 vitam.
1611 982 1689 1014 Nisi
1705 984 1787 1014 enim

139 1032 264 1073 spiritu
282 1031 369 1062 intus
386 1031 549 1071 vegeteris,
563 1029 701 1070 frustra
717 1030 810 1070 foris
833 1030 871 1061 de
884 1030 1001 1070 forma
1020 1030 1189 1072 gloriaris.
1229 1030 1268 1062 Si
1290 1032 1376 1072 quod
1394 1032 1565 1063 membrum
1590 1034 1623 1064 in
1646 1034 1789 1066 humano

141 1094 273 1124 corpore
294 1081 514 1123 praeciditur,
545 1082 707 1122 numquid
726 1082 915 1122 praecisum
939 1083 1052 1112 anima
1075 1082 1244 1124 sequitur?
1290 1082 1346 1114 Sic
1370 1083 1460 1114 homo
1483 1084 1688 1116 christianus
1711 1087 1791 1117 vivit

140 1136 176 1165 in
199 1145 333 1176 corpore
359 1133 490 1173 Christi,
513 1144 678 1175 quousque
702 1133 882 1163 catholicus
905 1138 959 1172 est,
979 1136 1155 1174 praecisus
1179 1139 1286 1164 autem
1312 1134 1470 1166 hereticus
1484 1135 1603 1176 factus
1626 1142 1679 1168 est.
1726 1137 1789 1168 Sed

139 1185 192 1216 ille
215 1184 422 1216 adversarius
445 1190 554 1216 noster
577 1185 689 1216 scribit
719 1195 777 1214 nos
808 1186 972 1225 praecisos
1004 1196 1086 1225 esse,
1116 1196 1149 1216 se
1173 1196 1248 1216 vero
1273 1196 1412 1227 suosque
1441 1187 1614 1229 participes
1643 1199 1791 1230 porman-

91 1249 119 1268 πο
139 1238 219 1268 sisse
243 1237 275 1267 in
299 1237 421 1267 unitate
444 1235 636 1266 universalis
660 1235 823 1267 ecclesiae.
876 1236 971 1267 Absit
994 1242 1101 1267 autem
1125 1247 1143 1267 a
1167 1237 1270 1276 nobis,
1295 1242 1329 1267 ut
1352 1249 1410 1268 nos
1433 1239 1612 1270 exissemus
1635 1240 1676 1270 ab
1699 1241 1790 1281 ipsis,

140 1287 197 1320 sed
221 1289 283 1330 ipsi
307 1289 457 1319 exierunt
479 1298 497 1318 a
521 1287 646 1318 nobisss.
700 1287 791 1318 Sicut
821 1288 905 1318 enim
938 1288 1049 1319 scribit
1079 1293 1206 1319 sanctus
1239 1294 1329 1329 pater
1351 1289 1554 1330 Augustinus
1586 1292 1617 1321 in
1646 1291 1727 1322 libro
1751 1291 1790 1323 de

138 1351 215 1371 vera
245 1339 440 1381 religione⁴:
470 1339 579 1370 Posset
609 1339 809 1370 scismaticos
839 1351 918 1370 area
949 1340 1116 1371 dominica
1147 1351 1247 1382 usque
1272 1341 1317 1371 ad
1339 1346 1463 1382 tempus
1493 1341 1628 1374 ultionis
1652 1343 1788 1375 ventila-

139 1393 248 1423 tionea
271 1391 356 1422 velut
375 1391 493 1432 paleas
516 1391 687 1430 sustinere,
718 1392 786 1421 nisi
816 1396 908 1422 vento
937 1391 1110 1432 superbiae
1134 1392 1261 1422 nimiab
1285 1392 1414 1423 levitate
1438 1394 1606 1425 cessissent
1629 1399 1656 1425 et
1679 1406 1744 1426 sese
1769 1407 1789 1426 a

139 1443 230 1475 nobis
253 1443 336 1474 ultro
360 1447 579 1484 separassent.
623 1441 704 1472 Nam
731 1441 817 1483 quod
836 1443 974 1483 praecisi
999 1443 1062 1473 sint
1086 1442 1124 1473 de
1149 1444 1271 1474 unitate
1288 1443 1499 1476 ecclesiastici
1518 1446 1672 1486 corporis,
1696 1451 1790 1478 testa-

92 1505 118 1524 πε
139 1502 190 1526 tur
210 1495 290 1536 ipse,
321 1495 374 1536 qui
399 1495 430 1524 in
454 1494 516 1525 fine
540 1492 695 1534 epistolae
719 1504 805 1529 suae,
835 1493 875 1524 ad
900 1505 996 1536 quem
1023 1500 1139 1525 cuncta
1163 1505 1244 1536 quae
1269 1496 1420 1526 dicuntur
1442 1496 1545 1528 solent
1568 1498 1690 1537 referri,
1719 1508 1789 1539 pro-

138 1547 247 1578 fitetur
275 1557 308 1577 se
337 1551 460 1587 partem
492 1545 541 1576 sui
566 1544 717 1586 Gregorii
747 1545 930 1576 defendere.
983 1545 1076 1576 Unde
1101 1547 1238 1577 iterum⁵
1263 1547 1466 1588 Augustinus
1490 1549 1521 1579 in
1544 1548 1626 1579 libro
1651 1549 1690 1581 de
1713 1560 1790 1580 vera

139 1598 309 1640 religione:
342 1597 406 1628 Sed
429 1598 519 1640 quia,
542 1597 656 1638 inquit,
680 1598 715 1627 in
741 1597 801 1627 hac
825 1597 990 1628 dominica
1017 1609 1095 1628 area
1117 1609 1179 1639 pro
1204 1597 1367 1630 voluntate
1391 1601 1526 1641 quisque
1550 1601 1598 1631 vel
1618 1601 1717 1642 palea
1741 1601 1789 1632 vel

129 1650 336 1691 frumentum
360 1654 414 1687 est,
438 1653 504 1679 tam
528 1648 585 1679 diu
612 1649 793 1679 sustinetur
812 1654 982 1690 peccatum
1007 1654 1065 1679 aut
1088 1661 1182 1681 error
1204 1650 1384 1689 cuiuslibet,
1414 1652 1513 1683 donec
1538 1657 1595 1682 aut
1619 1658 1786 1684 accusato-

141 1713 203 1733 rem
235 1702 384 1732 inveniut
417 1705 475 1731 aut
500 1711 643 1741 pravam
675 1701 861 1741 opinionem
888 1701 1058 1741 pertinaci
1089 1702 1298 1733 animositate
1329 1702 1495 1743 defendat.
1558 1704 1713 1734 Tenenda
1744 1709 1788 1736 est

92 1763 119 1782 so
139 1758 246 1784 autem
267 1753 370 1792 nobis,
394 1753 469 1791 ait⁶,
493 1752 678 1782 christiana
702 1751 818 1793 reliqio
843 1757 871 1782 et
894 1753 963 1783 eius
986 1752 1138 1783 ecclesiae
1162 1755 1422 1794 communicatio,
1451 1766 1535 1795 quae
1558 1755 1719 1787 catholica
1743 1761 1788 1787 est

139 1810 166 1836 et
195 1804 357 1836 catholica
388 1804 581 1834 nominatur
611 1815 676 1834 non
707 1803 811 1834 solum
843 1815 863 1834 a
893 1805 974 1842 suis,
1003 1816 1113 1835 verum
1143 1807 1239 1836 etiam
1265 1806 1304 1836 ab
1329 1806 1477 1837 omnibus
1505 1807 1660 1847 inimicis,
1690 1807 1788 1838 velint

139 1856 252 1888 nolint.
298 1855 387 1886 Nam
409 1856 478 1896 ipsi
500 1866 622 1897 quoque
646 1855 778 1886 heretici
801 1859 829 1885 et
851 1856 1038 1886 scismatum
1063 1855 1191 1887 alumni
1213 1857 1346 1898 quando
1366 1869 1432 1888 non
1450 1869 1520 1888 cum
1538 1859 1619 1897 suis,
1643 1858 1699 1889 sed
1714 1870 1786 1889 cum

138 1908 302 1940 eaetraneis
323 1907 514 1949 loquuntur,
538 1906 728 1938 catholicum
755 1906 840 1937 nihil
864 1906 958 1937 aliud
981 1918 1077 1948 quam
1102 1908 1296 1939 catholicam
1319 1913 1441 1940 vocant.
1493 1909 1570 1940 Non
1593 1910 1690 1940 ‘enim
1711 1921 1786 1951 pos·
1807 1920 1816 1930 ·

138 1964 215 1990 sunt
235 1959 387 2000 intelliyi,
411 1959 479 1989 nisi
501 1958 558 1989 hoc
581 1969 649 1989 eam
675 1959 805 1989 nomine
824 1959 1025 1998 discernant,
1048 1970 1110 1999 quo
1134 1959 1174 1990 ab
1199 1961 1352 1991 universo
1370 1961 1443 1991 orbe
1460 1965 1684 2001 nuncupatur.
1720 1960 1786 1992 Sed

92 2020 119 2040 εει
140 2010 234 2052 apud
256 2021 317 2051 eos,
340 2011 475 2052 inquit⁷‚
505 2009 588 2041 solos
612 2009 802 2051 quaerenda.
826 2015 870 2040 est
892 2021 970 2040 vera
993 2011 1121 2051 religio,
1146 2011 1204 2051 qui
1226 2011 1413 2051 christiani,
1436 2012 1590 2042 catholici
1612 2011 1659 2043 vel
1683 2012 1785 2043 ortho-

140 2061 218 2092 docci
245 2062 470 2100 nominantur,
499 2061 535 2092 id
564 2065 609 2092 est
638 2062 840 2102 integritatis
870 2061 1017 2091 custodes
1045 2067 1072 2091 et
1100 2067 1187 2092 recta
1216 2067 1383 2093 sectantes,
1430 2063 1520 2094 Haec
1543 2066 1627 2094 enim
1650 2064 1783 2094 ecclesia

140 2112 298 2144 catholica
324 2123 387 2153 per
416 2117 513 2144 totum
545 2114 648 2144 orbem
673 2111 782 2143 valide
809 2112 935 2154 lateque
966 2111 1091 2153 diffusa
1121 2114 1225 2144 utitur
1255 2114 1300 2144 ad
1330 2114 1499 2155 profectus
1529 2126 1606 2146 suos
1637 2115 1785 2146 omnibus

139 2164 324 2196 errantibus
334 2169 356 2203 ⁶,
380 2165 532 2195 unctione
556 2163 705 2206 Spiritus
729 2164 837 2194 sancti
860 2164 989 2194 docente
1012 2163 1051 2194 de
1074 2164 1231 2196 omnibu&
1276 2165 1408 2197 Praeter
1427 2165 1507 2197 hanc
1524 2165 1692 2197 ecclesiam
1718 2167 1785 2208 qui-

139 2225 265 2258 cunque
287 2221 345 2256 est,
373 2215 530 2256 Spiritum
556 2220 701 2246 sanctum
727 2215 836 2257 utique
859 2225 921 2245 non
948 2214 1053 2255 habet,
1077 2214 1213 2258 ideoque
1238 2227 1294 2258 per
1318 2228 1450 2258 pravam
1476 2228 1588 2248 manus
1607 2218 1785 2260 impositio-

89 2277 118 2296 40
138 2278 209 2298 nem
234 2266 397 2298 damnatio
421 2267 450 2297 ei
474 2265 615 2305 offertur,
647 2267 700 2309 qui
725 2265 846 2308 absque
870 2266 953 2297 dono
979 2267 1120 2308 Spiritus
1145 2269 1247 2298 sancti
1272 2268 1447 2300 ordinatur.
1499 2268 1592 2308 Quod
1624 2269 1655 2299 in
1687 2280 1785 2311 supra

137 2324 387 2350 memoratorum
412 2329 543 2360 quoque
566 2318 804 2360 episcoporum,
834 2323 869 2349 ut
891 2329 954 2348 non
978 2319 1082 2349 dicam
1108 2320 1413 2359 consecrationibus,
1443 2321 1498 2351 sed
1523 2321 1784 2353 execrationibus

137 2370 254 2402 factum
286 2381 356 2401 esse
388 2369 554 2411 probatur,
585 2371 639 2411 qui
669 2376 781 2401 contra
809 2380 919 2400 sacros
943 2380 1081 2401 canones
1105 2371 1221 2411 spiritu
1244 2371 1305 2402 Dei
1330 2371 1476 2402 conditos
1500 2372 1531 2402 in
1555 2371 1668 2404 alienis
1693 2384 1784 2414 paro-

137 2421 216 2453 chiis
239 2421 454 2453 ordinationes
479 2421 732 2462 celebraverunt,
757 2422 811 2463 qui
836 2422 930 2452 etiam
957 2427 1068 2452 contra
1088 2433 1277 2453 consensum
1296 2422 1390 2454 simul
1407 2429 1437 2454 et
1454 2430 1564 2455 contra
1581 2423 1783 2466 disciplinam

248 2527 274 2559 a)
293 2530 398 2559 tenipus
417 2527 528 2552 ultimae
549 2527 732 2551 ventilationis
751 2525 820 2559 Any.
897 2527 925 2553 b»
946 2526 983 2551 ila
1004 2526 1088 2559 Au9.‚·
1108 2529 1188 2552 immo
1212 2529 1234 2552 1.
1312 2530 1336 2558 c)
1357 2528 1395 2552 ita
1414 2527 1500 2560 Auq..·
1522 2529 1658 2553 orantibus
1682 2530 1703 2553 1.

91 2623 120 2644 ⁴⁶
245 2624 274 2659 1)
296 2625 394 2652 Sermo
416 2625 528 2651 LXXI.
553 2626 587 2651 de
610 2625 784 2659 blasphemia
806 2625 921 2658 spiritus
944 2625 1036 2651 sancti
1057 2627 1071 2656 ξ
1095 2625 1143 2658 32,
1171 2625 1242 2660 Opp.
1265 2626 1295 2658 V,
1319 2626 1371 2652 col.
1397 2627 1467 2654 400.
1511 2626 1593 2660 [Lib.
1617 2635 1680 2653 can.
1705 2636 1729 2652 c.
1755 2627 1781 2658 5,

135 2683 168 2709 p.
185 2674 272 2709 4791.
359 2676 390 2710 2)
412 2674 461 2702 Ex
482 2685 604 2703 sermone
629 2676 803 2709 CCLXVH,
827 2679 841 2707 ξ
867 2676 893 2709 7,
916 2677 935 2703 I.
960 2677 978 2702 l.
1003 2677 1054 2704 col.
1082 2676 1172 2704 1091.
1198 2677 1288 2704 1092.
1334 2677 1484 2711 Augustini
1506 2678 1591 2704 verba
1614 2678 1698 2704 valde
1721 2687 1783 2703 con-

140 2726 236 2752 traxit.
345 2727 374 2761 3)
399 2726 444 2760 Cf.
468 2727 514 2754 De
537 2727 608 2756 cath.
633 2729 698 2754 eccl.
721 2737 769 2754 un.
793 2730 807 2759 ἓ
834 2728 879 2760 12,
906 2728 1044 2762 Cypriani
1067 2737 1131 2763 opp.
1151 2737 1183 2763 p.
1202 2728 1270 2754 220.
1384 2729 1414 2763 4)
1439 2729 1468 2755 C.
1495 2729 1520 2761 5,
1545 2732 1560 2759 ἓ
1584 2730 1610 2761 9,
1634 2729 1783 2763 Auqustz'ni

143 2775 235 2811 opera
257 2778 282 2811 1,
306 2779 357 2807 coz.
375 2778 431 2805 751
454 2779 484 2807 o.
589 2779 619 2814 5)
642 2779 716 2806 Ibid.
739 2789 762 2806 c.
788 2780 814 2812 6,
837 2782 852 2811 s
879 2779 924 2811 ιο,
950 2779 1001 2807 coz.
1020 2779 1077 2805 751
1095 2780 1128 2809 F,
1236 2780 1264 2813 6)
1288 2779 1361 2806 lbid.
1386 2789 1409 2806 c.
1436 2780 1461 2812 7,
1485 2782 1499 2810 ξ
1526 2780 1572 2813 12,
1596 2780 1647 2806 002.
1666 2780 1724 2805 75‘2
1743 2780 1781 2806 D.

142 2827 171 2862 7)
191 2828 265 2856 Ibid.
289 2838 313 2856 c.
338 2830 366 2856 5.
392 2830 418 2862 6,
442 2832 456 2862 ἓ
481 2830 507 2856 9.
528 2830 572 2862 10,
597 2831 650 2858 col.
669 2831 724 2856 751
746 2831 780 2856 Ε.

1500 2886 1550 2908 31·

1807 430 1843 454 *μ
1853 428 1888 448 se.

1810 941 1866 964 npn.
1877 941 1927 964 4,4.
