2132 3067
548 161 600 187 DE
624 160 794 187 UNITATE
818 160 1024 187 ECCLESIAE
1047 160 1344 188 CONSERVANDA.
1708 159 1769 191 239

225 250 275 280 22.
321 249 424 290 Igitur
448 249 597 280 Clemens
621 260 706 291 papa
729 250 865 291 cupiens
889 260 1020 290 gregem
1045 249 1178 281 Domini
1209 257 1240 282 et
1269 261 1345 281 oves
1370 250 1490 282 Christi
1521 262 1561 282 ex
1593 252 1706 294 rapina
1733 263 1885 289 ac<xx11n

120 300 328 332 devoratione
352 301 526 332 bestiarum
549 302 620 342 agri
644 302 779 342 eripere,
810 306 842 332 et
864 300 949 343 quod
974 302 1114 342 perierat
1137 312 1302 343 quaerere,
1333 302 1419 344 quod
1451 303 1613 334 infirmum
1638 303 1771 335 consoli·
1790 294 1941 344 ρῖξξῗῗρῗ·

120 352 206 391 dare,
237 359 268 383 et
298 352 384 394 quod
414 359 582 393 aegrotum
613 360 681 384 erat
709 363 833 391 sanare,
861 352 947 394 quod
979 352 1114 384 fractum
1143 353 1286 395 alligare,
1317 361 1348 385 et
1376 355 1463 396 quod
1492 354 1678 386 abiectum²
1702 362 1771 387 erat

119 403 283 444 reducere,
314 405 479 435 constituit
506 403 682 446 apostolica
706 405 896 435 auctoritate
925 404 1143 446 supradictam
1174 405 1334 447 synodum
1360 406 1429 436 fieri
1452 407 1483 436 in
1508 418 1606 447 regno
1631 407 1771 439 Theuto-

86 470 98 489 ⁵
119 456 191 486 nico
214 455 300 497 apud
325 455 517 497 metropolin
547 457 707 487 civitatem
732 456 932 497 Moguntiae,
963 462 998 487 ut
1026 463 1176 497 ageretur
1206 457 1250 488 ibi
1282 457 1321 488 de
1351 458 1412 489 tide
1444 458 1601 490 catholica
1630 465 1660 490 et
1690 470 1770 501 pace

118 506 327 538 ecclesiarum
352 512 448 549 atque
470 507 673 547 ‘concordia3
705 507 843 550 ideoque
874 508 987 538 aderat
1017 507 1062 538 ibi
1094 509 1237 539 omnium
1270 520 1447 541 consensus
1479 511 1706 552 episcoporum
1731 510 1770 541 de
1791 520 1869 545 ‘psa

119 559 207 588 omni
229 558 389 590 catholica
411 557 555 596 ecclesia,
584 559 615 589 in
645 570 781 601 quorum
806 559 938 590 alternis
961 559 1113 591 cordibus
1137 561 1216 591 vivit
1239 561 1392 602 spiritalis
1416 573 1506 592 amor
1529 567 1559 592 et
1582 563 1696 603 gratia,
1726 569 1770 602 ut,

119 610 203 641 sicut
225 611 380 642 unitatem
404 616 512 641 tenere
536 610 670 642 firmiter
692 617 723 642 et
746 611 911 642 vindicare
929 611 1047 642 debent
1065 613 1206 642 maxime
1227 613 1384 654 episcopi,
1410 614 1464 654 qui
1482 614 1513 644 in
1531 613 1665 644 ecclesia
1682 624 1770 655 prae-

118 662 233 702 sident,
257 663 301 693 ita
324 662 547 704 episcopatum
574 673 701 704 quoque
724 673 822 693 unum
846 669 942 704 atque
967 662 1140 693 indivisum
1159 663 1304 705 probent.
1342 665 1466 696 Aderat
1482 667 1577 696 etiam
1596 666 1772 707 imperator

72 727 99 746 ιο
120 713 313 753 Henriehus,
342 715 516 755 praecipue
540 720 651 745 auctor
675 713 770 744 huius
793 714 919 756 synodi,
951 714 1027 756 quia
1050 715 1128 746 nihil
1152 721 1256 746 tutum
1280 727 1384 758 neque
1408 716 1536 747 firmum
1562 718 1678 758 poterit
1702 728 1771 748 esse

119 766 151 796 in
174 765 223 796 his
248 776 330 807 quae
354 771 427 796 sunt
450 765 620 806 eiusmodi,
652 767 713 796 nisi
744 766 894 797 defendat
924 772 955 797 et
983 768 1098 807 probet
1121 778 1158 798 ea
1181 767 1298 808 regalis
1322 769 1498 799 auctoritas
1523 780 1581 810 pro
1606 769 1772 800 maiestate

118 818 256 859 imperii.
301 817 364 848 Sed
389 817 543 848 adversae
567 819 668 859 partis
693 819 847 860 episcopi,
872 819 1039 859 cupientes
1064 819 1145 849 hanc
1169 819 1321 849 indictam
1348 819 1507 860 synodum
1532 831 1771 862 praeoccupare

119 876 174 900 aut
203 874 416 910 praevertere,
448 876 671 901 convenerunt
700 870 781 900 infra
813 869 1048 901 hebdomadam
1080 881 1199 911 pascae
1226 871 1258 900 in
1288 870 1418 902 castello
1443 871 1582 913 quodam
1608 872 1770 903 saxoniae
1791 870 1912 923 ffiffi'ivm

119 920 393 962 Quidilingeburg
421 923 562 959 nomine,
593 922 648 952 ubi
679 921 769 952 locus
801 928 850 953 est
877 922 1136 963 congregationis
1165 921 1358 953 feminarum
1383 923 1455 954 Deo
1479 924 1687 954 servientium
1711 923 1770 954 sub

72 983 99 1004 ιε
119 973 275 1003 canonica
297 973 509 1004 institutione.
553 973 597 1005 Et
619 979 655 1004 ut
677 975 872 1016 conspiratio
897 985 1007 1004 eorum
1032 973 1104 1015 plus
1128 973 1247 1005 valeret
1271 979 1303 1005 et
1325 974 1491 1016 deciperet
1507 974 1676 1006 columbae
1699 975 1771 1005 sim-

118 1023 308 1065 plicitatem,
332 1035 430 1067 quam
455 1026 613 1067 serpentis
637 1026 755 1056 astutia
772 1036 836 1056 non
852 1032 1050 1064 temerasset,
1074 1025 1278 1056 adduxerant
1295 1026 1455 1067 quendam
1474 1026 1533 1058 sub
1551 1027 1659 1068 specie
1676 1026 1772 1068 legati

118 1075 203 1106 sedis
226 1076 432 1117 apostolicae,
464 1077 518 1119 qui
543 1077 649 1108 dictus
674 1083 722 1108 est
746 1077 822 1108 Otto
846 1078 1020 1119 episcopus
1046 1077 1207 1109 Ostiensis
1231 1076 1397 1118 ecclesiae,
1429 1089 1502 1109 eum
1534 1079 1597 1110 iam
1622 1078 1772 1110 Clemens

118 1137 203 1169 papa
226 1129 425 1169 praesideret
440 1129 604 1160 Romanae
628 1128 792 1159 ecclesiae.
830 1129 991 1160 Intererat
1014 1129 1110 1160 etiam
1135 1128 1208 1160 huic
1230 1130 1402 1160 conventui
1418 1141 1476 1160 rex
1495 1130 1661 1161 Saxonum
1681 1130 1772 1162 Heri-

120 1189 267 1219 mannus,
291 1181 341 1210 cui
365 1191 405 1212 ne
429 1180 514 1222 apud
539 1192 614 1211 suos
639 1181 769 1222 quidem
794 1180 998 1211 tribuebatur
1021 1181 1122 1212 honor
1145 1182 1263 1222 regius,
1287 1192 1305 1211 a
1330 1192 1393 1222 quo
1415 1186 1491 1212 tunc
1508 1188 1538 1213 et
1555 1181 1639 1213 illius
1655 1181 1772 1223 synodi

71 1241 99 1261 πο
120 1232 228 1272 coepit
256 1236 424 1263 tractatus,
468 1232 551 1263 Nam
583 1238 779 1263 memoratus
811 1231 888 1263 Otto
919 1233 1109 1274 episcopus:
1142 1232 1298 1263 ‘Audiens
1329 1234 1409 1273 ego',
1440 1234 1554 1275 inquit,
1588 1233 1683 1275 ‘quod
1713 1244 1771 1264 rex

121 1290 228 1314 vester
250 1282 428 1324 legitimum
453 1295 516 1314 non
541 1283 658 1315 habeat
681 1285 880 1325 coniugium,
908 1283 963 1314 sed
987 1295 1028 1314 ex
1053 1285 1333 1326 consanguinitate
1362 1285 1528 1324 sociatum,
1558 1285 1666 1315 iudico
1690 1285 1772 1316 inter

121 1345 193 1365 eum
217 1341 248 1366 et
271 1346 405 1366 uxorem
430 1337 498 1367 eius
522 1336 590 1367 fieri
614 1336 809 1367 divortium:
864 1335 969 1366 Huius
998 1335 1109 1367 iudicii
1138 1336 1328 1367 sententiam
1355 1347 1425 1367 cum
1450 1348 1512 1367 non
1537 1335 1773 1378 approbassent

120 1386 298 1418 assidentes
322 1387 480 1429 episcopi,
510 1387 652 1419 dicentes
682 1387 828 1429 agendae
852 1387 946 1418 huius
970 1388 1015 1418 rei
1039 1393 1166 1429 tempus
1191 1394 1266 1419 tunc
1289 1399 1353 1418 non
1382 1399 1461 1427 esse,
1493 1389 1634 1420 secundo
1666 1389 1774 1419 intulit

120 1448 154 1468 se
178 1438 322 1470 iudicare
353 1438 473 1470 bonum
504 1445 535 1470 et
565 1440 685 1471 iustum
717 1451 797 1478 esse,
830 1445 863 1470 ut
892 1450 942 1470 res
975 1439 1190 1479 ecclesiarum,
1220 1451 1300 1481 quas
1325 1440 1470 1471 Saxones
1493 1446 1591 1481 atque
1615 1439 1774 1481 Thuringi

72 1502 99 1522 25
121 1496 340 1531 usurpassent,
363 1491 395 1521 in
419 1491 569 1533 proprios
593 1502 670 1522 usus
694 1492 938 1522 restituerentur
962 1490 1107 1532 spoliatis
1131 1491 1273 1522 ecclesiis
1297 1497 1394 1532 atque
1418 1493 1632 1531 monasteriis,
1657 1493 1773 1534 quibus

120 1540 257 1573 fuissent
287 1541 413 1574 oblatae
443 1553 481 1573 ac
504 1543 576 1574 Deo
605 1549 823 1574 consecratae.
874 1542 964 1573 Haec
990 1554 1119 1584 quoque
1144 1544 1301 1574 sententia
1325 1554 1397 1574 cum
1422 1555 1484 1574 non
1510 1543 1686 1585 placuisset
1709 1544 1774 1586 epi-

120 1593 226 1635 scopis
238 1599 258 1633 ¹,
282 1599 395 1635 utpote
419 1594 608 1626 timentibus
631 1594 793 1625 offendere
817 1595 1030 1635 praesentiam
1056 1596 1238 1635 noxiorum,
1271 1596 1324 1636 qui
1349 1596 1470 1636 pariter
1492 1602 1710 1627 convenerant
1733 1595 1772 1626 ad

120 1645 318 1676 roborandas
349 1652 457 1687 partes
488 1647 720 1678 coniurationis
751 1657 837 1686 suae,
870 1653 945 1677 tunc
977 1647 1136 1688 rogabant
1166 1648 1242 1688 ipsi,
1275 1646 1433 1688 rogabant
1464 1653 1495 1678 et
1525 1647 1579 1678 alii
1609 1648 1774 1689 principes

122 1695 293 1736 saxoniae,
324 1704 368 1738 ut,
398 1697 447 1729 his
471 1704 567 1740 atque
592 1697 776 1729 huiusmodi
801 1699 939 1739 omissis,
969 1700 1164 1730 consentiret
1193 1709 1265 1729 cum
1291 1699 1336 1729 eis
1359 1699 1400 1729 ad
1425 1711 1461 1730 ea
1485 1710 1567 1741 quae
1592 1700 1774 1741 coepissent

73 1760 100 1780 so
120 1758 230 1789 agere3
253 1760 288 1780 se
311 1749 441 1791 quidem
466 1750 667 1790 convenisse,
692 1756 726 1781 ut
749 1755 933 1789 tractarent,
958 1750 1120 1792 quomodo
1145 1750 1317 1781 defendere
1341 1756 1471 1791 possent
1489 1756 1597 1792 partes
1613 1761 1651 1781 ac
1668 1751 1773 1782 studia

121 1800 171 1831 sui
195 1799 346 1842 Gregorii
369 1812 474 1843 papae
498 1802 633 1844 eiusque
656 1802 828 1833 anathema
859 1803 943 1833 circa
975 1813 1084 1843 regem
1109 1801 1308 1832 Henrichum
1338 1813 1494 1832 renovare
1517 1813 1555 1833 ac
1578 1802 1699 1844 populo
1729 1803 1773 1833 in-

121 1851 263 1892 dicare2,
292 1853 379 1894 quod
409 1854 709 1885 excommunicatus
733 1855 773 1884 sit
797 1855 900 1884 omnis
924 1861 955 1885 et
979 1854 1086 1884 salvus
1111 1865 1180 1885 esse
1203 1865 1267 1884 non
1297 1855 1409 1895 possit,
1439 1854 1585 1895 quisquis
1609 1853 1772 1885 Henricho

121 1904 188 1945 regi
212 1904 244 1934 in
269 1903 377 1946 aliquo
394 1906 692 1937 communicaverit.
731 1905 826 1936 ‘Tum
851 1905 902 1937 ille
923 1906 1000 1937 Otto
1024 1905 1127 1936 flexus
1152 1912 1199 1937 est
1223 1905 1263 1936 ad
1287 1906 1483 1937 voluntatem
1509 1917 1619 1936 eorum
1645 1910 1676 1936 et
1699 1916 1772 1936 con·
1795 1916 1818 1938 ’ρ
1838 1916 1871 1933 84⁷

121 1955 230 1995 sensit,
254 1957 331 1998 quia
354 1963 450 1988 vento
474 1958 595 1999 agitata
619 1957 764 1989 harundo
789 1958 904 1988 extitit.
949 1958 1196 1988 Damnaverunt
1219 1958 1334 1988 iterum
1360 1968 1468 1988 omnes
1486 1958 1541 1999 qui
1558 1957 1692 1988 aderant
1708 1958 1773 1999 epi·
1792 1968 1943 1987 rs.L·.1=‘·.T.?4.

73 2018 101 2038 ³⁵
121 2008 211 2049 scopi
235 2007 435 2040 Henrichum
466 2020 576 2050 regem
607 2016 638 2041 et
666 2010 922 2040 iustificaverunt
953 2009 1062 2039 multis
1091 2008 1196 2039 modis
1221 2009 1269 2039 sui
1295 2009 1445 2049 Gregorii
1475 2014 1610 2050 partem,
1639 2014 1771 2051 agentes

121 2059 183 2100 ipsi
213 2059 320 2090 omnia
350 2066 460 2092 contra
488 2061 617 2102 regulas
648 2067 679 2092 et
707 2061 853 2092 instituta
881 2060 1047 2100 ecclesiae,
1077 2061 1132 2102 qui
1155 2071 1219 2091 non
1243 2061 1470 2091 convenissent
1493 2060 1533 2091 ad
1557 2060 1714 2102 synodum
1738 2061 1770 2091 in

121 2109 191 2142 loco
213 2110 341 2150 celebri,
369 2113 402 2143 in
425 2113 556 2144 civitate
579 2112 702 2144 seilicet
725 2112 914 2154 episcopali,
944 2113 998 2154 qui
1023 2113 1251 2143 convenissent
1273 2112 1306 2142 in
1330 2112 1418 2143 festis
1443 2112 1556 2142 diebus
1580 2123 1709 2154 pascae,
1738 2113 1770 2142 in

121 2161 236 2194 diebus
265 2162 388 2195 scilicet
416 2164 529 2205 gaudii
558 2170 589 2195 et
619 2164 770 2203 laetitiae,
805 2169 841 2195 ut
869 2164 1017 2195 miserias
1049 2165 1240 2195 miserorum
1271 2169 1438 2205 augerent,
1469 2169 1504 2194 ut
1533 2164 1706 2194 seditiones
1735 2174 1772 2194 ac

121 2213 242 2254 praelia
271 2220 473 2256 renovarent,
503 2221 539 2247 ut
569 2217 664 2247 etiam
697 2216 793 2246 fidem
823 2215 1035 2247 destruerent.
1082 2215 1178 2247 Unde
1208 2216 1344 2246 audiant
1373 2216 1434 2257 ipsi
1466 2216 1692 2246 iustificatorcs
1724 2217 1772 2246 sui

74 2277 103 2296 ιο
124 2264 273 2307 Gregorii
297 2272 329 2298 et
352 2267 558 2299 damnatores
582 2268 786 2310 imperatoris
811 2267 976 2306 Heni-iehi,
1005 2279 1077 2298 cum
1102 2268 1164 2309 ipsi
1188 2268 1291 2309 magis
1315 2267 1378 2298 sint
1403 2267 1555 2308 damnati,
1584 2272 1695 2308 utpote
1719 2267 1772 2299 de-

123 2321 296 2350 structores
324 2318 410 2358 fidei,
441 2319 582 2358 audiant,
611 2320 754 2362 inquam,
785 2319 824 2350 de
854 2319 1039 2350 huiusmodi
1065 2320 1255 2351 sententiam
1281 2319 1382 2350 sancti
1406 2330 1508 2360 papae
1533 2318 1672 2350 Gelasii:
1696 2319 1770 2350 Non

123 2375 188 2401 tam
212 2376 351 2412 propter
371 2371 555 2413 religionis,
584 2372 720 2414 inquit³,
750 2383 886 2402 eausam
914 2371 1044 2402 student
1072 2371 1347 2413 dispositionibus
1374 2371 1517 2412 publicis
1545 2371 1685 2409 obviare,
1715 2372 1772 2402 sed

123 2422 232 2462 potius
250 2433 314 2464 per
338 2424 539 2454 occasionem
562 2425 675 2465 reyiae
699 2423 926 2464 alliqationisb
949 2423 1143 2454 catholicam
1167 2424 1268 2463 fidem
1297 2422 1479 2453 moliuntur
1501 2428 1638 2453 evertere
1661 2427 1688 2453 et
1711 2422 1772 2453 tali

125 2474 326 2504 commertioc
354 2479 489 2515 sperata
516 2479 702 2516 praestare,
733 2486 804 2505 cum
835 2485 892 2515 esso
923 2479 951 2504 et
981 2475 1130 2506 decessor
1158 2486 1246 2506 meus
1278 2486 1342 2505 ¹non
1372 2474 1473 2505 solum
1496 2475 1627 2505 minime
1653 2475 1686 2504 ιή
1711 2474 1771 2504 hac

1794 972 1944 1019 nandium.

72 2589 100 2608 ⁴5
235 2579 261 2609 a)
283 2579 414 2603 abiectam
439 2580 466 2610 1;
488 2580 588 2604 emend.
608 2579 723 2606 Schard.
801 2580 827 2611 b)
851 2581 993 2612 legationis
1014 2579 1070 2605 Gel.
1147 2583 1171 2611 c)
1192 2583 1341 2604 commento
1365 2580 1420 2604 Gel.

234 2671 262 2705 1)
292 2671 452 2698 Discidium
481 2673 619 2706 quoddam
648 2673 720 2698 inter
749 2673 930 2699 adversarios
960 2672 1080 2697 Hem-ici
1110 2675 1233 2697 exortum
1265 2675 1335 2698 erat.
1388 2671 1432 2703 Cf.
1461 2671 1540 2704 epist.
1568 2670 1656 2702 illam,
1689 2679 1768 2705 quam

133 2720 284 2748 Wiuelmus
311 2723 398 2749 abbas
421 2723 637 2758 Hirsauqiensis
667 2725 704 2750 ad
726 2724 931 2750 Heri'mannum
954 2732 1042 2757 regem
1074 2723 1146 2749 misit
1168 2722 1355 2757 (Sudeudors,
1380 2723 1503 2757 Reqistr.
1527 2722 1552 2754 I,
1576 2731 1607 2756 p.
1633 2722 1682 2748 50.
1707 2722 1769 2755 52„

129 2771 233 2799 Mirum
257 2777 304 2806 eat,
328 2775 401 2808 quod
425 2775 582 2801 Walramus
605 2775 664 2801 eius
687 2775 821 2810 epistolae
842 2774 1002 2801 mentionem
1026 2783 1079 2800 non
1096 2774 1182 2807 facit.
1271 2774 1300 2808 2)
1325 2774 1368 2807 Cf.
1392 2774 1529 2800 Bernoldi
1550 2774 1622 2799 Anu.
1645 2773 1716 2807 (SS.
1741 2773 1769 2804 1⁷,

124 2831 156 2857 p.
179 2823 249 2852 442.
274 2824 359 2859 443).
447 2826 477 2859 3)
500 2826 592 2860 Epist.
613 2827 660 2852 10.
684 2826 723 2852 ad
746 2827 881 2853 Faustum
903 2828 918 2857 ξ
945 2827 990 2858 1-2,
1019 2826 1095 2852 'l'hiel
1118 2826 1142 2858 I,
1161 2835 1194 2860 p.
1212 2826 1282 2852 341.
1300 2826 1369 2859 342,
1394 2825 1546 2852 Hinsclaius
1567 2834 1597 2858 p.
1615 2824 1684 2850 637.
