2132 3067
61 733 87 753 1⁰

59 992 84 1011 15

56 1256 83 1275 20

55 1515 81 1535 25

0 1784 2 1795 1
54 1774 81 1794 80

456 168 646 195 LIBELLUS
671 168 823 195 CONTRA
849 169 1062 196 INVASORES
1086 171 1135 196 ET
1158 170 1411 197 SYMONIACOS.
1698 168 1760 199 353

110 257 272 287 ministros
297 256 346 287 vel
368 267 387 287 a
410 257 476 287 suis
500 257 839 298 comprovincialibus,
864 257 913 288 vel
936 258 1021 299 apud
1046 270 1137 289 suum
1163 259 1298 290 iudicari
1323 261 1492 302 primatem
1512 260 1561 291 vel
1579 260 1758 291 Romanum

109 308 272 350 appellare
295 308 481 349 pontificem
506 314 705 351 conti-aquea
736 309 824 348 haec,
855 310 961 350 quaeb
985 311 1154 351 5011611115Ι
1184 312 1229 342 ait
1258 313 1433 353 imperator
1465 311 1697 344 Constantinus
1726 314 1759 344 in

109 360 251 391 Nicaena
275 360 414 402 synodo,
447 364 520 390 ‘non
545 372 616 391 esse
639 361 848 398 conveniens,
879 367 914 392 ut
944 361 1038 391 homo
1068 362 1188 393 iudicet
1212 362 1305 402 deos,
1338 374 1408 394 cum
1436 363 1525 394 Deus
1555 366 1758 406 omnipotens

109 411 225 443 talibus
259 411 320 442 diis
355 412 445 443 dedit
477 418 669 453 potestatem
705 413 800 442 etiam
829 413 1054 453 imperatorem
1090 413 1277 445 iudicandi'.
1324 415 1365 445 Et
1400 421 1509 446 contra
1544 415 1635 451 illud,
1673 417 1758 458 quod

110 463 353 495 Valentinianus
377 469 408 494 et
431 463 631 494 Theodosius
655 468 686 494 et
701 463 884 494 Archadius
909 466 1056 505 superius
1080 471 1321 496 asserueruntc:
1346 467 1484 505 liabent,
1509 468 1678 510 inquiunt²
1704 468 1758 506 illi,

107 527 183 546 suos
208 516 341 555 iudices,
366 527 422 546 nec
445 515 643 557 quicquamd
669 516 720 546 his
741 515 882 556 publicis
905 527 1071 547 commune
1095 529 1166 547 eum
1190 517 1324 559 (essibus.
1367 517 1453 548 Nihil
1471 519 1554 549 enim
1573 525 1636 550 tam
1658 531 1757 560 gravo

107 574 236 609 tamque
270 566 530 598 intolerandume
560 572 668 608 potest
698 566 754 610 [af]
786 567 848 597 Dei
880 568 1035 598 ministris
1068 568 1205 607 admitti,
1240 569 1326 610 quod
1363 580 1520 600 canonum
1557 582 1618 601 non
1655 573 1757 612 possit

106 619 302 649 sufficienter
325 619 433 660 puniri
457 619 590 649 iudicio.
635 618 685 649 De
709 629 845 660 quorum
869 620 1059 650 auctoritate
1076 620 1259 651 Damasusss
1283 628 1314 652 et
1330 621 1394 651 Leo
1420 628 1578 663 magnus⁴
1602 623 1755 659 scribunt.

107 670 191 712 quod
220 671 334 712 spiritu
360 670 421 701 Dei
450 676 524 701 sunt
555 670 674 700 conditi
706 676 736 701 et
767 671 864 701 totius
897 671 1008 701 mundi
1040 672 1219 702 reverentia
1253 674 1448 713 consecrati,
1479 678 1510 704 et
1540 674 1624 715 quod
1654 686 1755 714 genus

106 721 268 765 quoddam
294 722 513 764 blasphemiae
538 723 569 752 in
595 721 750 763 Spiritum
777 727 921 753 sanctum
947 723 998 763 sit,
1028 733 1090 753 non
1115 725 1314 756 necessitate.
1345 725 1400 755 sed
1426 726 1587 766 protervia
1611 726 1659 756 vel
1684 737 1755 756 con-

106 779 229 816 temptu
259 774 309 805 vel
340 780 452 804 contra
480 773 608 805 eosdem
642 773 692 805 vel
723 773 845 816 aliquid
875 773 976 816 loqui,
1007 774 1058 805 vel
1089 774 1205 806 facere.
1251 776 1332 814 Quis
1356 783 1462 807 autem
1488 788 1601 807 sanum
1628 778 1756 819 sapiens

105 826 185 856 ferat
215 825 333 857 saeculi
365 825 490 856 iudices
521 825 560 856 de
585 825 809 856 sacerdotibus
838 825 890 856 vel
920 825 1025 856 levitis
1057 831 1088 856 et
1118 827 1232 857 ceteris
1257 827 1319 858 Dei
1349 829 1513 867 ministris,
1542 828 1596 858 1118
1620 836 1667 859 cst
1691 830 1755 860 ani-

105 889 227 908 marum
252 878 426 908 eorundem
437 878 449 897 ¹¹
474 877 646 917 iudicibus,
670 877 945 909 condemnationis
969 878 1051 909 ferre
1075 879 1266 910 sententiam
1291 886 1321 910 et
1345 891 1418 910 suos
1443 880 1565 911 iudices
1590 880 1756 911 iudicare?

105 930 276 960 Presertim
302 941 373 960 cum
399 928 607 960 sacerdotalis
631 930 806 960 auctoritas
830 929 982 971 precellat
1005 935 1070 960 tam
1095 930 1125 960 in
1151 930 1342 961 exercendis
1366 931 1495 962 iudiciis
1526 933 1620 962 etiam
1648 943 1756 963 saecu-

103 981 224 1012 laribus
249 988 356 1022 preter
378 981 578 1022 sanguinem,
603 992 698 1023 quam
723 982 754 1011 in
779 980 905 1022 legibus
930 981 1185 1023 promulgandis.
1233 982 1399 1024 Siquidem
1425 983 1590 1025 apostolus
1613 984 1755 1014 christia-

104 1044 215 1064 norum
245 1033 367 1064 iudicia
390 1033 430 1063 ad
454 1032 622 1064 ecclesiam
653 1032 769 1064 deferri
801 1040 831 1064 et
854 1045 872 1064 a
897 1034 1093 1076 presbyteris
1125 1034 1215 1065 iubet
1245 1035 1420 1065 terminari.
1466 1034 1508 1066 Et
1533 1035 1701 1066 Clemens⁵
1726 1042 1756 1066 et

105 1084 296 1116 Marcellus⁶
320 1085 458 1116 Romani
481 1085 650 1126 pontifices
674 1090 706 1115 et
729 1091 886 1127 martyres
910 1086 950 1116 ab
974 1085 1087 1116 eodem
1112 1086 1277 1124 instructi,
1312 1086 1422 1117 itidem
1455 1087 1486 1117 in
1521 1088 1587 1117 suis
1618 1087 1755 1118 decretis

103 1142 304 1168 censuerunt.
348 1136 451 1167 Immo
482 1141 514 1167 et
537 1135 672 1167 Carolus
703 1142 734 1168 et
760 1136 993 1168 Lodovicusi*
1023 1137 1280 1168 christianissimi
1312 1138 1524 1180 imperatores
1556 1150 1596 1169 ex
1628 1139 1754 1180 legibus

103 1189 211 1230 magni
235 1188 438 1220 Constantini
463 1194 625 1219 sumentes
649 1193 794 1220 statuunt
817 1189 929 1224 etiam,
961 1200 1032 1219 611111
1066 1189 1128 1219 iam
1161 1190 1284 1231 ceperit
1314 1190 1418 1231 promi
1446 1190 1619 1221 saecularis
1643 1190 1754 1221 iudicii

102 1241 270 1281 sententia,
292 1240 410 1271 uniusk
433 1240 579 1281 episcopi
603 1240 756 1271 iudicium
781 1240 832 1271 vel
855 1241 1075 1271 testimonium
1099 1240 1268 1282 appellari,
1291 1241 1366 1272 licet
1387 1241 1487 1273 altera
1503 1241 1754 1284 disceptantium

103 1303 176 1335 pars
199 1293 388 1333 refragetur.
434 1292 471 1322 In
495 1291 741 1333 promulgandis
765 1303 892 1334 quoque
916 1291 1042 1334 legibus
1064 1292 1173 1323 itidem
1195 1298 1317 1324 certum
1341 1298 1389 1324 est
1412 1293 1626 1325 sacerdotium
1645 1299 1754 1325 tenere

102 1346 285 1386 primatum,
317 1355 389 1375 cum
415 1344 497 1374 non¹
523 1344 662 1385 primum
687 1355 744 1385 per
767 1355 858 1386 reges
882 1343 1115 1383 sacerdotibus,
1146 1344 1200 1375 sed
1232 1356 1288 1386 per
1318 1344 1530 1376 sacerdotesm
1563 1346 1692 1387 regibus
1724 1352 1755 1377 et

101 1397 214 1428 ceteris
237 1395 386 1428 fidelibus
412 1395 677 1439 [sanctissimusn]
703 1396 793 1426 Deus
816 1396 1020 1437 omnipotens
1043 1395 1130 1437 leges
1155 1397 1318 1427 statuerit:
1349 1397 1452 1438 primo
1477 1397 1606 1439 quidem
1633 1397 1754 1439 populo

1777 995 1816 1014 esi
1830 994 1926 1015 ('01‘.['=.4.

102 1460 160 1491 per
181 1459 237 1480 eos
262 1447 461 1486 sacerdotes,
493 1448 533 1478 de
564 1448 681 1488 quibus
712 1448 865 1489 scriptum
892 1454 954 1478 est:
988 1448 1113 1489 ,Moyses
1147 1453 1174 1479 et
1208 1450 1325 1479 Aaron
1350 1450 1384 1480 in
1411 1449 1634 1480 sacerdotibus
1664 1451 1753 1489 εἵως
1784 1464 1832 1482 >222

101 1505 264 1542 postremo
295 1511 370 1531 vero
402 1511 459 1540 per
481 1498 646 1541 apostolos
670 1510 779 1530 eorum
805 1505 837 1530 et
860 1499 1101 1541 condiscipulos
1129 1505 1161 1531 et
1189 1511 1353 1542 sequaces.
1404 1500 1471 1530 Nec
1504 1501 1618 1531 mirum
1651 1512 1753 1532 sacer-

101 1552 238 1584 dotalem
263 1552 502 1590 auctoritatem,
534 1562 629 1593 quam
655 1551 744 1582 Deus
776 1553 846 1593 ipse
876 1563 933 1593 per
961 1563 994 1582 se
1025 1551 1131 1593 ipsum
1159 1553 1338 1591 constituit,
1370 1552 1401 1582 in
1433 1552 1617 1583 huiusmodi
1649 1554 1753 1584 causis

101 1605 223 1646 regiam
248 1603 445 1646 precellere⁰
468 1608 673 1644 potestatem,
705 1614 801 1645 quam
831 1603 891 1634 sibi
923 1603 1063 1635 humana
1086 1603 1219 1645 prefecit
1241 1603 1443 1644 adinventio,
1468 1615 1505 1635 eo
1530 1605 1660 1646 quidem
1685 1616 1754 1646 per-

100 1657 256 1696 mittente,
287 1667 352 1686 non
381 1660 490 1686 tamen
522 1655 659 1686 volente.
704 1655 786 1686 Nam
812 1655 851 1686 de
874 1655 979 1697 primo
1002 1666 1078 1696 rege
1102 1654 1213 1697 populi
1237 1657 1297 1694 sui,
1325 1667 1420 1698 quein
1446 1655 1506 1687 sibi
1531 1657 1623 1698 petiit
1645 1662 1753 1699 spreto

101 1708 277 1751 prophetae
299 1708 500 1749 principatu,
523 1708 568 1738 ait
590 1707 631 1738 ad
655 1707 809 1738 eundem:
838 1707 916 1738 Non
939 1713 982 1747 te,
1010 1707 1130 1750 inquit,
1161 1713 1364 1749 spreverunt,
1389 1709 1444 1739 sed
1466 1720 1529 1747 me,
1559 1720 1599 1739 ‘ne
1622 1720 1753 1750 regmem

101 1772 200 1802 super
218 1771 280 1791 eos.
319 1759 360 1790 Et
381 1760 512 1790 iterum:
537 1759 682 1791 Paenitet
704 1771 761 1798 me,
786 1759 872 1801 quod
896 1759 1113 1790 constituerim
1133 1759 1218 1790 Saul
1233 1771 1350 1801 reyem.
1394 1760 1443 1790 De
1469 1760 1648 1790 sacerdotio
1666 1771 1752 1799 vero,

101 1812 188 1854 quod
211 1811 384 1843 christiano
408 1810 526 1853 populo
551 1811 725 1851 constituit,
750 1811 895 1849 iu1·avit¹¹‚
920 1810 1005 1852 quod
1030 1821 1093 1841 11011
1118 1811 1296 1852 paenitebit
1316 1822 1399 1849 eum,
1424 1811 1453 1841 id
1472 1817 1520 1842 est
1536 1822 1598 1842 non
1616 1811 1753 1843 mutabit

101 1863 187 1907 quod
210 1864 356 1897 instituit,
402 1863 571 1894 Paenitere
602 1863 722 1905 quippe
754 1863 823 1893 eius
847 1867 910 1901 est,
942 1867 977 1893 ut
999 1862 1044 1893 ait
1067 1862 1269 1904 Augustinus
1281 1868 1302 1902 Β,
1334 1863 1591 1904 corruptibilium
1621 1870 1751 1894 rerum‘l

101 1915 319 1947 conditionem
343 1915 376 1945 in
399 1913 535 1945 alterum
560 1920 700 1946 statumq
724 1921 932 1945 commutare.

208 1967 256 1999 13.
301 1967 361 1997 His
385 1967 448 1997 itar
473 1967 639 2008 premissis
662 1966 859 1998 subiciamus
883 1970 1067 1996 sanctorum
1092 1971 1219 2008 patrum
1245 1971 1276 1997 et
1300 1966 1547 1996 christianorum
1568 1966 1750 2008 principum

101 2019 361 2058 constitutiones,
391 2018 477 2060 quod
502 2017 622 2049 saeculi
646 2017 733 2058 leges
757 2017 980 2059 preiudicareS
1005 2028 1068 2047 non
1098 2018 1224 2059 possint
1254 2028 1413 2048 canonum
1442 2018 1640 2058 auctoritati,
1670 2028 1752 2060 quae

102 2070 236 2102 habetur
259 2071 299 2101 de
322 2070 442 2101 iudicio
466 2069 666 2101 clericorum.
717 2069 798 2100 Nam
823 2069 903 2100 hac*
928 2069 968 2100 de
992 2080 1090 2100 causa
1115 2069 1284 2100 Calixtusu
1309 2075 1340 2100 et
1363 2069 1570 2101 Marcellinus
1594 2076 1625 2101 et
1649 2070 1750 2101 Sima-

211 2191 238 2219 a)
259 2192 353 2213 contra
372 2197 439 2221 quae
460 2188 517 2213 Bl.
574 2188 602 2215 b]
624 2188 694 2221 quod
716 2187 773 2212 ΕΙ.
832 2187 857 2215 c]
879 2195 996 2212 asserere
1019 2187 1075 2212 Bi.
1133 2187 1160 2215 d)
1182 2188 1319 2220 quisquam
1341 2188 1434 2216 codd.,·
1455 2188 1490 2219 cf.
1504 2189 1604 2220 p.351.
1665 2192 1690 2213 61
1712 2188 1749 2211 111-

101 2235 185 2260 toller.
206 2235 285 2259 Bau.
361 2235 381 2266 f)
401 2235 472 2259 deest
492 2234 568 2259 codd.
645 2234 675 2265 g)
696 2234 797 2258 scilicet
817 2233 878 2258 Be.
954 2233 983 2263 h)
1004 2234 1148 2258 earundem
1170 2234 1194 2257 R
1206 2235 1249 2258 ἓα.
1321 2235 1340 2261 i)
1363 2234 1517 2258 Ludovicus
1538 2234 1563 2257 B
1574 2234 1598 2257 2.
1666 2233 1694 2263 k]
1716 2234 1750 2257 ad

101 2282 178 2306 unius
199 2281 259 2306 ΒΞ.
364 2280 384 2312 l)
406 2280 434 2305 in
453 2289 538 2313 marq.
557 2289 590 2305 m.
606 2280 638 2304 2:
658 2286 682 2305 Λ
697 2281 724 2312 f.
747 2288 801 2304 non
822 2279 846 2303 B
859 2281 882 2304 1.
987 2280 1024 2310 111)
1045 2279 1211 2304 sacerdotem
1233 2280 1258 2304 B
1271 2281 1294 2304 1.
1392 2282 1420 2310 n)
1442 2280 1511 2304 deest
1532 2280 1598 2309 B2‚·
1620 2280 1668 2304 SS.
1688 2280 1749 2304 131.

102 2328 128 2359 ο)
147 2335 214 2352 corr.
233 2336 268 2352 m.
283 2328 298 2351 2
320 2335 352 2352 ex
371 2327 516 2359 procedere
537 2327 562 2351 B
575 2328 598 2351 1.
687 2327 718 2358 p)
738 2326 835 2350 iurabit
856 2325 881 2349 Β
894 2327 916 2350 1.
933 2326 976 2350 Ξα.
1065 2325 1094 2358 ᾳ)
1115 2325 1185 2350 deest
1206 2326 1266 2352 ΒΞ.
1362 2326 1384 2357 r)
1405 2327 1495 2358 itaque
1516 2326 1578 2350 Be.
1673 2326 1698 2357 s)
1719 2335 1750 2350 ex

102 2373 176 2406 pind.
195 2381 230 2398 m.
245 2373 269 2399 2.
290 2372 315 2397 Β
328 2373 350 2398 1.
427 2373 450 2404 t)
471 2381 503 2398 ez
523 2372 574 2397 hoc
594 2381 628 2398 m.
644 2373 668 2397 2.
691 2373 715 2397 Β
728 2373 752 2398 1.
827 2372 857 2403 u)
879 2372 946 2396 Call.
967 2371 1029 2396 ΒΞ.

211 2480 238 2509 1)
263 2479 307 2513 Cf.
329 2489 418 2515 supra
437 2489 468 2513 p.
485 2480 557 2506 350.
645 2480 675 2514 2)
699 2480 731 2507 P.
757 2480 827 2506 351.
916 2479 946 2512 3)
971 2479 1094 2505 Damasi
1118 2480 1202 2507 Decr.
1228 2489 1250 2506 6.
1274 2480 1321 2513 19,
1345 2480 1500 2506 Hinschius
1522 2489 1552 2514 p.
1570 2480 1648 2512 506;
1672 2479 1750 2513 epist.

103 2531 142 2557 ad
162 2531 306 2558 Aurelium
328 2531 399 2558 ibid.
417 2541 449 2565 p.
467 2532 524 2566 21;
548 2531 584 2565 cf.
608 2531 690 2564 infra
711 2541 739 2566 p.
757 2531 828 2558 360.
911 2531 940 2564 4)
967 2529 1010 2563 Cf.
1034 2531 1136 2557 Leonis
1160 2531 1239 2565 episc.
1260 2531 1328 2564 114,
1353 2541 1377 2558 6.
1396 2532 1423 2564 2,
1451 2531 1521 2566 Opp.
1539 2531 1563 2563 I,
1589 2531 1640 2557 col.
1661 2530 1749 2556 1197.

105 2582 134 2616 5)
157 2582 202 2616 Cf.
227 2583 374 2610 Clementis
397 2583 476 2618 epist.
501 2584 539 2610 ad
561 2583 693 2610 Iacobum
718 2592 741 2610 6.
760 2583 787 2615 8,
816 2582 969 2608 Hinsckz'us
987 2591 1020 2616 p.
1037 2582 1095 2616 33;
1124 2582 1203 2616 Joffe'
1229 2583 1275 2616 10,
1298 2592 1326 2608 n.
1344 2583 1372 2609 ’2.
1493 2583 1523 2615 6)
1548 2582 1592 2615 Cf.
1616 2582 1752 2608 illarcelli

104 2633 182 2667 epist.
212 2635 250 2661 ad
280 2635 363 2669 episc.
395 2635 522 2662 Antioch.
552 2645 575 2663 6.
600 2635 633 2668 3,
664 2634 818 2660 Hinschius
846 2643 875 2668 p.
901 2633 980 2667 224,·
1012 2633 1091 2666 Jaffe'
1122 2634 1190 2662 160.
1323 2634 1350 2668 7)
1385 2634 1428 2667 Cf.
1460 2634 1608 2660 Benedicti
1636 2634 1752 2660 Levitae

107 2684 227 2719 Capitul.
250 2686 292 2719 II,
317 2695 341 2713 c.
365 2686 436 2719 366,
459 2687 520 2712 LL.
543 2687 606 2718 IIb,
628 2695 658 2720 p.
676 2686 734 2719 91;
758 2685 910 2712 Jxonizonie
933 2685 1017 2711 Liber
1039 2685 1078 2711 ad
1101 2685 1229 2718 amicum,
1253 2686 1356 2712 1λίὂεῖΙὶ
1377 2686 1401 2717 Ι,
1422 2695 1451 2719 p.
1470 2685 1541 2712 578.
1608 2685 1637 2718 8)
1662 2685 1750 2710 Mirm

104 2745 158 2763 non
187 2737 311 2772 invenit5
343 2738 449 2765 similia
479 2739 609 2773 leyzmtur
638 2738 745 2765 Enarr.
776 2737 805 2763 in
832 2746 877 2772 ps.
904 2737 982 2771 CIX,
1013 2739 1028 2768 ἓ
1053 2737 1100 2769 17,
1130 2740 1155 2763 et
1184 2737 1212 2763 in
1237 2746 1284 2771 ps,
1311 2737 1450 2770 CXXXI,
1480 2739 1495 2768 ξ
1521 2737 1567 2769 10,
1602 2736 1673 2770 Opp.
1699 2735 1748 2763 ll'.

105 2788 156 2815 col.
181 2789 258 2815 1241
285 2790 311 2815 Β
333 2793 358 2816 ει
384 2790 462 2816 1279
486 2790 514 2815 Β
539 2790 577 2823 Ο,-
612 2789 710 2817 Sermo
739 2789 841 2821 XXII,
877 2788 947 2822 Opp.
977 2788 1006 2820 V,
1037 2789 1089 2816 col.
1118 2788 1195 2822 119‚-
1229 2789 1274 2814 De
1301 2789 1355 2815 civ.
1378 2788 1437 2814 Dei
1460 2788 1561 2820 XVII,
1584 2797 1607 2815 6.
1634 2788 1659 2818 7,
1684 2789 1698 2817 ἓ
1723 2787 1748 2818 3,

108 2838 177 2874 Opp.
207 2840 270 2874 VII,
294 2841 346 2867 col.
370 2841 429 2867 469
453 2841 499 2874 E‚·
523 2840 560 2874 cf.
585 2841 692 2867 Isidori
713 2840 836 2869 Senteut.
861 2841 880 2867 l.
897 2841 938 2873 II,
963 2849 987 2866 6.
1005 2840 1054 2868 31.
1079 2840 1122 2866 ed.
1145 2840 1283 2866 Arevalus
1305 2840 1352 2873 VI,
1372 2849 1403 2873 p.
1421 2840 1492 2865 234.

177 2895 273 2920 Libelli
293 2895 326 2920 de
346 2896 401 2920 lite.
434 2896 469 2920 11.
1482 2894 1516 2917 45

1774 1771 1925 1795 1.Reg.15‚11.
