2132 3067
397 148 459 177 540
782 145 968 173 GREGORH
993 142 1218 170 CATINENSIS
1243 141 1420 169 MONACHI
1443 139 1652 167 FARFENSIS

289 238 333 268 “¹ae
396 237 553 273 videntur,
591 235 646 265 scd
690 245 751 264 non
794 232 966 263 secundum
1003 231 1178 262 scientiam.
1229 229 1398 270 Sapientes
1433 229 1517 260 enim
1557 227 1620 260 sibi
1653 227 1804 259 videntur
1843 234 1874 260 et
1907 228 1946 260 de
1980 240 2039 260 sua

237 268 290 285 ’ΜΠ
312 267 374 287 nm.
397 287 529 317 scientia
559 291 777 327 presumentes
807 293 963 324 suamquc
995 282 1192 312 doctrinam²³
1223 285 1362 311 statuere
1391 285 1570 321 querentes,
1600 279 1747 310 iusticiae
1777 279 1839 311 Dei
1873 291 1936 311 non
1966 285 2040 311 sunt

397 338 540 369 subiecti,

501 388 529 417 S.
575 387 623 417 De
648 387 839 426 imperatore
863 394 990 426 quoque
1014 382 1063 413 vel
1087 393 1162 423 rege
1185 392 1275 412 sacra
1299 387 1455 423 peruncto
1472 381 1622 412 unctione
1642 381 1725 412 aduc
1742 380 1888 412 utiliorab
1913 382 2038 414 studea-

398 450 467 468 mus
492 438 641 478 proferre.
688 436 812 466 Veteris
836 435 919 465 enim
949 439 979 464 et
1006 434 1081 464 novi
1113 438 1204 463 actus
1235 432 1383 463 historias
1415 431 1594 472 relegentes
1625 436 1655 463 et
1678 431 1780 463 bonos
1802 433 1964 474 principes
1994 433 2038 464 in·
2060 447 2072 466 ε,

398 490 542 519 venimus
571 493 601 517 et
632 486 742 524 malos,
774 486 829 516 sed
861 495 1024 526 nunquam
1054 484 1257 525 repperimus
1281 483 1465 524 conscripto
1495 482 1616 513 iudicio
1645 482 1685 514 ab
1717 482 1824 524 aliquo
1855 489 2036 514 sanctorum

397 541 492 570 fuisse
526 538 787 578 condempnatos.
848 536 897 566 De
932 536 1009 576 ipsis
1048 536 1130 565 enim
1164 535 1332 575 sapientia,
1368 544 1449 575 quae
1485 533 1632 565 Christus
1667 540 1724 572 est,
1761 534 1855 565 dicit:
1892 534 1954 565 Per
1992 546 2039 566 'me

398 602 486 631 reyes
516 594 664 630 requam.
711 589 770 618 Per
800 587 905 628 ipsum
935 597 1011 627 ergo
1041 585 1142 616 solum
1173 584 1408 616 condemnandi
1441 589 1523 623 sunt,
1557 595 1615 626 per
1646 595 1739 626 quem
1774 585 1876 616 solum
1906 595 2040 627 regnare

397 647 578 672 noscuntur.
618 640 738 680 Siquis
755 650 828 669 vero
852 638 883 668 id
894 642 916 674 ¹,
940 636 1024 678 quod
1042 636 1099 667 soli
1116 637 1188 667 Deo
1212 636 1440 667 reservandum
1464 642 1521 674 est,
1543 635 1680 666 voluerit
1703 636 1927 676 condemnare,
1950 647 2040 668 num-

398 704 491 733 quam
522 690 636 722 evadet
669 690 878 730 punitionem.
926 688 1075 728 Denique
1099 687 1174 718 Saul
1207 687 1354 729 peccavit
1383 692 1414 717 et
1436 698 1455 717 a
1478 686 1550 717 Deo
1581 688 1714 719 recessit
1744 693 1776 718 et
1799 687 1889 718 Deus
1920 687 1961 718 ab
1992 685 2087 727 eo,10

230 754 376 773 ‹2.;›.i:0tvi·.›.
397 749 428 774 et
451 749 554 773 tamen
573 741 730 782 propheta
747 739 877 770 Samuel
901 750 963 769 non
988 738 1075 769 illum
1094 738 1307 769 condemnare
1330 749 1349 768 a
1373 749 1406 769 se
1429 748 1526 768 ausus
1550 743 1609 769 est.
1653 738 1762 769 David
1780 749 1907 781 quoque
1931 750 2039 780 regem

398 794 498 824 tribus
523 792 668 834 pessimis
692 791 880 822 criminibus
909 790 1147 831 delinquentem
1179 789 1336 831 propheta
1359 789 1465 820 Natan
1496 800 1560 820 non
1589 789 1826 828 condemnavit,
1857 790 1914 821 sed
1937 791 2041 832 magis

399 845 592 886 penitentem
611 844 739 884 recepit.
785 842 836 872 Ex
855 841 971 883 quibus
989 840 1121 882 prefatis
1139 841 1267 881 regibus
1284 840 1411 871 duobus
1428 841 1514 882 apud
1531 852 1649 881 gnaros
1665 852 1728 872 non
1745 840 1940 882 dubitature,
1964 843 2041 883 quia

398 907 477 926 unus
503 896 637 936 penituit
660 900 691 925 et
713 893 793 925 alter
815 893 1006 934 impenitens
1031 891 1126 923 corde
1149 892 1265 929 extitit,
1289 897 1320 922 et
1343 896 1459 931 tamen,
1484 897 1518 922 ut
1542 892 1692 932 diximus,
1717 903 1780 923 non
1804 891 1876 923 illos
1893 893 2041 924 condem-

398 954 488 978 natos
512 946 658 985 legimus.
702 945 783 975 Nam
809 945 840 974 in
864 955 950 984 eum,
975 944 1028 985 qui
1054 954 1087 974 se
1111 944 1288 974 iactaverat
1310 942 1428 973 malum
1454 943 1610 974 occidisse
1635 942 1775 982 Saulem,
1806 943 1910 974 bonus
1933 943 2040 975 David
2063 958 2089 978 15

397 999 584 1029 festinanter
606 995 729 1026 studuit
752 995 925 1026 vindictam
952 1005 1103 1025 exercere
1128 999 1258 1035 propter
1280 1004 1403 1025 sacram
1427 1004 1491 1035 qua
1515 1000 1690 1035 perunctus
1722 994 1826 1026 fuerat
1848 995 2041 1026 unctionem.

398 1050 509 1090 Itaque
541 1049 566 1078 si
596 1058 705 1077 omnes
734 1047 951 1078 discuciantur
979 1045 1129 1076 historiae
1159 1044 1209 1076 vel
1232 1044 1332 1086 leges,
1363 1051 1475 1076 contra
1504 1045 1564 1077 hoc
1594 1046 1796 1076 notissimum
1825 1046 1949 1078 dictum
1978 1057 2041 1078 non

398 1101 539 1131 invenies
563 1098 831 1140 proposicionem.
870 1097 950 1127 Nam
975 1096 1067 1127 multi
1089 1107 1200 1137 regum
1217 1096 1269 1127 vel
1292 1097 1522 1137 imperatorum
1547 1103 1578 1128 et
1600 1102 1674 1128 ante
1697 1102 1728 1128 et
1751 1102 1825 1139 post
1847 1097 2041 1129 advenctum

399 1152 517 1183 Christi
549 1149 676 1191 pessimi
708 1149 757 1179 vel
787 1148 919 1178 heretici
942 1150 1080 1187 suerunt,
1110 1158 1190 1189 quos
1221 1147 1400 1189 prophetae
1430 1147 1481 1178 vel
1509 1148 1647 1190 apostoli
1675 1149 1844 1190 sanctique
1873 1154 1981 1191 patres
2011 1154 2044 1180 et

398 1202 511 1243 reliqui
544 1201 690 1231 doctores
723 1199 859 1230 eclesiae
888 1199 928 1229 ad
959 1204 1096 1230 mortem
1128 1210 1189 1229 non
1221 1198 1476 1230 condemnarunt
1503 1210 1562 1230 nec
1592 1199 1739 1231 debitum
1768 1199 1960 1242 obsequium
1991 1200 2043 1232 vel
2061 1215 2088 1234 πο

399 1253 494 1284 decus
526 1251 586 1282 illis
610 1252 773 1292 proprium
797 1249 1030 1289 abstuleruntd,
1069 1249 1124 1281 sed
1153 1249 1211 1281 soli
1237 1250 1297 1281 hoc
1323 1251 1394 1281 Deo
1425 1250 1624 1292 reliquerunt
1651 1256 1683 1282 et
1713 1261 1824 1282 eorum
1855 1251 2043 1293 nephandas

399 1304 540 1335 malicias
564 1302 612 1333 vel
636 1303 882 1343 persecuciones
905 1301 946 1332 ad
969 1306 1097 1343 tempus
1114 1300 1232 1333 Christi
1256 1312 1365 1333 amore
1382 1302 1634 1341 substinuerunt,
1659 1303 1735 1344 quia
1757 1302 1826 1334 eius
1849 1303 2043 1334 omnimodis

249 1365 379 1385 uuir-sm.
399 1355 541 1386 membra
566 1354 751 1384 extiterunt.
798 1353 847 1383 De
871 1363 933 1395 quo
957 1353 1036 1383 dicit
1058 1353 1223 1394 apostolus
1247 1352 1422 1384 Iohannes:
1448 1353 1514 1390 Qui
1536 1354 1616 1385 dicit
1639 1365 1671 1384 se
1693 1355 1729 1385 in
1752 1353 1878 1385 Christo
1901 1366 2043 1395 manere,

232 1404 330 1452 „unffi-s,
346 1434 378 1451 Η.
399 1408 480 1437 sicu!
506 1407 575 1446 ipse
599 1404 773 1435 ambulavit
797 1404 883 1435 debet
907 1405 1082 1435 ambulare.
1119 1403 1281 1435 Christum
1306 1405 1401 1445 enim,
1427 1406 1481 1446 qui
1504 1404 1607 1445 legem
1631 1416 1694 1435 non
1718 1406 1807 1436 venit
1829 1404 1964 1445 solvere,
1987 1405 2044 1437 sed

335 1447 338 1455 ¹
397 1456 582 1498 adimplere,
613 1456 771 1486 neminem
794 1454 930 1495 legimus
950 1455 1181 1487 condemnasse
1205 1455 1310 1486 adhuc
1334 1456 1366 1486 in
1388 1467 1483 1487 carne
1507 1457 1631 1488 vivens.
1678 1456 1769 1487 Sicut
1784 1455 1907 1498 reliqua
1923 1455 2041 1488 Christi
2063 1470 2090 1490 25

398 1508 539 1538 membra
564 1508 722 1537 neminem
747 1507 1011 1545 condemnarunt,
1035 1506 1091 1537 sed
1109 1507 1217 1547 potius
1236 1506 1446 1548 pertulerunt,
1470 1508 1516 1538 sic
1540 1508 1684 1549 egregiie
1709 1507 1857 1539 doctores
1881 1513 1912 1539 et
1931 1519 2043 1539 omnes

399 1559 512 1590 eclesie
537 1559 601 1589 veri
626 1558 782 1597 doctores,
815 1563 846 1588 et
870 1559 923 1599 qui
948 1557 1112 1588 dissimilis
1135 1563 1183 1588 est
1206 1557 1276 1597 illis,
1300 1569 1364 1589 non
1389 1570 1460 1590 esse
1483 1558 1650 1590 docebitur
1674 1558 1713 1590 de
1737 1558 1856 1590 Christi
1879 1558 2043 1591 membris.

400 1610 520 1641 Omnes
543 1610 626 1640 enim
652 1620 822 1650 pravorum
847 1609 1010 1650 nequicias
1030 1609 1213 1651 principum
1239 1611 1407 1650 pacienter
1423 1610 1636 1649 substinuere‚
1659 1621 1778 1652 eosque
1794 1610 1910 1642 audaci
1932 1610 2043 1652 lingua

400 1663 572 1702 increpare,
605 1672 751 1691 coercere
775 1660 824 1691 vel
848 1661 976 1691 assidue
999 1660 1213 1691 studuerunt?
1237 1671 1433 1693 ammonere.
1478 1661 1523 1692 Ut
1545 1666 1652 1692 autem
1683 1661 1724 1693 de
1749 1662 1883 1703 paganis
1906 1663 2044 1704 impera-

400 1713 521 1744 toribus
549 1712 709 1750 sileamus,
739 1712 779 1742 ad
811 1723 864 1742 eos
896 1712 950 1753 qui
979 1712 1018 1742 de
1049 1712 1232 1742 christianis
1263 1712 1367 1743 effecti
1398 1717 1472 1743 sunt
1500 1712 1634 1744 heretici
1665 1713 1842 1745 veniamus.
1893 1713 2044 1755 Denique
2062 1725 2090 1744 so

416 1763 537 1794 {as-ilius
568 1765 738 1804 episcopus
762 1762 1044 1794 Neo-Cesariensis
1067 1763 1227 1794 Iulianum
1258 1764 1485 1805 imperatorem
1509 1769 1689 1805 apostatam
1715 1763 1890 1796 substinuit
1912 1766 2045 1807 eiusque

400 1814 559 1856 tyrannidi
577 1825 745 1845 occurrens
763 1815 920 1855 quaedam
945 1826 1076 1845 munera
1091 1815 1286 1846 mandavit1.
1332 1815 1478 1847 Valentis
1494 1826 1622 1857 quoque
1638 1816 1863 1857 imperatoris&
1879 1815 2042 1848 decretum

400 1866 587 1896 utillimum¹
610 1865 745 1896 eclesiae
765 1876 826 1895 non
843 1866 1023 1907 sprevit¹¹·².
1050 1867 1242 1897 Ambrosius
1257 1867 1392 1908 nempei
1410 1866 1661 1898 Mediolanensis
1679 1867 1852 1909 episcopus
1865 1867 2042 1898 Maximum

402 1928 457 1958 pro
482 1917 634 1947 eil'usione
658 1917 824 1957 sanguinis
849 1916 969 1947 domini
1000 1918 1049 1947 sui
1073 1929 1091 1947 a
1116 1919 1306 1949 comunione
1330 1918 1543 1959 segregat-its,
1574 1917 1791 1949 Theodosium
1814 1919 2043 1960 imperatorem
2102 1912 2113 1942 θ

402 1979 458 2009 pro
489 1968 604 1997 iniusta
635 1972 746 1997 contra
776 1968 948 1998 monachos
973 1969 1177 2010 preceptione
1201 1975 1385 2000 constanter
1416 1970 1446 2000 in
1471 1969 1588 2001 eclesia
1611 1970 1755 2000 coercuit
1783 1974 1814 2000 et
1843 1970 1970 2011 copiam
1999 1969 2044 2000 illi
2063 1980 2091 2000 ει

402 2018 601 2057 ingrediendi
624 2018 790 2048 ecclesiam
814 2019 1006 2060 denegavit⁴
1030 2031 1087 2060 pro
1105 2020 1228 2051 civibus
1246 2020 1570 2052 Thesalonicensibus
1587 2020 1773 2059 interfectis,
1797 2020 1900 2053 donec
1915 2020 2044 2063 publice

403 2070 608 2110 penitentium
633 2071 734 2109 egit’:
768 2070 948 2109 Eugenium
973 2076 1077 2102 autem
1102 2077 1272 2112 augustum
1283 2073 1295 2092 ¹¹
1326 2078 1457 2113 aspectu
1481 2072 1520 2103 ad
1551 2077 1680 2113 tempus
1703 2071 1879 2103 declinavit
1907 2082 2044 2114 eumque

402 2121 528 2161 scriptis
552 2121 712 2159 corrigere
736 2122 891 2152 cui-avit⁵.
937 2121 1079 2153 Hilarius
1103 2133 1177 2153 vero
1196 2123 1395 2154 I‘ictavensis
1419 2124 1590 2165 episcopus
1614 2122 1818 2154 Constantini
1840 2123 2045 2165 imperatoris

405 2172 530 2201 Ari-iuni
562 2172 814 2211 persecutionem
846 2183 960 2213 passus
991 2180 1039 2204 est
1067 2178 1098 2204 et
1127 2173 1290 2204 exiliume.
1337 2174 1511 2206 Enimvero
1541 2174 1719 2215 Gregorius
1750 2173 1929 2216 theologus,
1960 2173 2043 2206 Con-

402 2222 700 2262 stantinopolitanae
725 2223 809 2253 sedis
833 2224 1012 2265 episcopus,
1037 2224 1171 2256 eclesiae
1195 2224 1331 2265 diligens
1356 2237 1467 2267 pacem
1498 2231 1530 2257 et
1559 2231 1690 2267 propter
1705 2227 1875 2257 Arrianam
1906 2225 2042 2257 heresim
2063 2235 2090 2256 ιο

404 2273 513 2303 sedare
538 2274 645 2303 volens
669 2273 806 2304 validam
835 2276 1099 2315 persecutionem,
1130 2276 1336 2317 episcopatus
1367 2278 1476 2308 amisit
1506 2277 1689 2309 honorem’.
1734 2277 1894 2309 Iohannes
1916 2287 2045 2320 quoque

405 2324 643 2354 Glirisostomus
673 2324 837 2355 liuiloxiae
867 2326 1081 2366 imperatricis
1106 2334 1217 2358 eontra
1241 2339 1273 2358 sc
1298 2328 1393 2359 nimis
1417 2339 1590 2360 succensae
1613 2327 1795 2360 crudelitati
1826 2327 1929 2360 locum
1955 2327 2044 2359 dedit

406 2385 502 2414 seque
528 2375 556 2403 in
581 2375 709 2404 exilium
736 2377 888 2406 ministris
913 2377 993 2407 ferre
1018 2377 1201 2408 volentibus
1226 2381 1452 2420 pi·esentavit⁸.
1499 2380 1678 2421 Gregorius
1701 2380 1802 2411 eciam
1826 2391 1913 2422 papa
1934 2390 2043 2411 secun-

239 562 299 580 Rom.
311 546 330 581 h.
344 561 377 578 Ιῗ.

516 2463 539 2477 ιι,
561 2460 617 2484 Jms'
640 2456 700 2479 uum.
819 2456 847 2481 bi
867 2458 971 2481 utiliore
993 2467 1012 2482 c.
1089 2458 1116 2483 c)
1137 2460 1269 2484 dubitetur
1290 2460 1320 2484 G.
1398 2461 1427 2487 d)
1448 2461 1596 2485 astulemnt
1615 2471 1636 2486 c.
1712 2461 1737 2492 e)
1760 2461 1807 2492 effi?
1825 2469 1862 2492 e.;
1881 2464 1993 2493 egerunt
2010 2460 2042 2487 G.

407 2500 424 2522 1’Ἰ
450 2503 567 2523 ‹tw-runt
589 2509 654 2523 αυτ.
675 2502 832 2525 studim-unt
852 2511 872 2526 r.
930 2505 957 2531 g)
979 2504 1082 2527 Arriani
1103 2505 1166 2529 odd.
1188 2506 1218 2529 G.
1277 2505 1306 2535 h)
1327 2510 1403 2537 spi'im
1423 2515 1443 2530 c.
1511 2507 1529 2537 i)
1552 2510 1661 2531 sanctus
1682 2507 1745 2531 add.
1767 2506 1798 2532 G.
1864 2506 1893 2538 k)
1915 2509 2001 2539 agust.
2021 2515 2042 2532 c.
2061 2508 2088 2529 ⁴⁵

518 2573 541 2603 l)
575 2572 649 2595 l'mlr
674 2574 825 2603 rmmlmri'ns
852 2575 919 2599 li-icv
949 2577 1094 2609 surupsern'(
1124 2578 1223 2604 urscia.
1329 2579 1358 2605 *25
1391 2579 1433 2611 Cf.
1461 2579 1586 2605 Cassiod.
1611 2579 1686 2605 Hise.
1709 2579 1825 2613 tripart.
1849 2578 1913 2611 VII,
1944 2588 1967 2605 c.
1992 2578 2042 2605 36.

409 2624 437 2646 ΞΗ
464 2622 505 2653 tsr'.
532 2623 590 2647 l'i'lii
617 2625 645 2648 N.
666 2624 801 2648 ,inihi-am·
823 2629 895 2649 auct.
923 2626 1040 2651 l’miln'aem
1066 2630 1136 2661 (φρ.
1161 2630 1203 2654 cd.
1230 2629 1332 2654 Bcned.
1352 2629 1390 2660 Il,
1413 2638 1441 2662 p.
1461 2629 1506 2662 Vl,
1531 2639 1555 2656 c.
1577 2630 1622 2656 19.
1711 2629 1741 2664 4)
1770 2629 1833 2656 Vita
1855 2629 1888 2657 S.
1904 2628 2045 2655 Ambrosii
2128 2629 2132 2669 J

408 2677 480 2697 ‹im-f.
509 2673 624 2697 l'uuli'wr
653 2675 665 2698 ¹.
684 2675 700 2699 ε’.
722 2684 751 2707 p.
771 2675 831 2703 1'11,
857 2685 878 2701 c,
898 2677 945 2701 ΣΗ.
1044 2679 1072 2704 Γ»)
1103 2678 1164 2704 Vita
1188 2679 1218 2705 S.
1237 2679 1377 2704 „ambrosii
1399 2680 1417 2707 Ι.
1434 2680 1452 2707 I.
1473 2689 1505 2714 p.
1522 2680 1585 2713 VII,
1609 2690 1632 2707 c.
1650 2681 1698 2708 27.
1797 2680 1827 2714 6)
1850 2680 1946 2714 Rufini
1968 2680 2043 2707 Hice.
2130 2678 2132 2730 ²

409 2724 472 2748 ver-l,
501 2724 520 2749 Ι.
587 2726 633 2751 ¹:⁴³.
659 2725 699 2749 ri-
723 2725 875 2750 1'112'‘'111·«¹'i1‹<
896 2736 924 2758 1¹.
944 2727 1011 2754 249.
1133 2729 1160 2758 7>
1185 2730 1255 2755 Ilu‘d.
1283 2731 1322 2762 ll,
1347 2740 1369 2756 c.
1393 2730 1420 2763 9,
1444 2731 1462 2756 l.
1487 2732 1505 2757 Ι.
1528 2741 1556 2765 p.
1575 2731 1644 2757 281.
1764 2731 1794 2767 8)
1819 2731 1944 2759 Cassiod.
1968 2731 2043 2757 Hm.
2095 2756 2107 2769 Ι
2130 2743 2132 2764 i

407 2775 519 2807 tripiif.
548 2775 581 2801 X,
606 2785 627 2799 Γ.
650 2776 694 2802 13,
717 2776 759 2800 lt.
788 2780 857 2809 ΠΗ).
882 2778 923 2803 rd.
949 2780 1079 2803 ‹iaren'us
1099 2780 1216 2813 1),ἓί59.
1242 2780 1312 2806 360.
2061 2775 2104 2820 ⁶0ss
2128 2768 2132 2802 l

2093 2846 2104 2865 ἱ
2128 2865 2130 2869 ,

2094 2935 2098 2964 ;

2084 2974 2106 3067 t
2128 2977 2132 3067 l
