2132 3067
31 697 57 715 10

34 953 58 973 15

31 1211 58 1230 80

31 1469 58 1490 25

32 1727 59 1747 50

34 1985 61 2005 ³5

35 2277 63 2297 10

39 2506 67 2526 4⁵

427 131 627 158 SIGEBERTI
650 131 831 159 MONACHI
855 131 1145 159 GEMBLACENSIS
1168 131 1374 159 APOLOGIA.
1663 129 1723 160 44?

76 227 130 253 est.
175 220 217 251 Et
240 221 373 251 iterum:
405 220 461 251 Sic
486 225 589 251 antem
610 225 783 261 peccantes
813 221 1004 261 infratrcs,
1036 226 1062 250 et
1082 223 1299 262 percutientes
1330 224 1563 253 conscientiam
1592 227 1725 252 eoruma

77 273 238 312 infirmam
271 273 306 303 in
341 270 505 303 Chi-istam
534 273 686 312 peccatis.
732 272 864 302 Atrocib
895 272 978 302 enim
1010 279 1039 302 et
1071 272 1136 303 fere
1165 273 1335 304 insanabili
1366 273 1496 305 vulnere
1528 274 1724 304 infirmorum

76 324 208 355 fratrum
241 334 297 364 per
321 333 431 353 omnes
461 323 546 354 orbis
579 328 685 364 partes
710 333 864 364 percussa
888 329 957 354 estc
981 324 1187 362 conscientia,
1217 330 1247 354 et
1271 324 1345 354 dum
1379 326 1489 366 paucis
1520 326 1651 356 castitas
1681 327 1726 356 in—

78 375 224 414 dicitur‘ss
255 381 383 405 centum
416 373 544 405 milibus
575 373 694 404 heresis
722 373 858 405 scelesta
889 374 1104 416 praedicatur.
1161 374 1247 413 Quot
1271 375 1398 417 parvuli
1424 376 1556 407 salutari
1580 377 1726 408 lavam-0¹*

77 426 231 457 violenter
255 425 404 463 fraudati,
430 425 516 467 quod
540 426 644 456 omnis
668 426 860 457 conditionis
892 432 923 456 et
945 426 1059 456 aetatis
1084 426 1229 457 homines
1260 437 1278 456 a
1301 428 1460 458 secundae
1484 428 1727 470 purificationis,

77 489 157 521 quae
187 479 219 508 in
251 478 447 519 poenitentia
477 482 508 507 et
532 477 793 508 reconciliatione
825 479 981 512 consistit,
1012 477 1154 508 remedio
1180 479 1316 519 repulsi!
1363 479 1397 509 In
1431 480 1562 510 istorum
1595 481 1727 511 scientia

77 530 249 572 perierunt,
273 529 327 571 qui
345 528 443 560 duros
461 539 541 570 quos
558 529 694 559 evadere
713 529 892 570 potuissent
905 530 915 549 f
939 530 1100 559 cruciatus
1117 548 1154 551 —
1174 530 1258 570 quod
1277 531 1368 560 sineg
1384 531 1515 562 horrore
1540 538 1570 562 et
1587 532 1725 573 quadam

76 581 282 612 humanitatis
307 581 587 611 commiseratione
618 580 728 611 referri
751 591 814 611 non
839 586 945 622 potest
969 601 1005 604 -
1030 580 1234 612 aeternaliter
1266 583 1462 622 perferentes
1497 583 1728 624 suppliciorum

77 643 206 664 suorum
238 638 387 663 auctores
416 631 545 662 divinae
575 631 689 662 ultioni
720 632 918 663 incessanter
950 633 1109 674 ingerunt,
1170 633 1221 663 Ad
1254 634 1397 665 insaniae
1427 640 1532 665 autem
1565 635 1726 665 cumulum

77 685 158 715 inter
191 695 229 715 ea
263 694 346 725 quae
377 684 525 725 superius
561 683 647 713 dicta
682 688 755 714 sunt
789 683 1036 725 prohibitionish
1072 685 1225 725 imperia:
1269 685 1391 716 ‘Securi
1433 687 1581 716 omninoi
1620 685 1727 717 estote'

79 736 202 767 miseris
225 736 376 777 inquiunt
398 734 614 770 audit01·ibus;
640 734 806 777 ‘quicquid
830 735 972 766 timetisc
996 746 1053 766 nos
1065 736 1077 754 Ι*
1102 741 1258 776 potestate
1281 738 1410 767 nostrak
1442 737 1511 768 freti
1543 748 1640 778 super
1671 748 1727 768 nos

77 787 270 829 accipimus⁷.
315 786 410 826 Quod
436 786 565 828 quidem
590 787 675 817 absit
697 797 716 817 a
738 786 887 817 rationali
911 787 1028 826 anima,
1054 792 1088 817 ut
1111 787 1172 818 illis
1197 794 1362 829 optemus:
1387 788 1442 818 sed
1468 794 1583 828 tamen,
1607 800 1645 819 ne
1670 789 1728 819 hoc

78 850 153 870 vere
176 849 272 880 super
303 849 335 869 se
359 838 510 879 accipere
535 844 701 878 cogantur.
726 839 875 868 omnino¹
903 838 1063 869 timemus.
1110 839 1355 870 Ecclesiasticae
1381 840 1511 880 quidem
1536 839 1727 881 disciplinae

77 900 178 932 usque
209 889 249 921 ad
277 889 357 921 haec
389 896 533 931 tempora
564 889 721 920 familiare
751 889 811 920 fuit
845 890 1105 931 superstitionem
1142 890 1310 931 religione,
1344 891 1545 922 mendacium
1584 893 1726 931 veritate,

77 942 162 973 vicia
183 941 356 972 virtutibus
386 941 602 973 excluderem:
632 947 814 972 nostrorum
845 947 952 972 autem
987 946 1167 982 temporum
1199 949 1407 983 correctores,
1439 949 1473 973 ut
1503 943 1610 974 verbis
1643 944 1726 974 beati

78 994 251 1025 Iheronimi
275 999 412 1031 utamur,
437 993 549 1024 vitium
574 993 664 1029 vitio,
695 993 778 1024 sicut
801 1003 937 1023 cuneum
963 1003 1081 1031 cuneo,
1113 993 1289 1024 moliuntur
1313 993 1506 1035 expellet-12¹.
1554 995 1594 1024 Et
1618 1006 1729 1025 revera

78 1045 205 1088 plenum
230 1051 278 1076 est
301 1044 535 1076 ammirationis
565 1045 596 1075 in
622 1050 711 1075 tanta
735 1045 830 1086 copia
854 1043 1031 1075 salubrium
1057 1050 1283 1083 correctorum,
1313 1045 1430 1087 quibus
1455 1046 1629 1076 canonicae
1653 1057 1728 1076 exu-

78 1096 190 1129 berant
211 1096 353 1138 regulae,
378 1096 553 1138 prudentes
575 1097 662 1127 viros
694 1097 786 1138 quasi
816 1095 923 1137 aliqua
954 1097 1156 1127 rectitudinis
1187 1097 1368 1138 indigentia
1398 1097 1530 1128 adactos
1556 1097 1726 1128 distortum

77 1148 224 1180 medendi
242 1159 345 1189 genus
361 1148 546 1189 arripuisse,
567 1147 663 1189 plana
679 1154 732 1178 et¹¹
748 1147 870 1179 directa
887 1148 937 1178 via
961 1148 993 1178 in
1011 1147 1112 1178 oculis
1129 1149 1244 1190 posita,
1269 1160 1326 1190 per
1343 1150 1561 1190 praecipiciao
1587 1156 1618 1180 et
1635 1149 1728 1180 devia

77 1200 180 1232 coecis
204 1200 356 1231 ducatum
386 1205 550 1242 praestare
574 1199 723 1238 voluisse,
755 1200 850 1230 nimis
874 1199 1094 1241 perfunctorie
1123 1200 1298 1231 terribilem
1331 1200 1416 1231 illam
1442 1201 1503 1232 Dei
1529 1201 1665 1231 viventis
1697 1202 1726 1231 in

77 1252 329 1284 Deuteronomio
359 1251 528 1282 audientes
559 1251 765 1282 sententiam:
797 1251 995 1282 Maledictus
1028 1253 1084 1293 qni
1121 1264 1232 1283 errare
1255 1252 1345 1292 facit
1375 1264 1500 1283 coecum
1538 1255 1570 1283 ίη
1603 1254 1726 1284 itinere.

77 1304 141 1345 Ipsi
171 1310 257 1334 certe
281 1303 356 1334 dum
391 1303 534 1334 homines
558 1302 754 1341 illiteratosD,
784 1313 889 1334 rerum
915 1303 1091 1344 imperitos,
1121 1303 1171 1333 vel
1204 1310 1378 1345 praecepto
1409 1315 1466 1334 suo
1498 1303 1549 1334 vel
1578 1304 1727 1346 exemplo

77 1355 224 1397 preciosa
247 1355 401 1397 mysteria
425 1355 516 1396 quasi
540 1353 662 1396 polluta
692 1355 807 1386 docent
831 1360 1069 1395 contempnere,
1102 1364 1233 1385 coecum
1259 1355 1409 1386 aberrare
1440 1356 1563 1386 faciunt
1593 1356 1623 1386 in
1649 1357 1727 1386 veri-

75 1407 149 1438 tatis
172 1407 295 1438 itinere.
340 1406 422 1437 Hisq
439 1407 535 1438 etiam
553 1407 635 1437 inter
650 1405 732 1445 illas,
749 1417 810 1448 que
834 1407 914 1447 ipsis
931 1417 950 1437 a
968 1406 1109 1436 Domino
1127 1407 1370 1448 intemptantur‚
1388 1400 1653 1448 exprobrationes
1672 1419 1727 1448 per

77 1457 268 1501 prophetam
291 1457 427 1489 dicitur:
450 1457 516 1489 Eos
532 1459 591 1499 qui
613 1459 802 1489 transibant
825 1457 1017 1498 simpliciter
1041 1459 1243 1489 convertistis
1269 1459 1302 1489 ίη
1327 1458 1450 1489 bellum.
1497 1459 1592 1498 Quod
1610 1465 1727 1500 quamr

77 1521 149 1542 vere
173 1509 212 1541 de
236 1510 306 1540 istis
337 1509 471 1549 dicatur,
502 1520 566 1540 non
597 1514 661 1539 tam
686 1508 807 1540 verbo<
840 1520 935 1551 quam
961 1508 1137 1540 miserabili
1163 1509 1394 1540 dissensionist
1427 1515 1456 1540 et
1480 1511 1726 1550 contentionisfl,

77 1560 296 1603 blasphemiae
327 1566 358 1592 et
388 1566 593 1603 contemptus
622 1561 776 1592 laicorum
811 1561 843 1591 in
874 1560 1008 1592 clericos
1041 1560 1123 1592 bello
1157 1560 1296 1592 cotidiev
1327 1561 1509 1593 edocemur.
1556 1562 1620 1602 Qui
1655 1573 1726 1593 cum

77 1614 166 1655 prius
189 1615 222 1644 in
247 1612 463 1655 qualicunque
487 1612 630 1654 praelato
654 1624 718 1643 non
741 1623 880 1652 servum,
905 1612 960 1644 sed
985 1612 1162 1653 dominum,
1186 1623 1249 1643 non
1272 1623 1475 1654 praeconem⁷
1500 1613 1555 1644 sed
1579 1614 1727 1648 iudicem,

77 1676 139 1696 non
167 1665 311 1706 missum,
340 1664 398 1696 sed
425 1665 602 1696 mittentem
635 1665 810 1696 christiana
840 1663 1045 1706 simplicitate
1075 1663 1320 1695 attenderentw:
1352 1671 1456 1696 nunc²
1484 1665 1646 1706 pestiferis
1677 1666 1728 1696 ho-

79 1717 198 1748 minum
219 1715 483 1758 persuasionibus
506 1717 537 1747 in
562 1716 794 1747 seditionibusx
818 1717 902 1747 versi
926 1716 956 1746 in
982 1717 1116 1747 istorum
1141 1715 1414 1747 conculcationem
1426 1722 1449 1755 y,
1474 1717 1506 1747 in
1531 1728 1614 1757 eum,
1639 1718 1729 1747 cuius

79 1774 310 1810 contempnunt
332 1769 497 1809 mysteria,
528 1766 667 1809 superbe
691 1767 786 1798 simul
817 1774 847 1799 et
880 1768 977 1809 impie
1002 1767 1227 1809 blasphemare
1257 1777 1319 1798 non
1345 1767 1528 1799 abhorrent.
1575 1768 1614 1800 Si
1639 1774 1727 1808 reete,

79 1820 184 1862 inquit
205 1819 308 1859 Deus,
331 1819 460 1861 offeras,
483 1824 510 1850 et
533 1824 615 1850 recte
640 1831 702 1851 non
727 1820 871 1859 dividas,
892 1821 1047 1861 peccasti.
1093 1819 1188 1858 Quod
1213 1824 1343 1850 tamenz
1368 1820 1436 1850 istis
1467 1830 1504 1850 eo
1527 1820 1633 1850 minus
1657 1830 1727 1850 con-

79 1873 175 1912 venit,
204 1882 268 1914 quo
297 1871 360 1914 ipsi
388 1882 450 1902 non
474 1876 597 1902 tantum
622 1876 708 1902 reete
739 1882 802 1902 non
825 1871 984 1909 divisisse,
1016 1870 1072 1901 sed
1097 1881 1154 1901 nec
1184 1876 1268 1902 recte
1298 1870 1389 1901 facile
1419 1871 1564 1901 convinci
1597 1876 1730 1912 possunt

80 1923 243 1955 obtulisse.
287 1923 406 1963 Iustea,
433 1923 478 1953 ait
500 1923 672 1964 scriptura,
709 1923 796 1964 quod
825 1924 943 1954 iustum
967 1928 1011 1953 est
1039 1923 1218 1963 exequeris.
1264 1922 1349 1960 Quia
1377 1927 1406 1952 et
1431 1923 1516 1963 quod
1540 1923 1656 1953 iustum
1682 1928 1730 1954 est

80 1975 196 2007 iustum
221 1985 291 2005 esse
308 1974 434 2014 desinit,
459 1975 485 2005 si
508 1975 540 2005 in
564 1975 636 2016 ipso
653 1973 740 2016 quod
764 1974 941 2004 intenditur
957 1973 1052 2012 bono,
1077 1974 1205 2004 incauta
1222 1973 1366 2014 operatio
1391 1984 1409 2003 a
1432 1973 1577 2004 iusticiae
1602 1975 1728 2005 tramite

79 2026 279 2058 recesseritb.
326 2025 511 2068 Simplicis⁰
535 2027 621 2057 enim
645 2032 675 2057 et
699 2025 953 2066 incorruptibilis
976 2025 1121 2056 veritatis
1145 2024 1291 2055 summed
1315 2024 1477 2056 divinitati
1501 2025 1595 2056 valde
1613 2036 1728 2067 purum

80 2082 111 2109 et
143 2077 184 2109 ab
218 2078 305 2109 omni
337 2077 488 2109 falsitatis
520 2077 771 2108 commixtione⁶
804 2087 1037 2119 usquequaque
1065 2076 1204 2107 alienum
1236 2086 1307 2107 esse
1338 2081 1465 2117 oportet
1494 2076 1646 2118 quicquid
1677 2078 1728 2118 pie

82 2129 225 2160 offertur:
259 2129 334 2171 quia
356 2129 421 2160 iam
445 2130 580 2171 impium
613 2134 662 2159 est
683 2128 874 2159 aestimares
902 2127 952 2159 vel
975 2129 1007 2158 in
1030 2138 1137 2159 rerum
1168 2127 1289 2159 iudicio
1313 2127 1421 2170 aliqua
1444 2128 1607 2158 hominum
1633 2128 1729 2159 simu-

191 2225 220 2256 a)
239 2226 357 2258 ipsorum
379 2226 404 2250 2.
481 2224 510 2253 b)
531 2228 587 2249 atro
613 2226 634 2249 1.
704 2226 727 2255 c)
751 2233 799 2249 om.
822 2225 846 2247 2.
915 2224 943 2249 d>
964 2224 1097 2248 inducitur
1118 2226 1128 2247 ἱ)
1151 2224 1174 2248 2.
1244 2231 1270 2247 cu
1292 2224 1417 2248 lavachro
1442 2226 1464 2248 1.
1531 2225 1553 2247 ft
1575 2228 1683 2255 possent
1706 2227 1728 2248 1.

83 2271 111 2303 g)
134 2279 187 2296 non
207 2272 264 2297 sine
284 2271 392 2296 horrore
412 2271 502 2296 referri
523 2274 611 2304 potest
631 2271 655 2294 2.
753 2270 780 2299 h)
803 2270 1024 2303 prohilectionum
1046 2270 1070 2294 2.
1171 2270 1189 2300 i)
1213 2274 1297 2294 estote
1318 2271 1426 2294 omnino
1448 2270 1472 2294 2.
1577 2271 1606 2299 k)
1626 2279 1673 2294 vos
1693 2285 1726 2288 μ

82 2320 170 2342 vestra
190 2318 214 2342 2.
298 2317 318 2349 l)
340 2317 412 2342 deest
434 2318 457 2341 1.
544 2319 578 2348 in)
603 2317 733 2342 excudere
755 2317 779 2341 2.
865 2323 894 2342 ni
916 2316 1049 2348 planaque
1071 2316 1094 2340 2.
1182 2318 1208 2342 o]
1228 2317 1357 2348 precipua
1380 2318 1401 2340 1.
1486 2321 1515 2347 p)
1536 2316 1573 2340 illi
1593 2319 1683 2340 tantos
1704 2318 1728 2340 ἱ).

84 2363 112 2396 q)
132 2363 212 2388 verba
231 2364 282 2388 His
301 2378 335 2380 —
357 2363 453 2388 dicitur
472 2372 521 2388 0711.
538 2365 561 2388 1.
627 2363 651 2394 r)
673 2364 750 2396 qdq33
772 2362 796 2387 2.
855 2369 879 2393 s)
899 2362 968 2386 bello
991 2363 1013 2386 1.
1072 2364 1092 2393 t)
1116 2363 1323 2394 dispensationis
1345 2362 1369 2386 2.
1428 2366 1456 2387 u)
1478 2363 1684 2394 contemptionis
1705 2363 1729 2389 ΕΞ,

84 2409 112 2440 v)
133 2409 240 2434 cottidie
262 2410 286 2434 ·2.
389 2408 426 2441 w)
447 2409 623 2434 attendebant
644 2411 668 2434 1.
771 2408 800 2439 x)
821 2408 979 2433 seditionem
1001 2408 1025 2432 ’3.
1130 2409 1159 2440 y)
1181 2408 1384 2433 conculcatione
1405 2408 1429 2432 2.
1533 2412 1559 2435 zJ
1580 2412 1682 2433 tantum
1704 2410 1727 2432 2.

85 2454 113 2487 a)
132 2455 228 2480 iustum
249 2456 319 2488 quod
340 2458 380 2480 est
401 2475 406 2479 .
428 2475 434 2480 .
459 2475 463 2480 .
485 2456 553 2480 iuste
574 2456 711 2487 exequeris
733 2456 756 2479 1.
871 2454 899 2484 b)
919 2454 1077 2478 recesserint
1098 2454 1122 2478 2.
1237 2461 1262 2485 c)
1286 2454 1398 2486 simplici
1422 2455 1444 2477 l.
1559 2454 1586 2482 d]
1613 2454 1683 2479 deest
1706 2457 1726 2479 l.

85 2500 112 2533 e)
131 2502 274 2526 amixtione
295 2502 320 2526 2.
396 2501 418 2531 f)
439 2501 589 2526 existimare
610 2502 635 2525 2.

192 2589 220 2624 1)
244 2590 334 2624 Epist.
353 2590 421 2619 125.
452 2591 491 2616 ad
514 2590 657 2616 Rusticum
681 2592 696 2621 ξ
721 2589 756 2615 14
790 2588 877 2623 (Opp.
897 2588 919 2621 l,
945 2589 995 2618 col,
1021 2588 1111 2621 9359:
1144 2587 1315 2623 Philosophi
1339 2588 1447 2614 saeculi
1476 2588 1571 2614 solent
1602 2597 1725 2613 :unorem

86 2642 212 2666 veterem
235 2648 333 2667 amore
355 2649 431 2667 novo
456 2640 538 2675 quasi
563 2641 673 2667 clavum
698 2640 780 2666 clavo
805 2639 961 2673 expellere.
988 2659 993 2665 .
1021 2660 1025 2665 .
1052 2660 1058 2665 .
1085 2639 1131 2665 Illi
1155 2639 1254 2665 vitium
1278 2639 1348 2665 vitio
1373 2646 1582 2673 peccatumque
1605 2643 1724 2673 peccato

88 2690 274 2717 medicantur.
374 2691 403 2725 2)
427 2692 472 2725 Cf.
495 2692 591 2726 Siyeb.
611 2692 711 2720 Chron.
736 2692 755 2718 l.
778 2692 812 2717 l..·
845 2691 880 2716 ad
904 2691 958 2716 hoc
982 2690 1036 2716 hac
1061 2691 1258 2725 oportunitate
1281 2690 1363 2716 laicis
1387 2690 1602 2725 insurgentibus
1627 2694 1726 2716 contra

88 2748 184 2768 saeros
208 2742 324 2768 ordines
349 2745 378 2768 et
400 2751 430 2769 se
455 2742 490 2768 ab
515 2743 592 2769 omni
617 2742 835 2770 aecclesiastica
859 2741 1041 2768 subiectione
1066 2741 1278 2768 excutientibus
1304 2762 1309 2768 .
1332 2762 1337 2767 .
1361 2762 1366 2767 .
1390 2741 1456 2767 laici
1482 2750 1585 2775 corpus
1610 2741 1724 2767 Domini

42 2798 70 2819 fio
89 2799 107 2818 a
126 2793 295 2826 presbiteris
319 2793 481 2827 coniugatis
506 2798 705 2821 consecratum
732 2803 800 2829 sepe
824 2793 948 2828 pedibus
973 2793 1223 2821 conculcaverunt.

1747 1268 1814 1286 Dent.
1825 1267 1897 1286 mita.

1748 1472 1800 1490 Mic)
1856 1473 1868 1490 ὅ

1748 1784 1804 1802 «jeu.
1815 1784 1834 1805 4,
1847 1784 1864 1802 7.

1749 1937 1895 1961 Deut.1‹:,2o.
