2132 3067
505 171 557 198 DE
580 170 751 197 UNITATE
774 169 982 197 ECCLESIAE
1005 169 1301 197 CONSERVANDA.
1670 164 1729 196 221

86 272 187 300 mum,
223 271 296 291 nam
328 261 412 291 circa
441 259 522 290 hanc
551 260 678 291 tertiam
710 259 977 301 quadragesimae
1008 259 1243 290 hebdomadam
1276 259 1402 289 canitur
1436 269 1493 300 per
1528 257 1732 299 supradictos

85 314 252 355 episcopos
285 312 376 354 quasi
407 310 555 342 bellicum
587 310 750 353 quoddam
782 311 925 352 signum,
957 317 991 341 ut
1021 316 1217 352 congregent
1252 310 1406 352 populum
1441 311 1635 341 constituere
1671 308 1731 340 sibi

85 376 192 406 regem
225 374 354 395 novum.
401 363 465 402 Qui
497 368 582 394 certe
612 362 781 398 Rudolfus,
813 373 885 392 cum
917 363 1023 393 media
1048 362 1307 403 quadragesima,
1340 361 1390 392 ‹lie
1414 361 1536 392 scilicet
1561 361 1732 400 dominica,
1754 371 1863 390 Marri».

83 427 142 458 per
172 415 361 457 Sigifridum
393 415 604 456 Moguntinae
635 414 790 445 ecclesiae
820 413 1100 455 archiepiscopum
1132 414 1342 447 ordinaretur,
1374 414 1529 454 sanguine
1561 412 1731 443 multorum

54 482 67 502 ⁵
86 468 251 499 hominum
283 467 437 505 initiatur,
470 467 620 508 quoniam
647 466 833 507 Moguntiae
865 465 968 506 plebis
994 465 1165 495 multitudo
1191 464 1396 496 conclamans
1420 472 1516 507 atque
1541 475 1734 495 concurrens

85 519 126 550 ad
149 519 306 550 eiusmodi
330 519 498 550 seditionis
523 523 705 559 portentum
731 516 905 558 repellitur,
930 517 1061 558 fugatur
1083 522 1180 558 atque
1205 516 1370 556 occiditur,
1395 522 1425 547 et
1449 516 1593 555 ccclesia,
1618 517 1649 546 in
1672 526 1734 557 qua

85 571 169 602 facta
192 576 239 601 est
262 570 339 602 haec
363 570 532 610 ordinatio,
557 571 714 610 sanguine
738 570 834 600 etiam
859 568 1030 602 violatur1,
1079 567 1218 598 Proinde
1245 579 1312 608 vos,
1344 569 1399 610 qui
1424 569 1559 599 tremitis
1591 567 1629 598 ad
1655 567 1733 597 iudi-

85 623 169 654 cium
201 623 344 661 Domini,
374 621 531 653 attendite
563 622 696 652 obsecro
727 621 884 651 iudicium
918 620 1059 651 Domini.
1106 620 1280 661 Postquam
1306 631 1383 650 vero
1414 619 1463 650 ille
1490 619 1646 649 liudolfus
1678 630 1733 649 rex

87 679 201 717 quarto
233 674 446 705 ordinationis
476 684 552 704 suae
583 684 667 703 anno
700 674 731 703 in
761 672 882 714 praelio
913 673 1038 703 occisus
1070 678 1127 703 est,
1158 672 1307 712 proximo
1340 671 1455 702 dehinc
1485 682 1568 701 anno
1601 677 1734 712 uterque
1759 684 1818 702 iosl.

43 741 68 759 ιο
87 725 187 765 locus,
217 727 273 768 qui
301 732 370 757 erat
397 726 559 768 particeps
585 730 616 756 et
639 725 806 756 electionis
831 731 863 755 et
887 724 1098 754 ordinationis
1127 725 1207 761 eius,
1236 734 1277 753 ex
1302 724 1362 754 Dei
1393 723 1512 753 iudicio
1544 734 1600 764 per
1629 723 1733 762 ignem

87 784 297 819 consumptus
327 783 384 811 est,
439 777 521 808 Nam
554 787 634 818 opus
664 775 742 807 illud
776 777 958 818 speciosum
995 775 1151 806 Henriclii
1186 776 1270 815 regis
1306 774 1438 806 secundi
1468 780 1499 804 et
1534 774 1735 815 imperatoris

87 830 194 872 primi,
217 829 341 860 scilicet
364 829 569 870 Babenberg,
599 829 631 858 in
657 829 748 859 cuius
772 828 938 870 episcopio
963 827 1014 858 ille
1039 827 1158 859 electus
1188 833 1244 868 est,
1277 827 1360 868 ignis
1385 826 1586 866 consumpsit
1610 826 1640 855 in
1667 825 1735 856 sab-

89 882 163 914 bato
187 886 296 912 sancto
321 892 436 923 pascae
448 886 469 920 ²,
500 886 599 922 caput
621 886 728 911 autem
754 879 879 910 Galliae
909 885 1006 922 atque
1031 880 1226 910 Germaniae
1250 878 1450 919 Moguntiam
1484 877 1630 907 similiter
1654 877 1737 918 ignis
1758 889 1841 912 Apina.

87 933 286 974 consumpsit
309 932 392 963 infra
416 937 621 974 pentecosten
640 931 752 963 eodem
770 942 863 970 anno,
889 932 943 973 qui
968 938 1044 962 tnnc
1063 938 1131 962 erat
1156 930 1366 963 MLXXXI.³
1389 929 1618 959 incarnationis
1637 928 1736 958 ‹lomi-
1758 942 1846 960 Mirm

43 997 69 1016 ιε»
87 986 210 1016 nicae³.
260 984 323 1016 Ubi
346 996 434 1015 nuuc
458 989 512 1022 est,
536 984 654 1023 Israel,
678 995 736 1014 γεω
760 985 862 1014 tuus?
885 983 963 1014 dicit
988 983 1157 1021 Dominus,
1182 989 1209 1014 et
1234 983 1289 1013 ubi
1312 986 1388 1012 sunt
1413 981 1538 1011 iudices
1562 982 1631 1011 tui!
1656 991 1738 1022 qzzue
1761 992 1906 1015 1.Sm11.s,f..

87 1038 224 1069 dimisti:
247 1037 303 1068 Da
323 1037 405 1068 mihi
426 1048 531 1078 reqem
555 1041 583 1066 et
604 1037 784 1077 principes.
823 1035 893 1076 Ipsi
909 1037 1031 1077 qnippe
1056 1039 1287 1077 regnaverunt,
1311 1039 1338 1064 et
1354 1045 1418 1064 non
1443 1044 1482 1063 eoe
1500 1044 1544 1062 me
1566 1032 1739 1072 prr'ncz‘pes
1760 1045 1819 1064 oum
1829 1046 1877 1065 su.

89 1090 273 1127 extiterunt,
296 1093 325 1118 et
347 1099 414 1119 non
437 1088 585 1130 cognovi,
609 1087 687 1118 dicit
710 1087 872 1117 Dominus
897 1087 1110 1118 exercituum.

196 1140 244 1170 10.
291 1140 424 1170 Peracta
448 1150 535 1175 vero,
559 1139 642 1169 sicut
666 1138 788 1169 dictum
813 1146 871 1177 est,
896 1138 1023 1169 Rudolfi
1049 1139 1133 1180 regis
1157 1138 1312 1169 electione
1336 1137 1456 1178 pariter
1483 1140 1514 1166 et
1538 1134 1739 1165 ordinatione

89 1203 147 1234 per
169 1192 351 1233 episcopos,
375 1190 415 1222 de
439 1190 582 1233 qualibet
606 1190 684 1221 dicit
708 1202 765 1232 per
789 1191 979 1232 prophetam
1002 1191 1177 1221 Dominus:
1203 1190 1327 1220 Manus
1351 1193 1474 1219 vestrae
1497 1187 1641 1228 pollutae
1665 1191 1739 1216 sunt
1763 1200 1864 1219 is..=.2·.3.

44 1255 71 1274 ιο
89 1245 253 1285 sanquine
277 1249 304 1275 et
327 1243 427 1284 diyiti
450 1244 549 1274 vestri
572 1244 762 1284 inquinati:
787 1248 928 1284 peracta,
953 1243 1096 1284 inquam,
1120 1241 1278 1273 electione
1295 1240 1388 1272 simul
1412 1245 1443 1270 et
1459 1239 1638 1279 sanguinea
1654 1237 1740 1268 illius

89 1294 310 1333 ordinatione,
334 1295 451 1336 quibus
475 1294 687 1325 interfuerant
711 1293 807 1335 legati
833 1305 961 1336 quoque
986 1294 1201 1325 Hildebrandi
1226 1304 1344 1334 papae,
1374 1303 1437 1322 non
1469 1290 1567 1321 multo
1600 1296 1672 1332 post
1695 1300 1740 1320 re-

89 1358 201 1378 versus
225 1351 274 1378 est
297 1345 482 1376 Henrichus
505 1357 563 1376 rex
588 1346 627 1376 de
652 1346 798 1388 partibus
823 1345 946 1383 Italiae,
972 1357 1036 1388 quo
1060 1352 1250 1387 perrexerat
1280 1343 1320 1375 ad
1345 1343 1598 1374 satisfactionem
1628 1341 1676 1373 vel
1701 1340 1741 1372 ad
1762 1355 1827 1374 1078.

90 1397 338 1440 supplicandum
368 1398 473 1429 eidem
501 1397 646 1428 Romano
677 1397 824 1439 pontifici
853 1409 910 1440 pro
945 1409 1026 1440 pace
1062 1397 1112 1428 vel
1146 1396 1300 1428 ecclesiae
1334 1395 1384 1426 vel
1413 1395 1457 1426 rei
1491 1394 1652 1436 publicae.
1703 1393 1740 1424 In

91 1450 182 1481 cuius
206 1449 350 1481 adventu
372 1450 404 1480 in
430 1448 639 1480 Germaniam
664 1449 801 1491 dispersi
825 1456 899 1481 sunt
922 1450 1047 1480 inimici
1071 1450 1138 1480 eius
1163 1454 1195 1479 et
1217 1449 1370 1489 fugerunt
1393 1458 1411 1477 a
1435 1447 1517 1478 facie
1542 1447 1620 1485 eius,
1644 1445 1740 1476 *abie-
1762 1457 1837 1482 «μεπ.

45 1514 72 1533 25
90 1507 228 1544 runtque
260 1501 392 1544 quidam
421 1501 461 1532 de
490 1501 651 1542 episcopis
683 1501 714 1532 in
739 1501 916 1532 Saxoniam
941 1512 1013 1532 cum
1039 1513 1114 1542 rege
1139 1511 1196 1531 suo
1220 1499 1370 1539 Rudolfo,
1401 1499 1530 1541 quidam
1563 1504 1669 1528 autem
1701 1496 1741 1527 ad

93 1559 244 1585 montana
267 1558 299 1585 et
320 1554 466 1584 civitates
491 1554 642 1589 munitas,
666 1554 791 1584 dicente
815 1553 972 1595 apostolo,
1005 1554 1096 1595 quia:
1131 1553 1302 1593 Principes
1333 1563 1395 1582 non
1425 1555 1501 1581 sunt
1530 1550 1639 1580 timori
1667 1549 1743 1579 boni

93 1607 211 1648 operis,
239 1606 296 1637 sed
323 1605 412 1637 mali.
464 1604 608 1636 Recolite
638 1616 722 1636 nunc
746 1611 972 1636 montanorum
1003 1611 1135 1643 sectam,
1164 1603 1371 1635 immodicam
1400 1601 1474 1633 fidei
1507 1608 1537 1632 et
1568 1601 1742 1642 patientiae
1764 1611 1901 1635 Romami⁴

93 1657 344 1697 observantiam,
367 1657 452 1699 quia,
478 1667 550 1687 cum
575 1661 719 1698 tempore
743 1658 976 1699 persecutionis
1000 1657 1159 1698 fugissent
1184 1655 1315 1698 quidam
1348 1656 1378 1685 in
1404 1659 1557 1684 montana
1580 1658 1611 1684 et
1635 1652 1742 1683 latuis-

92 1714 161 1740 sent
183 1710 215 1740 in
240 1708 413 1745 montibus
437 1708 534 1739 divisi
558 1719 617 1750 per
632 1708 693 1739 hoc
717 1708 756 1740 de
773 1719 907 1751 corpore
932 1709 1098 1747 ecclesiae,
1122 1708 1199 1739 dicti
1224 1714 1298 1738 sunt
1322 1707 1467 1737 montani
1492 1705 1637 1743 heretici,
1661 1705 1744 1735 sicut

46 1772 74 1791 so
92 1761 126 1793 in
149 1761 238 1793 VIII.
269 1760 350 1792 libro
383 1759 660 1802 Etymologiarum
696 1761 809 1792 scribit
839 1761 983 1792 Isidorus
1012 1761 1218 1803 episcopus⁴.
1276 1759 1338 1790 Sed
1372 1757 1567 1789 Hildebrant
1602 1761 1633 1787 et
1667 1766 1743 1786 suae

93 1813 194 1855 partis
219 1812 375 1855 episcopi,
399 1811 516 1854 quibus
540 1822 559 1842 a
582 1823 658 1853 rege
682 1812 846 1844 Henricho
869 1824 966 1855 saepe
990 1824 1055 1854 pax
1079 1812 1188 1843 oblata
1211 1816 1259 1842 est
1285 1816 1316 1842 et
1340 1811 1469 1840 minime
1493 1813 1632 1850 recepta,
1664 1807 1743 1838 divi-

94 1870 204 1896 serunt
226 1875 260 1896 se
283 1868 397 1906 sponte
421 1875 479 1894 sua
501 1864 542 1894 ab
567 1865 688 1895 unitate
712 1865 890 1896 catholicae
915 1865 1079 1903 ecclesiae,
1102 1864 1326 1905 fugientesque
1358 1863 1390 1892 in
1422 1862 1616 1891 munitiones
1647 1865 1744 1900 atquc

94 1922 246 1948 montana
268 1915 467 1958 reliquerunt
490 1915 643 1947 ecclesias
668 1927 742 1947 suas
759 1916 883 1959 absque
907 1916 1110 1958 speculatore
1134 1922 1164 1946 et
1186 1926 1261 1945 oves
1285 1913 1409 1955 absque
1427 1919 1564 1954 pastore,
1589 1911 1745 1952 eligentes

94 1968 199 2010 potius
222 1968 333 2010 fugere
356 1967 397 1998 ad
420 1973 562 1999 montem
586 1979 750 2009 magnum,
775 1979 869 2010 quem
896 1968 1054 2010 promittit
1078 1967 1239 1999 Dominus
1264 1977 1320 2007 per
1345 1965 1533 2006 prophetam
1554 1963 1744 1994 Zachariam
1765 1976 1892 1999 zamam,

49 2029 75 2049 ³5
94 2030 202 2051 coram
226 2018 407 2051 Zorobabel
438 2019 519 2050 duce
544 2019 626 2051 Iuda
655 2022 686 2052 in
716 2019 847 2061 planum
881 2020 1006 2057 deduci,
1038 2030 1134 2061 quam
1159 2017 1334 2049 ascendere
1366 2016 1406 2047 ad
1436 2023 1575 2047 montem
1603 2014 1744 2053 Domini,

95 2071 134 2103 de
158 2081 222 2113 quo
245 2072 364 2102 factum
390 2076 438 2102 est
461 2072 501 2102 ad
520 2071 672 2102 Hesaiam
691 2073 827 2103 verbum
846 2071 994 2102 Domini:
1019 2071 1060 2101 Et
1084 2071 1153 2108 erit,
1177 2070 1336 2111 inquiens,
1361 2070 1395 2099 ίη
1420 2068 1607 2099 novissimis
1631 2066 1744 2097 diebvs
1765 2079 1854 2102 nure.

91 2128 316 2165 praeparatus
338 2135 428 2154 mons
451 2124 564 2155 domus
593 2123 725 2154 Domini
747 2125 781 2154 in
806 2125 923 2154 vertice
946 2124 1113 2160 montium,
1141 2120 1252 2162 quales
1276 2121 1465 2161 suscipiunt
1487 2124 1607 2150 montes
1628 2129 1744 2159 pacem
1764 2132 1874 2154 Ps.71,3.

91 2175 216 2217 populo
246 2181 274 2206 et
304 2175 397 2206 colles
427 2176 600 2206 iustitiam.
652 2175 715 2206 Ubi
746 2176 830 2206 enirn
862 2186 936 2216 pax,
972 2174 1016 2205 ibi
1048 2180 1079 2206 et
1109 2173 1240 2212 iustitia,
1273 2173 1426 2214 quoniam
1456 2172 1587 2202 iustitia
1618 2175 1644 2200 et
1672 2180 1745 2210 pam·
1764 2180 1884 2203 susan.

97 2227 260 2258 osculatae
283 2231 360 2258 sunt
382 2238 434 2265 se,·
457 2227 541 2257 sicut
564 2226 643 2257 dicit
666 2226 842 2267 psalmista.
888 2226 982 2257 Unde
1006 2227 1085 2268 ipse,
1115 2226 1167 2266 qui
1192 2230 1239 2256 est
1263 2235 1327 2265 pax
1351 2228 1468 2261 nostra,
1495 2222 1642 2254 Christus
1667 2221 1746 2252 dicit

51 2287 79 2306 40
97 2284 169 2320 post
192 2277 364 2309 salutarem
383 2278 561 2309 doctrinam
580 2279 788 2309 institutionis
806 2278 1024 2319 ewangelicae,
1049 2278 1100 2308 cui
1125 2278 1242 2307 iustum
1268 2281 1316 2307 est
1332 2275 1481 2306 obedire:
1508 2275 1598 2305 Haec
1620 2273 1746 2303 locutus
1765 2283 1812 2302 [oli.
1825 2282 1898 2303 1·:,3.³,

97 2341 168 2361 eum
189 2330 288 2370 vobis,
311 2335 346 2361 ut
369 2332 404 2362 in
427 2342 475 2361 me
494 2342 612 2371 pacem
636 2331 790 2364 habentis,
838 2330 974 2371 Propter
997 2330 1083 2372 quod
1099 2330 1195 2360 enim.
1220 2328 1301 2358 sicut
1323 2332 1493 2358 attestatur
1512 2325 1711 2366 Augustinus
1724 2330 1745 2363 ⁵,

97 2386 196 2413 totum
219 2383 342 2422 agitur,
367 2382 453 2423 quod
477 2383 654 2413 christiani
676 2394 799 2419 sumus,
824 2383 945 2413 scilicet
968 2388 1002 2412 ut
1026 2383 1061 2413 in
1088 2381 1214 2413 Christo
1236 2391 1349 2421 pacem
1375 2380 1562 2418 habeamus,
1593 2382 1619 2408 et
1643 2379 1745 2407 simus·

99 2433 134 2463 in
158 2434 283 2464 unitate
306 2436 454 2474 corpor-Is
477 2435 556 2465 eius.
605 2434 692 2464 Ilaec
710 2435 793 2464 enim
807 2445 879 2475 pam
904 2445 968 2464 non
994 2434 1086 2464 habet
1102 2434 1202 2472 finem
1228 2432 1388 2473 temporis,
1412 2436 1439 2461 et
1465 2432 1538 2471 ipsa
1562 2431 1623 2460 erit
1639 2429 1744 2459 omnis

95 2485 175 2525 piae
202 2490 330 2516 nostrae
361 2486 553 2516 intentionis
584 2487 786 2527 actionisque
809 2486 915 2525 finis;
960 2490 1086 2526 wopan·
1109 2485 1194 2515 hanc
1224 2483 1440 2514 sacramentis
1464 2484 1533 2513 cius
1559 2481 1744 2517 imbuimur,

54 2567 81 2587 45
210 2567 237 2594 a)
257 2567 383 2591 MLXXI.
408 2568 430 2591 1.

209 2636 236 2670 1)
261 2635 304 2668 Cf.
329 2637 428 2662 Brimo
450 2637 484 2662 de
507 2636 578 2662 bello
600 2637 671 2663 Sus.
696 2636 767 2670 (SS.
792 2636 820 2669 V,
839 2645 869 2670 p.
889 2636 958 2663 365.
977 2636 1067 2669 3⁶36ss
1092 2635 1164 2661 Paul
1186 2635 1334 2660 Bernriecl.
1358 2633 1538 2667 (walterich,
1569 2633 1620 2657 Vir.
1639 2631 1743 2665 potitis.

101 2685 125 2718 I,
141 2695 169 2721 p.
183 2686 266 2720 531).
326 2688 355 2721 2)
374 2688 417 2719 Cf,
435 2685 603 2714 Elekelzardi
621 2689 748 2714 (flu-onie.
765 2697 792 2715 α,
811 2688 898 2719 1051,
916 2688 1008 2713 Notae
1026 2686 1201 2719 Rubcnberss.
1219 2686 1287 2714 (SS,
1305 2685 1350 2717 VJ,
1366 2694 1395 2719 p.
1411 2684 1489 2717 ‘204;
1506 2683 1605 2715 XVII,
1621 2693 1649 2716 [ι.
1662 2684 1718 2707 ϋῑῖεἱ
1738 2702 1743 2708 .

103 2737 133 2771 3)
156 2737 200 2770 C'f.
224 2738 356 2765 illuriani
380 2739 468 2765 &cotti
491 2739 620 2767 Chronic.
644 2739 714 2773 (SS.
739 2739 765 2771 V,
788 2748 818 2772 p.
838 2739 914 2771 5⁴32;
939 2738 1027 2770 XIII,
1048 2748 1078 2772 [a.
1099 2738 1162 2771 79).
1251 2737 1281 2769 4)
1304 2737 1336 2762 L.
1361 2736 1441 2768 VIII,
1466 2745 1489 2761 c.
1510 2736 1536 2767 ὅ,
1561 2738 1573 2765 ξ
1599 2735 1646 2766 53²5>
1675 2738 1743 2767 ΗΙΨ·

103 2789 146 2817 ed.
169 2790 307 2816 Arevalue
330 2791 389 2825 III,
409 2800 439 2824 p.
458 2791 535 2823 355,-
563 2791 602 2823 cf.
626 2791 705 2824 iufra
731 2801 753 2817 c·
773 2790 821 2818 29.
943 2790 972 2823 5)
997 2790 1030 2815 In
1055 2799 1152 2823 eucinq.
1178 2789 1312 2814 Iohannis
1336 2788 1373 2821 (c.
1400 2786 1451 2819 17)
1473 2790 1555 2813 tract.
1581 2786 1654 2815 CIV,
1680 2788 1692 2814 ,ξ
1722 2786 1742 2815 1,

56 2845 84 2866 50
106 2839 176 2874 Opp.
198 2841 257 2873 III,
282 2842 309 2873 2,
334 2842 385 2868 col.
411 2841 479 2870 758.
