2132 3067
255 676 287 699 (S)

258 2011 289 2033 (⁴³)

141 2369 291 2390 &innubat-l.

304 160 346 191 50
706 161 856 188 LIBELLI
880 161 1077 188 BERNALDI
1101 162 1338 189 PRESBYTERI
1362 163 1548 190 MONACHI.

304 252 446 283 debitum
472 251 665 281 adiutorium
691 250 877 291 impendere
901 249 1005 281 vellet.
1042 250 1248 292 Quapropter
1272 263 1312 282 ex
1330 252 1415 292 regis
1439 250 1609 282 insolentia
1625 251 1795 282 occasione
1811 256 1952 293 accepta,

305 304 372 343 regi
397 314 459 333 nou
484 308 547 332 tam
566 307 806 340 consenserunt,
831 311 926 342 quam
945 308 1185 342 persuaserunt,
1208 307 1243 333 ut
1259 302 1384 334 literas¹
1404 303 1660 344 proscriptorias,
1684 303 1825 332 omnium
1842 312 1952 332 eorum

307 354 453 385 manibus
489 364 544 394 per
578 353 848 393 subscriptionem
885 353 1061 391 roboratas,
1095 353 1135 384 ad
1169 353 1380 395 apostolicam
1416 353 1524 384 sedem
1557 353 1801 384 transmitteret:
1837 352 1953 394 quibus

308 406 399 447 quasi
425 405 605 446 proscripto
631 403 794 435 Romanae
825 404 933 433 sedis³
957 404 1120 445 episcopo.
1151 405 1294 446 synodus
1319 405 1465 436 Romana
1494 415 1602 445 regem
1634 404 1956 435 excommunicatura

307 455 530 486 nichilominus
555 456 765 493 cassaretur-¹³,
795 455 905 496 sicque
936 455 998 496 ipsi
1023 466 1094 485 cum
1120 467 1195 496 rege
1225 456 1266 487 ab
1294 456 1491 498 apostolicae
1516 455 1601 486 sedis
1625 466 1761 486 censura
1782 455 1954 487 liberaren—
1974 469 1986 488 5

308 514 367 538 tur.
414 507 450 537 In
483 505 634 547 predictis
666 518 741 537 sane
770 505 869 536 literis
900 512 973 547 post
1002 506 1118 537 multas
1144 507 1278 538 Romani
1308 508 1469 549 pontificis
1500 507 1728 548 plasphemias.
1753 507 1813 538 hoc
1835 506 1954 548 singuli

307 570 364 589 sua
388 557 623 598 subscriptione
648 558 926 595 confirmaverant,
955 563 991 588 ut
1013 556 1133 588 nollent
1156 558 1308 600 deinceps
1332 558 1514 590 huiusmodi
1540 559 1711 590 criminoso
1739 558 1873 590 subesse
1902 558 1954 589 vel

307 609 446 651 aliquam
471 609 685 639 obedientiam
711 608 873 639 exhibere.

414 660 471 690 llis
501 660 599 700 igitur
629 659 728 690 literis
753 661 784 696 in
808 660 984 690 Romanam
1010 660 1168 701 synodum
1195 660 1319 702 delatis,
1349 662 1438 692 iuxta
1463 667 1579 702 possec
1604 671 1712 692 eorum
1737 660 1870 692 eandem
1894 671 1954 703 per

306 712 428 752 legatos
452 722 525 741 suos
550 711 820 749 disturbaverant,
852 717 883 742 ct
905 711 1117 752 apostolicum
1143 711 1300 754 presulem
1335 713 1365 743 in
1390 712 1535 743 Romana
1565 712 1689 753 synodo
1713 713 1850 754 turpiter
1871 712 1955 754 plas-
1972 723 1998 742 ιῡ

306 763 504 805 phemantes,
528 773 597 792 eum
624 774 686 793 non
711 762 902 803 confessum,
927 773 985 793 nec
1009 762 1146 794 alicuius
1171 764 1314 795 criminis
1337 765 1519 795 convictum
1549 763 1590 794 ab
1615 763 1791 805 apostolica
1814 764 1890 795 sede
1920 770 1955 794 ut

306 814 494 845 vilissimum
519 814 713 854 mancipium
739 815 898 844 iusserant
915 813 1119 845 descendere.
1160 815 1307 846 Preterea
1331 827 1371 846 cx
1396 821 1548 857 precepto
1573 816 1688 857 prefati
1707 815 1838 846 Henriei
1855 815 1954 847 Fran-

306 877 413 896 corum
446 866 540 906 regis,
572 877 633 895 non
666 865 775 906 utique
800 865 936 895 Romani
967 865 1179 906 imperatoris,
1211 872 1344 897 cunctae
1370 866 1532 898 Romanae
1563 866 1688 908 synodo
1718 866 1953 897 contumaciter

306 917 547 953 interdixerant,
581 928 618 946 ne
649 916 767 947 domno
798 916 976 958 apostolico
1001 917 1122 958 pastori
1153 928 1210 948 suo
1235 917 1392 949 ullatenus
1415 917 1599 949 obedirent:
1628 918 1758 959 pastori,
1790 918 1954 960 inquam⁶‚

307 980 374 1007 suo,
399 969 448 999 cui
473 975 604 999 eatenus
628 968 826 1002 obedierant,
851 980 947 1010 quem
966 974 1097 999 eatenus
1121 979 1179 1010 pro
1196 968 1338 1010 legitimo
1363 975 1500 1011 pastore,
1525 975 1559 1000 ut
1584 970 1737 1000 canonice
1761 969 1954 1010 ordinatum,
1973 979 2000 999 ιε

305 1027 339 1052 ut
369 1020 522 1050 canonice
552 1021 583 1050 in
613 1019 724 1050 ordine
754 1031 812 1050 suo
844 1024 1068 1050 conversatum
1102 1019 1290 1060 habuerant,
1322 1022 1373 1052 cui
1405 1022 1500 1052 etiam
1534 1021 1698 1062 predictus
1730 1031 1787 1051 rex
1811 1019 1952 1052 debitam

306 1072 521 1103 obedientiam
552 1070 683 1112 speciali
713 1072 932 1112 promissione
958 1071 1148 1112 devoverat,
1179 1083 1272 1114 quem
1304 1072 1503 1104 diversorum
1539 1083 1710 1113 regnorum
1745 1071 1889 1114 presules
1923 1078 1955 1103 et

307 1123 469 1165 principes
493 1134 550 1164 pro
575 1123 677 1153 saneti
704 1123 786 1153 Petri
811 1123 930 1152 vicario
954 1121 1199 1154 honoraverant.

414 1174 508 1204 Hunc
533 1174 632 1214 igitur
655 1184 716 1203 nou
742 1174 934 1211 confessum,
959 1185 1023 1204 non
1047 1175 1230 1205 convictum
1243 1182 1264 1214 ⁰,
1290 1176 1388 1205 immo
1412 1186 1482 1214 nec,
1507 1176 1533 1205 si
1558 1186 1631 1206 reus
1655 1180 1748 1215 esset,
1773 1175 1817 1206 ita
1838 1173 1889 1206 vel
1911 1174 1953 1205 ab

308 1225 488 1256 huiusmodi
519 1224 787 1263 convincendum,
819 1225 953 1267 predicti
978 1226 1214 1266 conspiratores
1246 1237 1303 1268 per
1331 1226 1455 1268 legatos
1486 1238 1560 1257 suos
1590 1226 1770 1267 degradare
1793 1225 1954 1266 volebant,
1975 1236 2001 1254 ιο

307 1288 371 1318 qua
394 1277 581 1316 temeritate,
608 1277 704 1306 immo
730 1288 792 1319 quo
817 1277 1028 1307 vesanissimo
1057 1276 1164 1308 furore
1196 1288 1255 1309 nec
1285 1288 1462 1319 cauponem
1496 1289 1587 1309 suum
1621 1277 1757 1320 quilibet
1779 1277 1954 1309 destituere

307 1328 574 1370 permittereturf.
613 1328 694 1358 Nam
723 1334 758 1359 ut
775 1329 886 1359 beatus
905 1327 1133 1359 Marcellinus²
1150 1339 1235 1370 papa
1252 1329 1401 1360 omnibus
1418 1329 1605 1360 orthodoxis
1622 1329 1766 1361 scribens
1783 1328 1954 1373 kapit[ulo]

306 1379 444 1410 secundo
476 1384 624 1410 testatur:
662 1380 820 1421 Episcopi
839 1380 1000 1422 pontifici,
1031 1392 1051 1409 a
1079 1391 1140 1421 quo
1165 1382 1347 1412 consecrati
1363 1381 1560 1423 probantur,
1580 1382 1806 1422 preiudz'cium
1830 1381 1954 1420 inferre

308 1431 433 1462 nullum
459 1436 608 1472 possunt.
654 1431 734 1462 Item
768 1432 881 1462 beatus
914 1432 1087 1463 Auacletus
1120 1443 1214 1475 papa,
1249 1444 1267 1463 a
1303 1432 1396 1463 beato
1426 1432 1521 1463 Petro
1553 1431 1722 1474 presbyter
1753 1431 1954 1463 ordinatus³:

309 1482 492 1520 Sentenct‘a,
517 1483 654 1524 inquitss,
681 1483 781 1514 Clmm
795 1484 866 1522 filii
883 1483 951 1514 Noe
968 1483 1209 1526 dampnantur,
1233 1486 1290 1526 qui
1306 1495 1440 1515 suorum
1458 1484 1623 1514 doctorum
1648 1483 1696 1514 vel
1711 1485 1954 1525 prepositorum
1974 1495 2001 1514 25

308 1534 438 1574 culpam
470 1533 628 1575 produnt,
659 1546 715 1565 ceu
749 1534 860 1575 Clmm,
891 1536 948 1576 qui
974 1537 1086 1575 patris
1112 1537 1276 1577 pudenda
1305 1547 1369 1566 non
1401 1537 1540 1575 operuit,
1570 1535 1626 1566 sesl
1656 1535 1836 1566 deridenda
1867 1545 1955 1566 mon—

308 1586 434 1615 stravit.
482 1585 604 1616 Doctor
627 1591 732 1616 aulem
757 1587 804 1616 vel
824 1591 940 1627 pastor
951 1586 974 1626 ¹¹,
1003 1588 1032 1617 si
1061 1599 1079 1617 α
1096 1587 1167 1626 fide
1190 1587 1426 1625 eaeorbitaverit,
1460 1587 1498 1616 ai
1517 1585 1673 1626 fidelibus
1699 1587 1761 1617 erit
1787 1587 1953 1628 corrigen-

308 1637 389 1667 dus:
413 1637 468 1667 secl
488 1648 549 1677 pro
575 1637 720 1678 reprobis
744 1638 886 1668 moribus
912 1639 1017 1679 »za-qis
1039 1644 1085 1669 est
1108 1638 1331 1670 tolerandusk.
1380 1638 1458 1668 Item
1482 1637 1676 1669 Anacletus¹
1703 1648 1799 1680 papa,
1822 1643 1954 1669 sanctus

309 1687 492 1719 Alexander
516 1699 609 1730 papa,
634 1689 710 1719 item
735 1694 865 1719 sanctus
891 1690 1014 1730 Syxtus
1039 1689 1144 1730 presul
1169 1689 1376 1732 apostolicus,
1400 1690 1454 1731 qui
1479 1699 1590 1721 omnes
1615 1690 1694 1720 mori
1720 1690 1834 1731 magis,
1859 1699 1953 1732 quam

309 1740 435 1770 mentiri
460 1739 638 1773 volucrunt.
664 1740 733 1779 him,
758 1741 899 1782 iuquam,
924 1741 1042 1781 singuli
1067 1741 1178 1772 eadem
1203 1742 1394 1772 auctoritate
1419 1741 1574 1782 precipui,
1598 1740 1718 1771 eisdem
1743 1752 1825 1783 pene
1849 1739 1956 1773 verbis
1974 1751 2001 1770 so

309 1796 523 1822 statum-unm:
548 1791 587 1822 Si
610 1792 676 1832 qui,
700 1792 858 1833 inquiunt,
884 1793 1066 1823 adversusn
1090 1794 1260 1834 episcopos
1280 1805 1412 1824 causum
1438 1793 1622 1832 habuerint,
1642 1793 1742 1833 prius
1766 1793 1811 1824 ad
1833 1803 1886 1824 eos
1907 1803 1956 1824 re-

309 1847 446 1873 currant
476 1843 628 1873 caritatis
658 1844 774 1879 studio,
806 1848 840 1874 vt
861 1843 1037 1885 familiari
1066 1844 1225 1885 colloquio
1253 1845 1439 1876 commoniti
1468 1856 1505 1875 ea
1533 1849 1660 1884 sanent,
1691 1855 1774 1885 quae
1796 1844 1956 1876 sananda

309 1898 393 1924 sunt.
439 1894 478 1923 Si
502 1899 607 1924 aierem
632 1895 738 1936 aliqui
761 1906 823 1932 eos,
843 1896 1043 1936 priusquam
1067 1895 1145 1926 haec
1170 1897 1305 1936 eyerz'ni,
1328 1897 1485 1935 lacerare,
1510 1907 1677 1935 accusare,
1702 1896 1860 1936 infestare
1879 1907 1953 1938 pre-

308 1945 516 1985 sumpserint,
540 1947 867 1977 emcommztnicentur.

414 1995 482 2025 Has
505 1996 604 2036 igitur
626 2002 657 2027 et
681 1996 863 2028 huiusmodi
888 1997 1137 2029 innumerabiles
1161 2003 1345 2029 sanctorum
1375 2004 1502 2040 pat-rum
1526 1999 1704 2029 sentencias
1733 1998 1759 2029 si
1786 1997 1830 2029 illi
1853 1999 1955 2030 nostri
1973 2009 2000 2028 35

309 2047 546 2088 conspiratores
576 2047 714 2079 fideliter
740 2049 968 2090 inspexissent,
1001 2049 1182 2081 nullatenus
1207 2061 1310 2089 suum,
1341 2055 1476 2091 utputa⁰
1500 2049 1622 2091 primae
1645 2049 1732 2081 sedis
1755 2051 1954 2092 episcopum,

310 2104 372 2128 tam
403 2100 569 2139 repentina
593 2099 840 2141 vituperatione,
870 2111 933 2131 non
964 2106 1168 2140 conventum,
1199 2112 1262 2132 nou
1287 2101 1468 2132 confessum
1494 2100 1716 2141 exufflassent3
1747 2112 1807 2132 nec
1830 2102 1954 2143 seipsos

309 2159 367 2189 pro
399 2155 462 2179 tam
497 2151 667 2181 temerario
701 2162 779 2181 ausu
814 2148 874 2182 sub
909 2153 1090 2194 perniciosa
1120 2153 1457 2184 exconnnunicacione
1485 2153 1723 2184 enecuissentl’.
1773 2151 1896 2194 Nempe
1927 2152 1954 2183 si

309 2199 481 2240 culpabilis
516 2208 609 2237 esset,
645 2203 884 2243 peregrinorum
921 2210 1027 2235 tamen
1059 2205 1284 2246 episcoporum
1315 2204 1433 2235 iudicio
1464 2204 1555 2234 iuxta
1588 2215 1727 2235 canones
1756 2214 1816 2235 nec
1848 2203 1953 2235 discu-

309 2251 442 2282 ciendus
471 2258 570 2293 esset,
602 2254 718 2284 nedum
749 2259 868 2286 temere
899 2255 1124 2297 deponendus,
1153 2256 1207 2288 sed
1241 2257 1353 2298 pocius
1382 2256 1413 2286 in
1439 2248 1584 2286 Romana
1613 2255 1737 2296 synodo
1760 2255 1954 2286 audiendus:
1973 2265 2000 2284 ιο

310 2303 335 2332 si
365 2308 470 2333 tamen
500 2303 539 2334 de
571 2304 677 2335 dubiis
708 2305 813 2343 rebus,
844 2307 903 2337 nisi
935 2307 1004 2348 ipse
1028 2307 1134 2346 vellet,
1163 2307 1214 2338 vel
1237 2318 1372 2350 usquam
1398 2306 1449 2338 vel
1472 2318 1491 2338 a
1513 2317 1674 2349 quoquam
1701 2307 1791 2338 iuxta
1814 2316 1954 2352 canones

311 2353 426 2384 discuti
452 2361 572 2396 possetg
597 2357 749 2397 seriptum
775 2363 823 2388 est
845 2359 944 2388 enim:
969 2359 1043 2389 Non
1069 2364 1113 2390 est
1138 2359 1325 2400 discipulus
1348 2369 1448 2400 super
1463 2359 1667 2399 nmqistrum.
1707 2358 1800 2390 Unde
1824 2362 1954 2389 sanctus

311 2403 495 2445 Silvestcr⁵,
519 2406 713 2438 Nicenorum
730 2420 885 2439 canonum
909 2414 1031 2450 auctor,
1054 2409 1196 2450 generali
1221 2410 1344 2451 synodo
1369 2409 1534 2452 presidens
1555 2420 1714 2441 consensu
1736 2408 1956 2441 CCLXXVII

419 2493 445 2522 a)
467 2493 531 2517 sidis
554 2494 577 2518 2.
655 2495 679 2525 b)
703 2504 769 2519 cess,
791 2496 821 2520 (ι’.
899 2499 923 2524 c)
944 2505 1078 2528 suprascr.
1101 2498 1126 2522 3.
1203 2498 1232 2523 (ἰ)
1254 2505 1388 2528 suprascr.
1411 2498 1434 2521 2.
1511 2497 1535 2527 e)
1559 2497 1730 2521 coniunctum
1751 2497 1776 2522 2.
1852 2497 1874 2527 f)
1894 2505 1953 2530 per-

310 2538 423 2562 mitteret
445 2538 475 2563 G.
541 2543 570 2569 gl
592 2548 694 2572 quoque
716 2541 779 2565 add.
795 2542 826 2565 G.
894 2542 922 2568 li)
944 2543 1074 2567 ecelesiae
1096 2543 1159 2567 add.
1174 2544 1205 2568 G.
1221 2552 1252 2568 ea·
1266 2543 1359 2568 Anacl.
1434 2544 1454 2567 il
1476 2544 1525 2567 erit
1545 2551 1561 2567 a
1581 2543 1624 2567 fid.
1646 2551 1712 2568 corr.
1728 2542 1759 2567 G.
1823 2542 1851 2574 k)
1874 2550 1953 2576 quam
1972 2551 2001 2571 45

309 2584 507 2615 distringendus
528 2585 591 2609 add.
608 2587 638 2608 (ι’.
659 2595 690 2609 ca*
709 2586 741 2609 P..-
755 2587 861 2611 -Anact
931 2588 951 2617 1)
971 2589 1065 2613 Anael.
1087 2584 1157 2625 papa
1178 2589 1247 2614 deese
1263 2589 1293 2613 G.
1363 2590 1399 2621 m)
1419 2589 1436 2612 ii
1458 2588 1489 2614 G.
1565 2590 1592 2619 n)
1616 2588 1742 2613 adversos
1763 2588 1788 2613 3.
1864 2588 1893 2621 ο)
1913 2592 1953 2614 ut—

310 2633 371 2661 pute
393 2630 423 2659 2;
444 2633 536 2661 utpote
558 2631 582 2654 ³.
659 2636 688 2662 pl
709 2641 739 2655 ‹11-
761 2633 931 2657 emicuissent
951 2643 1017 2659 sorr.
1039 2635 1064 2659 3.

418 2710 445 2743 1)
468 2709 527 2735 LI..
551 2713 570 2737 t.
595 2710 634 2745 ll,
655 2719 684 2744 1²·
703 2711 751 2737 44.
854 2712 882 2738 25
909 2714 998 2747 Epist.
1021 2715 1121 2748 spuria
1144 2715 1184 2747 II,
1209 2724 1231 2740 c.
1250 2715 1285 2748 3;
1316 2702 1468 2740 H'inschfuo
1487 2724 1517 2748 p.
1535 2714 1605 2741 221.
1708 2713 1737 2748 3)
1760 2714 1852 2748 Epist.
1875 2722 1952 2748 spur.

310 2759 366 2792 III,
390 2769 414 2786 c.
429 2760 477 2786 38.
493 2760 549 2788 39.-
576 2761 726 2787 Ilr'11scl11'1ts
745 2771 774 2796 p.
790 2763 838 2789 35.
908 2765 936 2795 4)
959 2765 1050 2798 Epist.
1066 2775 1142 2798 spur.
1162 2766 1202 2798 ΙΙ,
1223 2775 1247 2792 c.
1261 2766 1310 2792 20.
1325 2766 1381 2799 21,-
1406 2766 1557 2792 Hinscln‘ue
1575 2774 1606 2799 p.
1623 2765 1671 2792 77.
1745 2765 1774 2800 5)
1793 2764 1869 2800 Opus
1890 2773 1953 2799 spu-

308 2811 390 2843 rium,
414 2811 486 2845 quod
502 2811 605 2837 dicitnr
623 2812 802 2839 Consn‘lutwn
821 2815 951 2841 Nih-ostri
974 2825 996 2842 c.
1015 2816 1068 2844 20.-
1093 2817 1163 2842 idem
1183 2817 1323 2852 alleyatur
1339 2826 1355 2843 α
1372 2817 1524 2843 ΒειἸΙιοὶιίο
1540 2826 1567 2844 α.
1587 2816 1665 2843 1076
1689 2816 1757 2849 (SS.
1774 2816 1804 2849 V,
1823 2825 1855 2850 p.
1869 2815 1952 2850 282).
1971 2822 1999 2842 ⁵⁰
