2132 3067
335 132 521 159 EPISTOLA
543 133 597 159 AD
621 132 811 160 HUGONEM
837 133 1175 161 ARCHIEPISCOPUM
1197 133 1495 162 LUGDUNENSEM.
1675 131 1735 162 641

97 222 281 262 accepisset,
303 222 410 252 sacris
434 222 615 253 canonibus
637 222 829 264 reliyionive
853 222 990 262 officere.
1035 223 1232 254 Pei-mitteret
1255 224 1370 264 igitur,
1400 228 1435 254 ut
1464 224 1515 255 vir
1534 223 1736 265 praeclarus

96 275 131 304 in
153 273 225 303 sede
245 283 307 303 sua
329 273 621 304 inthronizaretur.
655 273 795 315 Huyone
819 285 892 304 vero
916 275 950 304 in
974 274 1189 305 obstinatione
1212 285 1272 305 sua
1288 281 1513 315 perseverante
1530 275 1586 306 Ivo
1605 275 1736 306 Urbano

98 325 161 366 ipsi
190 323 291 364 leyati
320 324 483 354 iniuriam
512 326 695 364 emposuit1.
740 325 861 356 Eodem
885 337 956 356 vero
987 330 1126 366 tempore
1150 326 1382 367 Luyclunensis
1410 327 1549 358 libellum
1573 327 1683 358 lvonis
1706 327 1737 357 ei

97 374 188 406 valde
204 375 427 416 displicentem
440 375 593 416 pontifici
608 376 757 406 Romano
776 377 910 407 miserat
920 382 942 414 ²,
966 379 1023 417 qui
1046 382 1139 408 tanta
1163 379 1215 408 ira
1242 378 1275 408 in
1299 379 1488 419 episcopum
1508 378 1735 411 Carnotensem

64 443 77 462 5
93 426 260 468 confestim
277 425 477 467 efferebatur,
499 431 534 457 ut
557 427 609 458 hic
631 427 778 468 longiore
802 427 960 468 epistola3
978 440 1010 459 se
1022 439 1182 470 purgare,
1206 430 1286 469 quin
1304 431 1397 460 immo
1413 441 1522 470 papae
1542 431 1736 472 dignitatem

93 478 318 520 ,dero-qaudam
334 476 446 518 offerre
462 482 594 508 coactus
618 484 705 509 esset.
743 477 870 514 Quibus
892 480 1113 510 simultatibus
1132 481 1223 511 multi
1240 482 1324 511 anni
1340 481 1552 514 ducebantur.
1587 482 1736 523 Denique

97 529 314 570 Daimbertus,
344 540 416 560 cum
441 529 579 570 Huyoni
601 534 728 560 mortuo
751 529 971 561 Ioscerannus
996 531 1264 572 archiepiscopus
1287 534 1498 572 successisset,
1521 533 1649 564 Ivonem
1673 544 1735 564 sua

97 581 255 613 voluntate
271 580 438 622 epistolam
454 580 545 611 illam
561 581 732 622 scripsisse
748 585 905 622 neyuns⁴‚
926 582 1083 622 primatis
1101 585 1246 623 yratiam
1263 583 1326 614 sibi
1342 584 1555 615 reconciliare
1577 585 1704 615 studuit
1713 589 1736 614 ⁵.

96 633 191 664 Anno
221 633 306 663 enim
338 633 429 663 1111.
452 632 589 664 Romam
617 632 826 673 proficiscens
854 633 1083 674 praesentibus
1111 634 1230 675 legatis
1259 635 1535 676 Lugdunensibus
1568 637 1604 667 in
1636 647 1736 667 manu

47 699 73 719 ιο
99 683 225 716 Urbani
252 685 362 725 ipsius
388 685 527 725 primati
551 683 767 715 obedientiam
791 689 818 715 et
840 685 1066 716 subiectionem
1086 687 1267 726 promisitss.
1312 686 1368 717 Ιυο
1393 691 1497 717 autem
1521 687 1620 718 huius
1641 689 1736 728 pacis

90 736 261 777 particeps
291 747 356 766 non
375 736 516 776 factus⁷
541 735 646 776 paulo
674 740 747 776 post
777 737 895 766 iterum
926 736 1157 777 Luydunensis
1193 738 1433 779 archiepiscopi
1463 739 1736 779 postulationibus

93 787 289 818 vehementer
311 788 438 819 restitit.

197 847 382 889 Epistolam
399 848 511 879 Ivonis
536 848 581 878 ad
595 847 767 889 Huyonem
792 848 900 878 datam
926 849 1011 879 inter
1033 848 1152 880 libellos
1175 855 1302 880 nostros
1325 851 1398 880 iure
1421 851 1645 891 recipiendam
1669 862 1735 882 non

91 900 184 931 modo
208 910 292 941 quae
321 911 361 931 ea
383 900 600 939 continentur,
626 919 663 922 —
688 911 765 930 nam
795 899 833 930 de
860 900 1057 931 ¹investitura
1080 901 1168 941 reyis
1191 903 1318 942 eymyie
1343 903 1475 942 ayiturs
1501 921 1538 925 —
1562 903 1618 933 sed
1641 904 1733 934 ctiam

45 966 72 986 15
90 951 242 992 publicae
265 962 349 993 quae
378 951 456 982 inde
475 952 713 992 proveniebant
739 953 959 982 contentiones
983 953 1096 993 optime
1115 952 1269 993 probant.
1319 951 1388 988 Quo
1411 954 1505 984 etiam
1519 954 1651 994 factum
1681 959 1735 993 est,

91 1007 126 1034 ut
147 1014 214 1034 non
237 1003 330 1034 modo
352 1004 439 1034 inter
461 1008 582 1034 ceteras
599 1003 708 1034 Ivonis
724 1003 879 1044 epistolas
896 1009 1132 1043 asservaretur,
1155 1005 1211 1035 sed
1233 1005 1331 1035 etiam
1354 1005 1440 1035 inter
1457 1004 1525 1035 alia
1543 1006 1735 1037 documenta

92 1055 136 1086 ad
157 1054 244 1086 litem
265 1055 362 1096 regni
384 1059 412 1085 et
435 1055 613 1085 sacerdotii
631 1055 831 1094 pertinentia
854 1056 1034 1096 separatim
1058 1057 1193 1097 saepius
1215 1056 1515 1087 transscriberetur.

196 1115 250 1146 Ad
272 1120 393 1147 temtum
416 1116 516 1146 huius
539 1115 694 1157 epistolae
715 1115 950 1146 restituendum
974 1115 1009 1146 hi
1032 1116 1156 1146 codices
1179 1116 1271 1147 nobis
1292 1121 1425 1157 praesto
1440 1117 1560 1157 fuere:

198 1168 232 1206 1)
255 1167 554 1198 Berolinensis
577 1167 671 1208 (olim
689 1167 1001 1206 Mediomonmnus)‚
1024 1167 1222 1208 Phillipicus
1242 1168 1331 1208 1694,
1354 1180 1437 1199 saec.
1454 1169 1528 1208 XII,
1553 1169 1641 1209 mbr„
1655 1169 1688 1210 f
1705 1170 1733 1202 8.

44 1233 71 1252 20
91 1218 165 1259 Ipse
188 1217 320 1250 contuli.

195 1271 232 1310 2)
263 1270 528 1302 Treverensis
551 1271 612 1312 (cf.
636 1271 760 1302 Archiv
783 1270 839 1311 XI,
860 1282 896 1312 p.
912 1270 1004 1309 492),
1027 1281 1119 1311 quem
1142 1281 1181 1302 ecc
1204 1271 1342 1302 editione
1366 1271 1486 1302 Flos-sii
1509 1272 1601 1312 (‘Die
1618 1273 1733 1313 Papst-

90 1321 175 1353 wahl
198 1327 294 1353 unter
316 1323 379 1354 den
400 1322 555 1362 Ottonen¹,
579 1334 658 1363 app.
679 1333 714 1364 p.
733 1322 917 1361 167—174)
940 1323 973 1352 in
1000 1333 1080 1352 usus
1103 1327 1229 1354 nostros
1252 1324 1416 1354 vertimus.

196 1373 233 1413 3)
257 1374 555 1406 Bruaeettensis
579 1385 631 1405 nr.
647 1373 859 1405 5516—5604
874 1374 934 1414 (cf.
947 1374 1091 1404 ‘Archiv'
1108 1374 1192 1413 VIII,
1214 1385 1248 1414 p.
1265 1374 1356 1414 498),
1379 1375 1466 1414 mbr„
1483 1387 1563 1406 saec.
1580 1376 1653 1415 XII,
1678 1377 1734 1407 ubi

88 1426 136 1456 ita
158 1425 371 1458 inscribitur:
401 1425 550 1468 Epistola
572 1425 679 1456 Ivonis
703 1425 915 1456 Karnotensis
946 1426 1092 1467 episcopi
1121 1425 1161 1456 ad
1194 1425 1364 1466 Hugonem
1392 1426 1649 1467 Lugdunensem.
1695 1428 1733 1458 In

43 1491 70 1511 25
90 1477 141 1509 his
162 1478 267 1508 tribus
290 1478 456 1509 codicibus
479 1482 623 1509 eoetrema
642 1489 729 1519 pars
744 1477 822 1509 inde
839 1489 858 1507 α
876 1477 992 1507 verbis:
1016 1477 1067 1508 De
1084 1482 1220 1512 caetero,
1245 1489 1329 1519 quae
1352 1479 1396 1508 ad
1418 1478 1503 1509 litem
1521 1480 1735 1510 investiturae

90 1529 220 1560 minime
245 1530 403 1570 pertinet,
433 1530 553 1560 omissa
584 1535 639 1560 est.
687 1529 786 1561 Codd.
811 1529 839 1559 2.
865 1533 891 1560 et
914 1529 944 1560 3.
972 1529 1142 1569 epistolam
1172 1529 1290 1570 absque
1318 1531 1430 1560 ceteris
1453 1530 1565 1561 Ivonis
1591 1531 1735 1572 epistolis

89 1580 288 1622 descriptam
308 1581 476 1623 praebent.
523 1581 667 1613 Contulit
689 1593 717 1612 v.
741 1580 780 1612 ct.
805 1581 842 1611 Ε.
861 1580 1076 1612 Οιιυενῐεαιιω.

193 1632 231 1672 4)
261 1632 505 1673 Parisinus,
535 1633 620 1664 Bibl.
645 1637 712 1666 nat.
736 1633 792 1663 lat.
825 1644 875 1663 nr.
899 1632 980 1664 2887
994 1632 1034 1672 A,
1065 1632 1154 1672 mbr„
1186 1643 1269 1663 saec.
1294 1633 1369 1673 XII,
1390 1632 1423 1673 f
1447 1633 1498 1674 31,
1529 1645 1619 1676 quem
1643 1645 1671 1664 v.
1695 1634 1732 1665 cl.

90 1684 128 1715 A.
151 1683 307 1716 Molinier
328 1684 473 1716 contulit.

42 1748 70 1768 ³0
193 1735 230 1776 5)
259 1736 529 1768 Monacensis
557 1748 608 1767 nr.
636 1736 747 1774 14408,
775 1736 864 1774 mbr.,
896 1747 978 1767 saec.
1002 1736 1077 1776 XII,
1100 1736 1132 1776 f.
1155 1736 1205 1767 32.
1254 1736 1328 1776 Ipse
1359 1736 1490 1766 contuli.
1544 1736 1597 1766 Em
1625 1737 1730 1767 eodem

89 1787 270 1829 ewemplari
292 1799 355 1829 quo
378 1789 437 1819 iste
459 1788 644 1829 descriptus
667 1793 731 1819 est.-

189 1839 226 1879 6)
250 1839 512 1871 Monacensis
535 1851 585 1870 nr.
602 1839 717 1879 23606,
739 1839 829 1877 mbr„
854 1851 937 1872 saec,
954 1839 1028 1879 XII,
1043 1838 1075 1879 f.
1093 1839 1143 1869 39.
1182 1839 1256 1880 Ipse
1279 1839 1411 1869 contuli.
1457 1838 1632 1879 Sequentes
1656 1850 1730 1880 quo-

90 1903 149 1933 que
172 1891 237 1922 duo
261 1892 387 1922 codices
410 1903 482 1922 cum
507 1891 557 1922 his
575 1893 749 1933 postremis
774 1893 880 1922 artius
904 1891 1085 1929 cohaerent,
1109 1890 1228 1921 scilicet

195 1943 232 1982 7)
256 1942 438 1974 Sanctae
457 1942 601 1975 Crucis
625 1955 675 1974 nr.
695 1943 765 1983 188,
788 1943 878 1983 mbr„
901 1954 983 1973 saec.
1001 1942 1075 1972 XII.
1094 1942 1186 1981 XIII,
1211 1953 1271 1982 quo
1288 1953 1327 1972 ecc
1344 1946 1443 1972 vetere
1459 1941 1630 1972 collatione
1646 1943 1731 1973 inter

43 2007 70 2027 35
88 1995 260 2026 schedulas
283 1999 414 2026 nostras
436 1996 569 2026 inventa
594 2006 672 2026 usus
694 2007 765 2026 sum
789 1995 849 2034 (cf.
874 1993 1015 2025 ‘Archiv'
1038 1994 1086 2033 Vl,
1108 2005 1141 2034 p.
1161 1994 1238 2031 184;
1263 1993 1300 2033 X,
1319 2005 1354 2034 p.
1376 1992 1466 2032 597).

193 2046 230 2086 8)
255 2047 527 2078 Monacensis
551 2059 600 2078 nr.
617 2047 732 2087 22291,
755 2047 845 2085 mbr„
869 2058 950 2076 saec.
968 2045 1043 2085 XII,
1058 2046 1091 2085 f.
1109 2046 1159 2075 32.
1205 2045 1279 2085 Ipse
1302 2044 1434 2078 contuli,

193 2097 230 2137 9)
255 2098 484 2130 Parisinus
507 2110 558 2130 nr.
575 2099 669 2137 4221,
693 2099 783 2138 mbr.,
807 2109 889 2128 saec.
907 2097 980 2135 XII,
996 2097 1027 2138 f.
1046 2097 1116 2127 111.
1164 2096 1305 2128 Contulit
1331 2108 1356 2126 υ.
1381 2096 1418 2126 cl.
1443 2097 1482 2127 A.
1507 2097 1671 2127 Molinier.

174 2151 229 2190 10)
253 2150 550 2182 Berolinensis
573 2149 629 2181 lat.
653 2150 743 2181 theol.
771 2149 798 2186 Q
824 2161 874 2181 nr.
893 2150 963 2188 119,
988 2149 1077 2187 mbr.,
1101 2159 1185 2179 suec.
1205 2147 1281 2187 XII,
1295 2148 1328 2189 f.
1349 2148 1416 2178 119.
1457 2147 1531 2188 Ipse
1555 2147 1686 2179 contuli.

195 2284 222 2318 1)
245 2285 340 2310 Iuonis
364 2285 442 2318 epist.
461 2285 509 2317 65,
536 2283 607 2318 Opp.
624 2285 665 2316 II,
685 2293 717 2318 p.
735 2285 784 2311 31.
852 2284 881 2318 2)
905 2283 996 2317 Epist.
1016 2282 1062 2314 67,
1091 2282 1162 2316 Opp.
1182 2282 1220 2313 II,
1243 2291 1272 2316 p.
1292 2282 1347 2315 33‚·
1371 2281 1496 2313 Guffricli
1518 2282 1632 2309 Vindoc.
1649 2283 1728 2316 epist.

40 2345 68 2364 40
87 2337 128 2369 II,
150 2336 185 2362 18
209 2335 297 2370 (Opp.
315 2336 357 2362 ed.
375 2336 508 2362 ,Sir-monti
523 2336 581 2368 III,
605 2337 655 2362 col.
675 2335 767 2369 699),·
791 2337 824 2362 de
847 2339 977 2369 tempore,
1001 2343 1054 2368 quo
1078 2335 1145 2359 haec
1167 2333 1285 2367 epistola
1308 2334 1377 2358 (lata
1400 2333 1444 2365 sit,
1469 2332 1506 2365 cf.
1524 2343 1595 2367 quae
1614 2335 1731 2368 exposui

89 2389 136 2415 ‘N.
152 2387 248 2414 Arch.’
272 2387 389 2413 XVIII.
458 2386 488 2422 3)
512 2387 603 2422 Epist.
622 2388 670 2415 67.
687 2388 705 2414 l.
723 2388 742 2414 I.
809 2387 838 2421 4)
864 2387 988 2419 (loffridi
1009 2385 1122 2412 Vindoc.
1140 2385 1218 2419 epist.
1243 2385 1260 2410 I.
1279 2384 1297 2410 I.
1365 2385 1394 2417 ὖ)
1420 2384 1463 2417 Cf.
1479 2385 1559 2418 Jaffc'
1573 2395 1616 2412 nr.
1635 2386 1727 2412 5675.

89 2439 118 2474 6)
141 2428 232 2472 Goffr.
248 2439 328 2468 Vina,
345 2439 424 2472 epist.
442 2439 482 2471 II,
502 2439 538 2464 18
562 2440 581 2466 l.
598 2439 616 2465 l.
685 2439 712 2471 7)
737 2439 862 2471 Goffritlz'
877 2438 956 2472 epist.
980 2438 998 2464 l.
1016 2438 1034 2463 Ι.
1101 2437 1130 2468 S)
1156 2436 1199 2469 Cf.
1216 2436 1353 2470 Siyebert.
1371 2436 1477 2462 Gembl.
1495 2438 1528 2462 (te
1542 2437 1644 2464 illustr.
1662 2438 1728 2464 eccl.

87 2491 218 2526 scriptor.
243 2500 265 2517 c.
285 2490 357 2516 168:
388 2490 437 2516 Ivo
463 2489 650 2516 Carnotensis
675 2490 829 2524 episcopus
854 2489 969 2523 scripsit
993 2488 1029 2514 ad
1052 2487 1205 2521 Hugoncm
1228 2487 1451 2522 Lugdunensem
1477 2488 1727 2523 archiepiscopum

147 2562 155 2569 .
184 2541 336 2576 epistolam
366 2551 424 2568 non
452 2541 571 2567 multum
600 2542 755 2576 prolixam,
786 2541 837 2567 sed
866 2540 985 2566 multum
1009 2539 1156 2565 canonicis
1181 2542 1208 2563 et
1232 2539 1383 2564 catholicis
1406 2539 1578 2565 testimoniis
1604 2540 1726 2566 auctori-

40 2601 68 2622 45
87 2596 190 2627 zatam,
212 2601 266 2628 pro
291 2593 410 2620 dissidio
434 2593 516 2628 regni
541 2596 569 2619 et
592 2593 748 2619 sacerdotii
773 2597 800 2617 ot
824 2602 875 2626 pro
900 2591 1043 2617 inusitatis
1069 2590 1210 2616 ecclesiae
1233 2590 1381 2617 Romanae
1406 2591 1544 2624 decretis3
1568 2592 1727 2625 Bernheim,

87 2645 160 2672 ‘Zur
182 2645 280 2672 Gesch.
310 2645 358 2670 des
387 2645 523 2671 Wormser
548 2644 736 2677 Concordats',
763 2645 915 2678 Gtittinyen
942 2643 1035 2675 1873,
1063 2652 1093 2676 p.
1116 2643 1150 2668 12
1172 2651 1230 2677 sq„⁴
1259 2644 1292 2669 A.
1315 2643 1421 2676 Sicbcr,
1445 2643 1579 2676 ‘Bisclzof
1598 2644 1647 2669 Ivo
1676 2652 1727 2669 von

89 2696 220 2724 chartres
249 2697 307 2723 und
334 2697 408 2724 scine
431 2697 558 2731 Stelluny
586 2705 616 2721 :u
645 2697 697 2722 den
726 2695 1002 2729 hirchenpotitischen
1025 2695 1138 2729 Fraqen
1166 2694 1257 2721 seiner
1279 2694 1366 2728 Zeit',
1399 2694 1519 2721 Dissert.
1547 2695 1726 2729 Hcsyiomont.,

91 2748 180 2782 1885,
201 2757 230 2782 p.
249 2748 286 2774 35
303 2757 361 2783 sqq.

160 2803 258 2828 Libelli
278 2803 310 2828 de
331 2804 384 2827 lite.
415 2803 449 2828 II.
1461 2800 1492 2824 81
