2132 3067
60 699 86 719 10

61 956 87 975 15

61 1214 88 1233 20

63 1473 89 1493 25

65 1733 77 1752 3
80 1734 92 1751 ί)

68 1991 94 2010 35

69 2250 96 2269 40

75 2567 102 2586 45
233 2560 259 2591 a)
281 2558 375 2584 volunt
395 2566 452 2582 cum
473 2558 481 2581 i
501 2556 678 2588 superscripto
703 2553 805 2579 exhibet
831 2562 867 2581 r:.‚·

447 2603 475 2628 in
497 2611 578 2635 mat-9.
601 2602 664 2626 ⁷11.⁶2
687 2601 745 2631 Qui.
856 2603 882 2629 c)
906 2597 995 2630 primo
1015 2596 1102 2626 video,
1130 2599 1157 2619 ut
1185 2593 1304 2622 videtum
1331 2592 1376 2617 secl
1398 2592 1490 2615 ultima
1512 2590 1598 2614 littera
1618 2589 1703 2614 deleta
1724 2592 1767 2612 est.

119 2606 284 2638 permittunt.

625 128 739 155 LIBER
762 127 813 154 DE
836 125 967 153 ANULO
991 125 1039 151 ET
1062 123 1224 151 BACULO.

442 220 510 251 Iam
535 219 574 250 de
599 218 750 249 misteriis
773 216 935 253 sileamus,
959 224 1021 244 non
1047 224 1085 244 ea
1108 224 1248 255 namque

527 271 683 310 Quaestio
707 278 833 299 summa
856 267 916 298 fuit
937 265 1066 296 mistica
1090 265 1259 298 discutere,

441 323 512 354 Non
536 328 642 353 tamen
667 319 807 351 absurde
830 328 941 349 sumus
966 319 997 348 in
1022 317 1080 347 hac
1105 323 1194 357 parte
1219 315 1334 346 morati

527 374 615 406 Dum
640 373 705 403 fere
730 373 792 402 iam
817 379 978 400 summum
1004 367 1190 410 quaerimus
1215 367 1365 397 officium.

405 435 413 440 '
443 426 486 458 At
508 436 593 457 nunc
617 424 657 455 ad
682 433 842 454 summum
867 422 1045 459 veniamus,
1070 419 1096 449 si
1121 424 1227 449 tamen
1252 418 1333 449 ultra

528 478 588 508 Est
609 473 732 517 aliquid
755 472 858 504 Paulo
881 471 1085 513 significante
1109 471 1197 501 satis.

387 555 398 564 .
444 529 536 567 Cum,
561 530 644 558 sicut
668 524 890 567 supradictum
914 528 972 562 est,
997 522 1148 563 designat
1172 526 1342 563 utrumque

368 692 420 715 480

367 950 419 973 485

369 1209 422 1232 490

369 1468 421 1491 495

373 1727 426 1750 500

378 1986 428 2008 505

377 2244 429 2267 510

397 2604 425 2635 b)

529 580 572 611 Et
595 578 654 610 sub
679 575 888 619 episcopii
912 574 1041 604 nomine
1066 573 1187 604 claudit
1210 579 1314 604 eum&

444 632 548 672 Quem
572 641 636 661 non
660 628 878 671 presbiterum
903 625 998 656 modo
1021 625 1158 656 dicimus
1183 630 1214 655 et
1237 624 1416 662 manifeste,

531 683 594 722 Qui
619 692 677 723 par
700 690 815 711 nomen
840 679 946 718 habet,
971 687 1029 719 par
1051 676 1149 708 habet
1172 676 1324 707 officium.

445 735 511 767 Sed
534 734 705 771 Dominus,
731 741 803 762 cum
828 729 1007 771 discipulos
1031 728 1138 768 elegit,
1162 728 1193 758 in
1219 738 1282 758 uno

527 785 639 817 Noluit
662 794 731 815 esse
754 782 867 823 gradu.
914 781 1041 812 Primus
1064 778 1235 821 apostolici

443 837 602 870 Culminis
627 835 705 867 ordo
730 839 828 877 patet,
853 840 925 874 post
948 832 1019 863 illos
1044 842 1119 862 vero
1143 836 1331 872 sequuntur,

529 889 619 928 Quos
642 892 766 929 septem
790 886 897 916 decies
922 883 1047 915 addidit
1069 889 1166 925 atque
1190 882 1271 913 duos

443 942 534 981 Quos
557 946 587 972 et
611 938 780 982 praemisit
804 938 907 978 binos,
931 946 1136 978 quocumque
1161 934 1269 965 venire

529 992 710 1034 Disposuit,
734 1000 871 1032 quorum
896 998 1013 1018 munus
1036 986 1154 1018 habere
1178 985 1310 1017 volunt⁸¹

446 1043 657 1083 Presbiteros‚
681 1048 715 1073 ut
738 1043 779 1073 sit
802 1047 833 1072 et
856 1041 901 1072 eis
924 1039 1078 1070 distantia
1102 1037 1260 1080 quaedam

533 1095 575 1126 Et
597 1106 661 1126 non
685 1093 786 1124 multa
808 1092 949 1135 quidem,
974 1091 1094 1133 quippe
1119 1089 1206 1131 quod
1230 1088 1282 1120 ille
1304 1087 1424 1129 gradus

445 1148 497 1180 Ad
523 1146 681 1190 quaedam
705 1144 854 1176 facienda
876 1143 972 1183 valet,
997 1152 1079 1184 quae
1102 1152 1166 1172 non
1191 1140 1287 1171 habet
1310 1141 1379 1170 iste.

531 1199 565 1231 Si
590 1210 640 1229 res
664 1197 845 1233 discutitur,
868 1196 974 1237 gratia
997 1193 1199 1235 deprimitur.

448 1253 485 1284 In
509 1250 718 1283 sacramentis
740 1247 862 1279 nullum
887 1258 958 1278 reor
982 1246 1082 1278 alcius
1107 1255 1188 1282 esse,

532 1304 637 1342 Quam
663 1301 783 1333 Christi
809 1310 925 1341 corpus
948 1309 989 1329 ex
1012 1297 1084 1329 aliis
1107 1296 1224 1333 facere,

447 1356 489 1387 Et
510 1355 577 1386 vini
601 1353 734 1385 calicem
757 1352 790 1383 in
813 1352 923 1382 vinum
949 1355 1073 1381 mutare
1098 1357 1255 1379 cruorem.

534 1406 610 1444 Sed,
634 1406 688 1447 qui
713 1404 873 1447 presbiter
896 1406 954 1441 est,
978 1401 1058 1432 haec
1082 1410 1211 1442 quoque
1236 1408 1359 1428 summa
1383 1402 1499 1438 potest7

447 1459 573 1491 crisma
597 1458 682 1496 facit,
705 1460 811 1487 sacrat
834 1454 996 1493 ecclesias,
1020 1451 1179 1494 impendit
1202 1450 1349 1481 honores.

533 1510 687 1541 Subicitis
710 1506 866 1549 gradibus
889 1505 984 1537 altior
1007 1505 1059 1536 ille
1082 1503 1213 1545 gradus.

449 1562 513 1594 Sed
538 1573 609 1593 eum
634 1559 850 1602 presbiterum
875 1556 1003 1599 praesul
1026 1560 1133 1587 sacrat
1155 1559 1250 1595 atque
1274 1551 1434 1594 perungit,

534 1612 710 1644 Presbiteri
734 1611 890 1642 assistunt
913 1614 945 1640 et
967 1608 1062 1639 simul
1087 1607 1166 1638 haec
1191 1605 1324 1644 faciunt,

448 1665 515 1697 Nec
538 1666 607 1696 sine
630 1662 810 1706 presbitero
833 1662 907 1692 licet
931 1659 975 1691 illi
999 1661 1116 1691 crisma
1141 1668 1270 1695 novare,

534 1717 606 1756 Quo
631 1717 700 1746 sine
724 1713 909 1757 pontificem
934 1723 998 1743 non
1022 1712 1108 1742 valet
1131 1709 1268 1741 efficere.

448 1769 543 1802 Unde
566 1773 665 1811 patet,
689 1767 766 1809 quia
789 1765 969 1808 presbitero
993 1761 1178 1794 communia
1202 1759 1284 1791 tollit

535 1820 691 1862 Quisquis
716 1819 745 1850 ei
770 1828 832 1848 non
857 1817 935 1847 haec
957 1825 1083 1846 summa
1106 1813 1202 1844 licere
1225 1812 1319 1853 sapit.

453 1872 571 1913 Quodb
595 1870 780 1913 pontificem
805 1879 868 1900 non
893 1867 1032 1905 ordinat,
1057 1865 1270 1896 ecclesiamve

535 1923 607 1955 Non
631 1927 747 1960 sacrat,
769 1925 824 1951 aut
848 1918 1007 1962 quaedam
1030 1917 1107 1948 talia
1131 1927 1194 1946 non
1218 1914 1354 1956 peragit,

453 1976 579 2008 Idcirco
603 1975 708 2005 visum
733 1977 782 2004 est
805 1972 884 2010 fieri,
908 1982 947 2001 ne
972 1968 1165 2011 pontificalis

537 2026 681 2057 Vilescat
704 2024 822 2066 passim
849 2021 1080 2064 multiplicatus
1105 2020 1214 2050 honor.

454 2080 538 2111 Hinc
562 2079 658 2110 etiam
684 2075 832 2108 baculum
857 2086 921 2105 non
945 2074 1075 2115 accipit,
1098 2070 1212 2103 anulus
1236 2074 1333 2111 atque

539 2130 610 2162 Non
635 2129 799 2160 confertur
821 2128 860 2166 ei,
884 2137 958 2158 cum
982 2135 1068 2156 nova
1091 2132 1210 2165 sponsa
1233 2121 1336 2152 datur.

453 2185 556 2216 Roma
578 2188 686 2213 tamen
710 2179 765 2211 dat
787 2178 975 2220 presbiteris
999 2177 1039 2208 de
1064 2175 1196 2206 cardine
1219 2183 1344 2204 summo

539 2234 611 2266 Hoc
633 2233 732 2264 decus
755 2231 788 2262 in
812 2231 939 2272 signum
963 2228 1014 2260 vel
1037 2226 1175 2270 speciale
1199 2226 1329 2256 bonum.

456 2287 525 2319 Iam
550 2285 701 2328 quoniam
725 2283 802 2314 satis
826 2287 875 2314 est
897 2280 1001 2312 facilis
1025 2279 1187 2311 distinctio
1211 2278 1293 2315 visa,

541 2337 584 2368 Et
606 2346 777 2368 commune
801 2334 922 2366 bonum
947 2333 1009 2363 iam
1033 2336 1123 2373 patet
1146 2329 1345 2371 expositum:

457 2389 585 2422 Crisma
608 2389 717 2428 vide⁰⁷
742 2397 805 2429 quo
830 2385 1001 2428 presbiteri
1025 2383 1064 2415 de
1089 2392 1176 2413 more
1200 2384 1377 2418 sacrantur,

543 2439 639 2480 Quod
664 2439 827 2481 baptisma
850 2437 927 2468 facit
949 2441 981 2467 et
1004 2434 1088 2466 mala
1111 2438 1220 2464 nostra
1243 2432 1330 2471 lavit,

124 2652 248 2677 Fortasse
268 2651 343 2676 vides
363 2649 512 2683 Zeqerzdum,
533 2653 560 2672 ut
582 2648 607 2672 in
629 2656 652 2672 υ.
669 2647 731 2671 519.

235 2754 260 2786 l)
284 2753 330 2779 De
352 2752 519 2787 quaestione,
545 2754 635 2776 utrum
659 2749 834 2783 episcopatus
853 2746 989 2781 proprius
1013 2745 1079 2770 ordo
1103 2744 1137 2769 sic
1160 2752 1252 2775 necne,
1276 2742 1338 2768 vide
1362 2740 1524 2771 Hinschffl,
1548 2735 1769 2763 ‘Kz'rckenreem'

125 2806 148 2839 Ι,
169 2815 199 2840 p.
217 2806 245 2832 5.

1690 117 1752 147 519

899 2551 944 2576 scd
971 2558 1052 2582 neque
1075 2552 1237 2581 pentameter
1261 2554 1344 2578 neque
1368 2553 1469 2573 sensns,
1498 2548 1524 2567 ut
1550 2543 1632 2567 voluit
1658 2543 1768 2574 levatur,

1778 584 1822 603 Tit.
1836 586 1852 602 1.
1866 585 1883 601 Ῑ.

1779 636 1791 654 s.
1802 636 1829 654 8¹.

1780 891 1825 909 Lm>
1848 892 1879 913 lo,
1892 892 1908 908 ι,
