2132 3067
375 144 436 175 568
734 144 898 171 BENONIS
923 142 1177 175 ALIORUMQUE
1200 141 1471 170 CARDINALIUM
1494 141 1663 170 SCR1PTA.

375 236 567 266 montissime
592 234 825 265 invehebantur
844 234 910 273 (nr.
931 232 976 271 V).
1018 231 1115 264 Circa
1134 232 1216 263 idem
1232 237 1374 274 tempus¹
1398 231 1531 263 Urbano
1547 233 1613 262 iam
1625 243 1721 274 papa
1738 237 1846 264 creato
1863 231 2021 274 epistolas

374 292 537 328 soquentes
561 285 739 326 confecisse
766 283 942 326 putandus
971 288 1025 314 est.
1077 283 1205 314 Deinde
1229 284 1258 314 si
1281 283 1443 314 addidero
1467 287 1592 314 eaestare
1616 282 1784 324 epistolam
1807 287 1876 323 (nr.
1893 283 1957 323 IX)
1980 283 2020 314 ab

375 338 513 379 lluyone
546 336 718 368 cardinale
752 335 796 366 ad
828 335 991 366 Benonem
1021 336 1170 374 missam,
1202 335 1304 376 plura
1337 345 1404 365 non
1440 334 1555 373 habeo,
1588 345 1673 375 quae
1703 334 1742 365 de
1771 346 1808 366 eo
1837 335 2020 376 proferam.

373 388 544 429 Epistolae
575 390 675 429 ipsae,
705 388 765 418 etsi
794 385 955 417 nonnulla
986 387 1070 416 scitu
1101 386 1207 427 diyna
1237 387 1412 426 continent,
1443 391 1566 427 quanto
1591 384 1748 428 Greqorii
1771 386 1857 425 odio,
1887 387 2021 428 quantis

374 451 533 481 quamque
557 438 714 469 inanibus
738 438 895 469 conviciis
920 437 1059 478 refertae
1081 438 1159 477 sint,
1182 439 1263 468 satis
1285 442 1396 468 notum
1420 442 1484 475 est;
1513 449 1570 468 nec
1593 437 1783 468 mirandum
1805 437 1971 469 Benonem
1992 442 2021 468 et

373 502 516 521 summas
545 490 620 520 Orth
629 491 718 530 icini,
741 488 1004 520 Illelanchthonis
1015 493 1037 528 ²,
1061 487 1212 520 Goldasti
1233 488 1348 520 laudes
1364 493 1391 519 et
1407 489 1586 519 maximam
1604 488 1837 520 catholicorum
1853 490 2020 531 vitupera·

372 545 489 573 tionem
514 543 704 573 incurrisse.
750 541 790 572 Id
813 545 895 572 certe
919 540 998 571 haec
1021 541 1174 581 epistolae
1196 541 1378 580 ostendunt,
1402 545 1602 582 quantopere
1617 540 1812 571 diuturnum
1830 539 1915 572 illud
1936 542 2023 572 inter

373 605 510 635 reynum
534 598 561 624 et
585 593 802 624 sacerdotium
827 597 987 623 certamen
1013 593 1143 622 animos
1164 593 1364 633 perverterit.
1409 591 1523 634 Neque
1552 593 1636 623 enim
1666 596 1779 623 auctor
1801 593 1884 623 satis
1907 592 2022 624 habuit

374 646 570 687 Greqorium
593 645 806 683 calumniari,
834 644 890 674 sed
912 644 1009 674 etiam
1032 654 1114 684 quae
1138 644 1175 674 de
1200 643 1457 674 antecessoribus
1481 644 1551 674 eius
1574 643 1693 674 malam
1717 644 1752 674 in
1774 648 1903 684 partem
1926 643 2023 686 vulgo

374 696 605 727 narrabantur
633 696 730 727 avide
758 695 887 733 retulit,·
920 696 965 725 ita
997 700 1032 725 ut
1053 695 1275 726 demonstrare
1298 700 1475 726 conaretur
1499 694 1648 726 Gerberti
1670 696 1791 726 artium
1815 696 2022 737 magicarum

372 748 582 779 hereditatem
606 747 870 778 Hildebrandum
894 746 1026 778 adiisse.

485 799 596 830 Tertia
626 799 762 840 epistola
789 800 944 840 anonymi
972 803 1016 829 est
1047 799 1201 838 auctoris,
1232 799 1288 829 sed
1315 810 1411 840 quant
1437 810 1509 829 cum
1534 797 1744 829 Schnitzero³
1766 798 1867 829 eidem
1893 797 2024 829 Benom'

372 851 612 893 assi-quandam
637 861 704 881 esse
725 851 921 891 putaverim.
968 850 1101 881 Constat
1116 850 1220 881 tribus
1239 850 1405 891 partibus,
1429 861 1570 892 quarum
1583 850 1697 890 prima
1714 853 1758 887 (c.
1778 849 1875 888 1—6)
1898 853 2021 880 statuta

372 904 408 933 in
439 902 579 933 concilio
614 902 764 933 Romano
799 914 829 932 a.
867 901 956 932 1078.
987 901 1214 942 promulgata,
1247 902 1391 932 secunda
1425 904 1468 942 (c.
1493 901 1629 941 7—13)
1666 900 1822 943 Gregorii
1853 899 2023 943 epistolam

373 965 402 984 a.
430 953 520 984 1076.
545 953 590 984 ad
613 953 856 984 Herimannum
879 953 1064 984 Mettensem
1088 954 1230 993 missam,
1259 954 1356 984 tertia
1379 956 1423 993 (c.
1451 952 1605 991 14—17)
1635 952 1780 984 eiusdem
1811 952 1856 983 ad
1885 952 2022 984 eundem

373 1006 458 1036 anni
488 1004 579 1036 1081.
611 1004 782 1046 epistolam
812 1006 997 1046 impugynat.
1045 1003 1078 1036 C.
1108 1005 1156 1035 14.
1187 1005 1284 1035 etiam
1314 1004 1442 1036 Urbani
1466 1004 1511 1044 II,
1543 1003 1691 1035 Anselmi
1721 1003 1888 1042 Lucensis,
1918 1003 2022 1035 Deus-

372 1056 462 1088 dedit
485 1056 669 1088 cardinalis
693 1056 821 1088 decreta
845 1055 946 1087 obiter
969 1057 1192 1097 attinguntur.

481 1106 621 1146 Quarta,
645 1119 747 1148 nona,
772 1107 898 1138 decima
916 1107 1055 1149 Huyoni
1078 1107 1210 1138 cuidam
1233 1107 1404 1139 cardinali
1427 1107 1566 1139 diacono
1582 1107 1820 1138 adscribendae
1843 1111 1930 1147 sunt,
1953 1117 2023 1148 sep-

370 1161 450 1190 tima
481 1159 526 1189 ad
557 1159 693 1190 eundem
724 1160 826 1190 missa
852 1170 918 1190 esse
946 1159 1083 1190 videtur.
1128 1159 1206 1190 Fuit
1237 1160 1263 1190 is
1294 1159 1382 1190 homo
1413 1159 1633 1190 inconstantis
1663 1170 1745 1190 sane
1774 1159 1881 1190 animi
1910 1162 1938 1190 et
1968 1160 2025 1200 qui

371 1212 485 1242 varias
513 1216 666 1251 eaepertus
694 1212 737 1242 sit
758 1211 931 1252 fortunas.
976 1211 1061 1241 Nam
1090 1212 1199 1252 primo
1231 1211 1361 1252 quidem
1391 1211 1430 1242 ab
1459 1210 1589 1242 Urbani
1615 1215 1714 1252 parte
1741 1211 1836 1250 stetit,
1868 1221 1930 1251 pro
1959 1220 2023 1253 qua

371 1262 475 1293 multa
498 1263 587 1294 mala
613 1274 752 1304 passum
783 1274 848 1293 esse
877 1263 948 1303 ipse
974 1267 1120 1301 testatur,
1155 1273 1193 1292 ac
1225 1262 1364 1293 concilio
1387 1261 1578 1293 Placentino
1611 1274 1642 1293 a.
1668 1262 1759 1294 1095.
1789 1262 2023 1304 subscripsit⁴,·

371 1319 437 1345 tum
459 1314 586 1345 tribus⁵
611 1315 712 1345 annis
730 1319 806 1355 post
828 1313 972 1345 eiusdem
995 1312 1129 1344 concilii
1151 1313 1355 1345 damnationi
1378 1315 1413 1344 in
1437 1313 1562 1356 synodo
1585 1313 1741 1345 Romana
1765 1325 1786 1344 a
1807 1313 2024 1345 schismaticis

373 1365 487 1396 habita
503 1366 669 1396 assensit⁵.
718 1364 789 1401 Quo
810 1370 949 1406 tempore
972 1377 1044 1396 cum
1061 1365 1258 1396 Mathildam
1283 1366 1479 1396 comitissam
1490 1370 1511 1405 ⁷,
1534 1376 1618 1407 quae
1641 1366 1671 1396 ei
1694 1365 1857 1407 quondam
1871 1364 2024 1406 favebat,

373 1416 413 1447 ab
435 1416 565 1448 Urbano
590 1416 738 1448 alienare
761 1421 930 1459 temptaret
940 1422 963 1456 ⁸,
985 1417 1097 1448 odium
1123 1421 1218 1459 atque
1240 1417 1452 1448 inimicitiam
1476 1418 1548 1448 eius
1570 1418 1641 1448 sine
1654 1417 1777 1459 fructu
1792 1417 1856 1448 sibi
1872 1416 2024 1457 adscivit,

373 1469 418 1499 ita
442 1473 476 1499 ut
505 1468 647 1499 Clemens
669 1479 763 1510 papa
786 1480 857 1500 eum
882 1469 940 1500 hac
965 1469 1004 1500 de
1026 1480 1061 1499 re
1077 1468 1330 1500 consolaretur-⁹.
1377 1468 1521 1501 Ceterum
1541 1469 1664 1508 dubito,
1689 1481 1734 1500 an
1751 1469 1803 1500 hic
1818 1468 1917 1511 Huqo
1939 1468 2022 1500 idem

372 1522 415 1551 sit
439 1532 477 1550 ac
501 1519 598 1560 Hugo
623 1519 675 1551 ille
698 1519 910 1559 orthodoxus,
934 1522 1028 1551 cuius
1052 1520 1257 1552 ll'attenbaclz
1285 1520 1315 1551 V.
1339 1520 1415 1553 Cl.¹⁰
1438 1525 1552 1552 contra
1570 1520 1804 1562 blane-quidum
1827 1520 1931 1552 edidit
1954 1531 2023 1551 ver-

372 1583 437 1603 sus.
483 1571 571 1602 Nam
595 1576 622 1602 et
645 1576 752 1602 noster
777 1583 840 1602 non
865 1573 956 1603 semel
981 1572 1128 1613 indulget
1157 1573 1191 1603 in
1216 1572 1341 1603 Liberii
1363 1577 1391 1603 et
1414 1572 1588 1604 Anastasii
1617 1572 1756 1604 secundi
1777 1583 1948 1613 paparum
1970 1571 2022 1603 de-

371 1624 534 1664 positione
559 1622 812 1664 appellandam,
835 1629 863 1654 et
886 1624 977 1666 apud
1001 1623 1091 1654 illum
1115 1624 1254 1666 leyitur:

670 1687 696 1706 υ.
720 1675 770 1706 50.
796 1674 960 1706 Liberium
985 1675 1140 1717 dampnat
1165 1675 1328 1706 Romanus
1353 1675 1512 1717 presbiter
1536 1685 1632 1714 unus3

797 1726 891 1758 Errat
914 1727 1118 1765 Anastasius,
1143 1726 1201 1757 sed
1225 1732 1257 1758 et
1280 1726 1331 1757 hic
1353 1738 1372 1757 a
1395 1727 1472 1758 sede
1496 1726 1622 1768 ligatur.

481 1776 574 1813 Quae
596 1779 743 1819 exempla
769 1779 804 1809 in
828 1779 890 1809 hac
913 1779 1041 1820 quidem
1065 1778 1275 1820 epistolarum
1303 1779 1386 1810 serie
1408 1780 1612 1820 saepissime,
1642 1779 1679 1809 in
1711 1776 1790 1809 aliis
1820 1788 1893 1809 vero
1923 1777 2025 1809 huius

372 1830 503 1871 qeneris
524 1829 642 1860 libellis
664 1832 780 1861 rarius
805 1831 1031 1861 inveniuntur.
1077 1830 1228 1872 Denique
1252 1830 1426 1872 Huqonem
1456 1835 1600 1862 nostrum
1631 1831 1731 1861 totius
1754 1829 1855 1861 huius
1877 1830 2025 1871 corporis

374 1886 537 1912 auctorem
556 1881 669 1922 fuisse
698 1892 804 1922 supra
834 1883 977 1919 conieci;
1008 1882 1065 1912 sed
1094 1883 1219 1913 conieci
1249 1887 1386 1913 tantum.
1441 1881 1577 1921 Quinta,
1606 1887 1709 1920 seaeta,
1741 1886 1855 1913 octava
1885 1880 2025 1923 epistola

370 1934 538 1973 pertinent
567 1933 612 1963 ad
639 1932 799 1974 synodum
828 1933 1109 1964 schismaticorum
1139 1945 1169 1964 a.
1198 1933 1286 1964 1098.
1311 1933 1434 1964 Romae
1465 1938 1711 1975 conyreyatam,
1740 1934 1776 1965 in
1806 1944 1872 1976 qua
1901 1937 2026 1964 statuta

373 1984 506 2015 concilii
530 1983 717 2015 Placentini
738 1986 857 2016 reiecta
881 1990 968 2016 sunt.
1013 1985 1118 2026 Atque
1141 1986 1258 2026 quinta
1283 1985 1413 2026 quidem
1437 1985 1566 2016 decreta
1589 1986 1696 2026 ipsius
1723 1985 1844 2027 synodi
1872 1985 2025 2016 continet.

375 2036 486 2076 Seaeta,
518 2037 613 2067 cuius
643 2037 776 2066 initium
807 2041 933 2067 tantum
958 2041 1073 2075 eaestat,
1107 2048 1127 2067 a
1159 2036 1307 2068 Romano
1331 2036 1512 2077 cardinale,
1546 2038 1604 2078 qni
1637 2042 1664 2068 et
1697 2038 1768 2078 ipse
1790 2036 1884 2068 iltius
1905 2035 2027 2079 synodi

370 2089 542 2128 particeps
557 2088 640 2127 fuit,
664 2088 800 2128 scripta,
827 2088 996 2130 generales
1021 2092 1133 2119 contra
1159 2088 1444 2120 Hildebrandinos
1467 2089 1693 2130 querimonias
1716 2089 1916 2120 continuisse
1938 2087 2024 2120 vide-

374 2145 437 2173 tur,
484 2139 523 2170 In
547 2144 661 2170 octava
685 2140 887 2171 schismatici
910 2140 955 2171 ad
977 2144 1101 2170 statuta
1123 2139 1252 2171 Urbani
1274 2140 1453 2181 refellenda
1469 2152 1624 2182 maqnam
1640 2141 1895 2172 testimoniorum
1918 2139 2024 2172 ortho-

484 2241 512 2274 1)
536 2243 707 2274 Quamquam
738 2241 838 2266 mirum
869 2241 980 2267 videtur
1002 2249 1062 2266 eum
1093 2241 1175 2266 etiam
1196 2244 1259 2275 post
1283 2241 1418 2275 Gregorii
1439 2245 1551 2268 mortem
1580 2242 1668 2269 tantis
1697 2241 1845 2269 calumniis
1866 2241 2025 2269 indul-sicae.

378 2294 392 2316 ἱ.)
430 2291 483 2321 Qui
506 2292 532 2316 in
557 2292 677 2317 editione
702 2291 832 2318 Chronica*
857 2291 1064 2326 Ursperqeusis,
1090 2293 1237 2326 .·1ryentor.
1262 2293 1351 2326 1537,
1376 2293 1449 2319 inter
1472 2303 1500 2320 a.
1522 2293 1610 2319 1079.
1635 2297 1660 2320 et
1686 2294 1776 2321 1080.
1798 2303 1853 2320 non
1873 2302 1968 2328 pauca
1992 2301 2026 2320 a

378 2343 500 2368 lxerwnis
529 2343 650 2375 epistolis
679 2343 862 2377 interposui&
893 2343 930 2375 cs.
955 2344 1096 2369 selmum·
1118 2344 1138 2370 I.
1162 2345 1181 2370 l-
1201 2354 1232 2378 p.
1252 2344 1300 2371 73.
1423 2345 1453 2379 3)
1476 2345 1509 2373 L.
1526 2345 1544 2371 I.
1566 2354 1597 2378 p.
1615 2345 1662 2372 90.
1714 2345 1803 2372 Verba
1825 2345 1967 2379 epistolae,
1995 2344 2024 2371 t'n

377 2394 475 2427 quibus
498 2396 528 2420 N.
549 2394 705 2427 praecipue
732 2394 846 2421 nititur.-
875 2394 949 2420 sicut
972 2394 1086 2429 plenius
1110 2394 1255 2421 invenitur
1279 2395 1307 2421 in
1331 2395 1416 2428 libro,
1449 2404 1534 2430 quem
1558 2396 1793 2431 transcripsimus
1816 2395 1852 2423 de
1875 2395 2024 2423 Romanae

378 2445 518 2470 ecolesm-
535 2445 641 2477 Gestis,
668 2446 796 2471 Franche
819 2455 835 2470 a
860 2446 1006 2472 collectore
1025 2447 1127 2480 postea
1144 2446 1256 2473 adiecta
1272 2456 1329 2473 esse
1345 2448 1480 2481 com'ecit;
1504 2448 1541 2481 cf.
1558 2458 1645 2483 supra
1660 2457 1691 2482 p.
1706 2448 1777 2481 366,
1793 2457 1821 2474 n.
1837 2448 1864 2474 1.
1931 2447 1962 2482 4)
1979 2446 2024 2481 Cs.

379 2496 477 2521 Mansi
500 2496 566 2526 XX,
590 2497 641 2522 col.
667 2498 736 2523 509.
857 2497 886 2530 5)
911 2497 954 2529 (js.
980 2498 1068 2531 ipsius
1093 2498 1176 2524 verba
1201 2508 1243 2525 nr.
1260 2498 1321 2524 11':
1352 2499 1387 2524 ad
1418 2507 1502 2534 quem
1527 2498 1700 2534 (Urbanum)
1722 2498 1917 2526 revocandum
1938 2497 2024 2525 trium

379 2555 516 2573 :uiuorum
542 2547 602 2572 dies
627 2552 654 2573 ot
678 2552 778 2574 noctes
805 2568 810 2574 .
837 2567 842 2574 .
869 2568 874 2573 .
900 2568 905 2573 .
931 2548 1037 2574 frustra
1061 2549 1236 2584 consumpsi.
1303 2550 1332 2583 6)
1358 2550 1402 2583 Cf.
1427 2560 1469 2577 nr.
1494 2551 1583 2585 VIII,·
1605 2560 1648 2577 nr.
1666 2550 1718 2578 IV.
1735 2551 1790 2578 IX.
1858 2550 1888 2585 7)
1909 2550 1964 2578 Nr.
1982 2550 2024 2577 X:

378 2607 435 2624 non
460 2598 608 2623 imon-inor
631 2598 742 2633 gratiae
767 2608 851 2633 qutun
876 2598 1047 2625 exhibuistis
1071 2600 1238 2635 paupertati
1261 2604 1388 2628 nostrae.
1469 2602 1498 2636 8)
1524 2602 1697 2636 Quamquam
1720 2602 1749 2628 in
1771 2602 1814 2628 lu'e
1834 2601 1935 2629 litteris
1958 2610 2023 2628 nan-

380 2650 455 2675 nuIIa
480 2650 640 2675 obscuriora
664 2650 766 2681 insunt,
791 2660 838 2676 eas
860 2654 949 2676 tamen
974 2651 1013 2676 ad
1039 2650 1190 2684 Urbanum,
1215 2661 1266 2678 nou
1292 2653 1330 2679 ad
1354 2653 1517 2680 I’aschalem
1541 2654 1582 2687 II,
1610 2657 1637 2680 ut
1660 2653 1831 2687 Sudendorf
1848 2656 1872 2679 ee
1895 2653 2025 2680 stancke

379 2702 488 2734 opinati
509 2706 581 2733 sunt,
607 2702 748 2734 pertinere
776 2711 835 2727 cum
860 2701 1019 2728 Scl1uit:cro
1048 2702 1090 2735 (p.
1108 2703 1157 2736 21,
1182 2713 1208 2730 n.
1226 2703 1260 2736 5)
1284 2713 1450 2738 persuasum
1478 2705 1575 2732 habco.
1617 2705 1651 2731 E.
1676 2705 1715 2732 Ι).
1823 2704 1854 2739 9)
1877 2705 1931 2732 NP.
1954 2704 2025 2738 ῩῙῘὶ

379 2752 416 2785 qf.
439 2751 533 2785 lasse,
558 2753 626 2786 lreq.
652 2761 693 2778 nr.
719 2753 809 2779 5:320.
834 2756 857 2778 et
881 2753 1023 2779 Schnit:er
1043 2763 1073 2787 p.
1097 2754 1146 2787 25,
1170 2764 1196 2782 n.
1218 2756 1242 2781 1.
1372 2757 1420 2790 10)
1441 2756 1556 2784 Manen.
1581 2757 1665 2783 S.-B.
1693 2756 1782 2791 1873,
1807 2765 1838 2791 p.
1862 2755 1931 2784 732.
1953 2755 2022 2783 733.

382 2804 462 2830 Nunc
485 2804 573 2830 denuo
596 2804 638 2831 ed.
664 2804 764 2829 Libelli
788 2804 811 2836 I,
831 2813 862 2839 p.
881 2804 958 2836 430;
984 2805 1020 2836 rs.
1046 2805 1187 2831 Sannitzer
1206 2815 1236 2839 p.
1255 2805 1303 2835 91,
1396 2807 1445 2841 11)
1468 2808 1521 2835 Nr.
1546 2807 1598 2834 [Γ.
1624 2808 1661 2834 X.

2042 707 2070 726 1⁰

2044 963 2072 983 15

2045 1223 2072 1243 2⁰

2044 1481 2072 1501 2⁶

2043 1739 2072 1759 8⁰

2043 2199 2114 2343 ..ι

2041 2533 2109 3067 1}
