2132 3067
45 685 72 705 10

45 943 72 963 15

46 1201 73 1221 20

46 1459 74 1480 25

47 1717 74 1737 ³0

47 1975 75 1995 ³5

47 2233 76 2254 40

48 2496 77 2515 45

52 2801 82 2822 5⁰

353 323 404 346 3T5

354 580 408 604 380

355 839 408 862 385

353 1097 406 1120 390

356 1356 408 1380 395

354 1614 408 1638 400

355 1873 409 1897 405

357 2132 410 2155 410

357 2390 410 2414 415

359 2648 412 2672 420

614 123 731 149 LIBER
753 123 804 150 DE
827 121 960 150 ANULO
985 121 1035 148 ET
1057 121 1220 149 BACULO.

434 235 1236 245 ················

515 263 597 294 Nam
623 264 683 294 nisi
708 269 824 294 cuncta
848 268 965 303 potest,
988 273 1047 293 nec
1071 262 1161 293 Deus
1186 273 1256 293 esse
1281 268 1395 304 potest.

430 315 518 356 Ergo
544 316 570 346 si
595 313 743 345 Christus
769 314 858 345 Deus
883 320 940 353 est,
966 314 1051 356 quod
1077 315 1131 356 qui
1155 320 1252 355 negat
1275 321 1369 353 errat.

515 366 644 398 Mentiri
669 365 755 397 nulla
777 365 960 397 conditione
984 372 1100 406 potest.

431 418 466 450 Si
490 429 552 448 non
577 418 742 458 mentitur,
766 423 797 449 et
821 418 914 459 panis
938 417 1132 455 vivificatur,

515 470 622 512 Atque
646 470 681 500 fit
703 469 755 500 ille
779 469 885 511 liquor
908 479 966 510 per
989 479 1081 499 sacra
1105 468 1206 499 verba
1230 479 1333 499 cruor.

431 520 466 552 Si
489 521 626 560 miraris,
650 520 749 551 habes
772 521 868 552 istum
893 520 992 551 lenire
1017 526 1199 561 stuporem:

519 572 553 604 Si
577 572 828 614 circumspicies,
853 577 974 613 quanta
997 576 1128 612 stupere
1152 571 1268 613 potes?

430 624 635 666 Baptismum
660 623 764 655 credis
790 635 850 666 per
872 633 989 665 aquam
1015 628 1147 664 peccata
1170 622 1288 662 lavare,

515 676 590 715 Dic,
613 686 703 716 rogo,
727 676 753 706 si
777 680 864 706 certa
887 675 1072 716 cognitione
1097 675 1196 716 capis,

429 727 494 760 Sed
518 739 584 759 rem
607 726 767 758 visibilem
790 738 884 758 nemo
908 733 1006 768 neget
1029 737 1099 757 esse
1124 725 1280 768 liquorem

516 779 557 811 Et
579 784 715 821 peccata
739 778 868 820 quidem
894 789 987 809 nemo
1011 778 1120 809 videre
1144 784 1259 818 potest.

433 831 554 863 Sordes
578 837 651 862 sunt
675 831 811 869 animae,
836 830 990 871 quoniam
1014 830 1164 870 contagio
1189 839 1289 870 prava

517 883 633 914 Cordis
656 883 696 913 ab
722 882 781 913 ede
805 882 903 922 venit,
928 880 1013 923 quod
1039 881 1121 912 bene
1146 879 1294 912 Christus
1317 881 1371 919 ait,

432 934 571 974 Quando
595 934 687 965 Iudei
711 934 750 965 de
774 938 901 975 patrum
926 933 1098 964 traditione

516 987 596 1018 Moti
619 985 787 1027 discipulis
811 995 991 1027 opposuere
1015 995 1130 1015 manus

430 1037 558 1077 Lotasb,
583 1044 618 1069 ut
642 1063 648 1069 .
674 1062 680 1069 .
707 1043 729 1068 .⁰
754 1048 809 1068 eos
833 1037 902 1067 sine
926 1035 1082 1078 religione
1107 1035 1282 1078 probarent

513 1090 581 1121 Nec
605 1100 719 1120 sanum
743 1099 867 1131 sapere,
891 1088 947 1130 qui
971 1087 1133 1119 docuisset
1157 1099 1204 1118 ea.

432 1141 520 1183 Ergo
544 1141 725 1183 baptismus
749 1141 875 1172 animae
900 1140 1050 1180 contagia
1073 1139 1223 1177 mundam

515 1193 588 1224 Non
612 1198 728 1232 tamen,
752 1197 787 1223 ut
810 1193 851 1222 sit
874 1202 978 1233 aquae
1002 1191 1088 1227 lotio,
1112 1191 1168 1222 sed
1192 1191 1277 1222 fidei.

431 1245 540 1287 Atque
564 1255 622 1286 per
645 1245 705 1275 hoc
728 1255 864 1285 pensare
887 1243 980 1275 decet
1004 1244 1106 1283 magis
1129 1244 1290 1279 interiora,

518 1296 569 1328 De
592 1297 799 1327 sacramentis
822 1307 896 1326 cum
921 1295 999 1325 mihi
1023 1294 1121 1326 verba
1144 1295 1235 1325 facis.

433 1348 468 1381 Si
492 1359 666 1390 pensamus
691 1358 807 1390 aquam
831 1346 882 1378 vel
906 1357 987 1388 quae
1012 1353 1086 1377 sunt
1109 1347 1280 1384 exteriora,

519 1399 639 1432 Sordes
664 1410 835 1441 corporeas
859 1398 978 1429 sufficit
1000 1398 1142 1429 abluere.

435 1452 500 1484 Sed
523 1451 601 1482 latet
622 1451 758 1482 interius
780 1451 829 1481 vis
853 1451 893 1481 de
917 1452 1033 1481 virtute
1058 1461 1208 1491 superna,

517 1503 608 1542 Quae
633 1503 659 1533 si
682 1502 842 1541 credatur,
865 1502 1019 1532 interiora
1043 1501 1137 1532 lavat.

434 1555 489 1587 Sic
511 1561 542 1586 et
566 1555 598 1585 in
622 1554 683 1585 hac
706 1554 816 1596 specie
841 1554 933 1595 panis
957 1554 1086 1595 vinique
1109 1553 1228 1583 fluento

516 1606 588 1637 Non
613 1606 699 1647 capit
721 1611 883 1647 aspectus,
908 1605 993 1647 quod
1017 1605 1094 1635 facit
1117 1603 1201 1635 alma
1225 1602 1319 1634 fides:

433 1658 495 1691 Res
519 1664 566 1689 est
589 1658 723 1689 interior
746 1657 927 1688 substantia
950 1657 1097 1698 corporis
1122 1662 1218 1697 atque

518 1710 693 1752 Sanguinis
716 1709 829 1750 ipsius,
853 1710 907 1751 qui
932 1708 1016 1739 mala
1040 1714 1147 1739 nostra
1173 1706 1254 1743 tulit,

434 1762 537 1801 Quem
562 1762 688 1804 peperit
711 1762 814 1802 virgo,
839 1761 894 1802 qui
919 1765 1054 1791 mortem
1080 1765 1181 1789 morte
1204 1758 1339 1799 fugavit,

519 1813 583 1852 Qui
606 1813 702 1854 fregit
727 1813 900 1851 baratrum,
924 1813 978 1853 qui
1002 1822 1136 1853 superos
1161 1810 1251 1841 adiit.

432 1865 496 1905 Qui
520 1876 593 1896 cum
619 1871 710 1906 patre
733 1864 806 1895 Deo
830 1865 913 1894 vivit
935 1875 993 1905 per
1017 1862 1124 1894 secula
1148 1872 1297 1902 regnans,

520 1917 625 1956 Quem
649 1917 717 1947 sine
740 1916 846 1947 lesura
869 1915 961 1957 plebs
984 1914 1067 1946 bibit
1090 1919 1121 1945 et
1145 1913 1296 1953 comedit,

435 1968 539 2008 Quem
565 1973 679 1999 tractat
701 1968 850 1999 manibus
874 1968 946 2008 ipso
971 1966 1105 1997 faciente
1129 1964 1290 2004 sacerdos,

485 2052 491 2058 ,
519 2019 611 2052 Sicut
633 2031 670 2050 eo
694 2020 805 2050 sordes
829 2019 945 2049 mentis
968 2024 1084 2059 agente
1108 2016 1204 2047 lavat,

434 2071 477 2103 Et
501 2073 573 2114 quis
597 2082 670 2102 eum
696 2070 867 2113 prohib-ere
891 2069 1022 2111 potest'?
1045 2069 1116 2111 quis
1141 2068 1249 2099 dicere
1273 2078 1337 2109 qua
1359 2068 1389 2098 vi

519 2125 586 2154 Aut
608 2134 670 2165 quo
695 2121 830 2154 consilio
855 2122 1009 2163 perficere
1032 2121 1093 2151 ista
1118 2118 1247 2161 potest?

435 2175 499 2215 Qui
523 2174 591 2205 vult
613 2174 694 2205 scire
718 2174 781 2205 Dei
805 2183 1026 2216 quaecumque
1050 2171 1249 2210 abscondita,
1274 2171 1374 2201 maior

520 2227 586 2258 Aut
609 2236 668 2268 par
690 2225 759 2256 vult
782 2226 860 2264 fieri,
885 2224 971 2266 quod
996 2225 1046 2254 via
1071 2223 1158 2254 nulla
1181 2224 1265 2254 sinit.

436 2278 507 2310 Non
530 2279 575 2310 ita
598 2278 740 2319 desipuit
762 2276 942 2308 animaliter
964 2274 1212 2314 architriclinus,

520 2330 603 2362 Cum
629 2329 737 2360 vinum
762 2328 877 2360 factam
901 2327 1013 2359 tollere
1037 2327 1130 2357 iussit
1153 2337 1280 2368 aquam.

435 2382 595 2424 Denique,
620 2382 675 2423 qui
699 2381 787 2412 novit
809 2380 893 2411 unde
917 2379 996 2411 haec
1020 2389 1105 2410 nova
1128 2379 1203 2408 vina
1227 2378 1381 2417 minister,

517 2433 590 2464 Non
613 2433 782 2474 inquisivit
806 2443 869 2473 qua
892 2432 1014 2462 ratione
1038 2431 1125 2462 facit.

434 2485 511 2526 Nos,
535 2485 613 2528 quia
636 2495 699 2515 non
723 2484 867 2526 sapimus
890 2493 996 2514 rerum
1022 2488 1153 2521 secreta,
1177 2487 1355 2523 stupemuS,

520 2536 563 2567 Et
585 2537 648 2567 iam
674 2547 769 2578 posse
791 2535 863 2566 Deo
887 2546 950 2565 non
974 2535 1035 2565 nisi
1058 2539 1168 2564 nostra
1190 2532 1315 2565 damus.

436 2588 501 2620 Sed
524 2589 627 2631 pietas
649 2587 744 2627 adsit,
768 2586 842 2617 fidei
865 2587 961 2617 timor
984 2586 1171 2623 associetur,

519 2640 652 2682 Iamque
677 2639 748 2670 Deo
772 2638 866 2669 liceat
889 2637 975 2679 quod
1000 2636 1115 2678 placet,
1140 2642 1173 2668 ut
1195 2636 1300 2667 faciat.

436 2692 547 2723 Verax
566 2696 628 2731 est,
651 2702 714 2722 non
737 2689 818 2721 fallit
839 2700 905 2729 eos,
929 2699 1008 2731 quos
1032 2688 1109 2720 dicit
1132 2699 1250 2728 amare,

209 2799 238 2829 a)
258 2798 408 2823 hexameter
428 2798 508 2823 deest.
585 2798 613 2827 b)
634 2798 721 2822 Motas
742 2806 763 2821 c.
840 2803 863 2819 c>
889 2794 992 2820 ‹xz-rhum
1013 2794 1083 2819 deest
1105 2798 1133 2818 ut
1153 2802 1210 2819 esse
1231 2794 1292 2818 illos
1307 2795 1425 2824 J'ursasoe
1445 2792 1581 2825 legendum
1603 2796 1647 2816 est,

1768 862 1787 875 -t
1806 857 1860 876 Mat:

1766 979 1794 997 «f.
1809 979 1887 999 Μειιιὲι.

1770 1009 1800 1027 ιὰ
1813 1010 1832 1027 2,
1845 1010 1855 1027 2

1767 2288 1787 2306 Χ»

1788 888 1866 910 15‚1:‘⁴.

1766 917 1827 935 Marc
1845 918 1863 935 T.
1873 918 1883 935 2

1788 2288 1806 2306 ιὶι
1825 2290 1862 2306 ΞΜ

1860 1012 1871 1027 ⁴)
