2132 3067
356 156 413 187 166
752 156 906 183 LIBELLI
929 155 1127 183 BERNALDI
1150 155 1387 182 PRESBYTERt
1409 155 1595 182 MONACHI.

351 259 408 278 suo
439 247 570 278 obedire
601 244 728 283 debeat,
758 245 785 276 si
816 245 967 276 iusserint
996 245 1035 284 ei,
1066 251 1101 276 ut
1131 254 1188 286 pro
1218 245 1498 275 excommunicato
1530 244 1645 275 missas
1673 244 1828 275 instituat.
1881 243 1946 276 Sed
1969 250 2000 275 et

353 300 465 330 beatus
490 297 669 338 Gregorius
693 307 778 338 papa
801 297 942 338 primus¹
970 296 1171 327 Honoratum
1197 295 1374 327 Salonitani
1399 296 1542 337 episcopi
1566 294 1838 334 archidiaconum,
1871 294 1929 326 sed
1958 296 1999 326 ab

351 351 503 391 episcopo
527 349 711 390 depositum
736 347 848 378 eodem
873 348 1048 389 episcop0⁸
1071 347 1199 378 nolente
1224 348 1254 377 in
1279 346 1383 378 locum
1407 357 1499 378 suum
1524 347 1673 387 restituit,
1703 346 1865 389 aliumque
1895 345 1998 378 eidem

352 400 537 432 Honoratob
561 400 624 430 iam
649 400 859 441 subrogatum
883 399 1043 441 deposuit,
1073 410 1110 430 eo
1142 399 1227 440 quod
1260 397 1312 429 ille
1343 409 1401 429 suo
1431 399 1584 440 proprioc
1607 399 1760 440 episcopo
1790 399 1821 429 in
1846 397 1901 429 tali
1925 397 1999 429 sub-

350 453 518 493 rogatione
549 457 660 482 contra
691 451 897 482 interdictum
929 450 1014 482 sedis
1044 450 1240 492 apostolicae
1276 449 1443 481 obedierit.
1498 449 1590 481 Idem
1621 460 1750 492 quoque
1784 448 2000 491 apostolicus²
2019 461 2032 480 ε»

351 505 494 535 scribens
519 503 653 534 Iohanni
678 501 920 534 Corinthiorum
945 503 1099 544 episcopo
1124 501 1270 541 Paulum,
1300 501 1496 540 Eufemium‚
1524 501 1692 541 Thomam,
1723 500 1914 533 Clematium
1939 500 2000 532 cle-

351 557 434 586 ricos
457 554 499 585 ab
524 554 636 585 ordine
660 554 820 596 deposuit,
843 565 881 585 co
904 553 989 596 quod
1015 555 1179 596 proprium
1204 563 1312 584 corum
1337 554 1525 595 episcopum
1542 563 1693 584 accusare
1710 564 1773 584 non
1791 552 2001 593 obedierintd,

351 617 487 649 quorum
511 612 618 637 tamen
637 605 771 636 Paulum
797 611 828 636 et
846 605 1042 637 Clemacium
1068 607 1100 636 in
1126 606 1294 647 pristinum
1319 604 1456 646 gradum
1481 610 1592 646 postea
1612 604 1761 635 restituit.
1808 605 1887 636 Item
1911 605 2001 646 ipse-³

351 657 496 689 scribens
526 656 674 688 omnibus
705 657 847 688 Bizaeiie
878 657 1003 688 concilii
1035 657 1198 699 episcopis
1230 656 1412 687 firmissime
1444 656 1603 698 precepit,
1636 661 1670 687 ut
1702 656 1872 698 primatem
1906 666 1999 686 suum

351 709 593 741 Clemenciums
625 708 664 739 de
696 708 792 740 illatis
823 708 1014 739 criminibus
1043 719 1116 739 cum
1149 709 1235 739 omni
1267 707 1483 739 sollicitudine
1507 708 1739 747 examinarent,
1762 710 1806 739 'ut
1835 707 1946 738 audita
1974 708 2000 738 si
2021 718 2047 737 10

349 772 425 793 vera
455 766 572 801 essent,
605 759 731 791 ulcione
762 761 916 791 canonica
947 766 1210 799 resecarentur83
1246 759 1306 790 lioc
1336 759 1523 790 terribiliter
1552 759 1766 799 subinferens,
1797 759 1883 801 quod
1913 758 2000 801 apud

350 813 456 844 Deum
488 811 663 844 eorundem
696 813 864 842 eriminum
898 813 1062 854 particeps
1093 811 1169 842 ille0
1199 813 1362 852 existeret,
1394 812 1579 853 quicunque
1610 822 1720 842 eorum
1755 809 1809 841 illa
1842 809 2002 842 subtiliter

351 865 506 906 indagare
530 863 734 906 neglexisset.
783 863 870 894 Haec
893 869 924 894 et
947 863 1008 895 alia
1027 863 1208 895 huiusmodi
1232 865 1263 895 in
1288 863 1514 894 ecclesiasticis
1531 869 1714 894 sanctorum
1731 868 1857 905 patrum
1874 862 2000 893 statutis

349 915 546 946 sufficienter
570 915 712 946 invenire
736 916 857 957 poteris
867 916 890 954 h,
915 926 997 957 quae
1020 915 1114 946 nobis
1137 915 1378 947 evidentissime
1402 914 1633 953 demonstrant,
1662 925 1758 956 quam
1783 913 1998 945 obedientiam

350 966 486 998 subiecti
511 966 685 997 cuiuslibet
709 966 822 1008 prelati
845 967 886 998 ad
910 968 1107 1009 superiorem
1138 973 1328 1009 potestatem
1361 966 1508 1007 debeant,
1537 977 1620 1008 quae
1649 972 1680 997 et
1707 967 1796 1008 ipsos
1824 965 2000 1008 dampnare
2021 975 2047 994 ιε

350 1019 478 1060 poterit,
502 1019 528 1049 si
551 1017 601 1050 vel
626 1018 749 1060 prelato
773 1029 830 1049 suo
856 1025 967 1050 contra
991 1019 1093 1060 ipsam
1119 1019 1310 1050 obedierint.
1349 1017 1419 1049 Non
1444 1029 1520 1059 ergo
1545 1017 1661 1060 aliquis
1686 1017 1906 1049 obedienciam
1931 1027 2000 1059 pre-

350 1070 403 1101 lati
435 1071 483 1100 sui
514 1069 678 1111 superfluo
710 1070 890 1112 pretendat,
920 1070 1006 1112 quod
1031 1072 1183 1112 precipue
1207 1071 1367 1112 potestati,
1396 1069 1546 1101 videlicet
1570 1069 1774 1112 apostolicae,
1799 1076 1830 1101 et
1853 1068 2001 1100 ecclesia-

349 1122 448 1153 sticae
478 1122 660 1152 auctoritati
692 1122 723 1152 in
756 1121 936 1153 devitandis
967 1123 1255 1153 excommunicatis
1286 1121 1418 1153 obedire
1449 1133 1511 1153 non
1543 1121 1668 1162 debeat,
1701 1121 1798 1152 immo
1829 1126 1894 1152 tam
1925 1120 1999 1152 sub-

349 1174 452 1204 iectus
476 1183 571 1214 quam
597 1173 740 1214 prelatus
763 1184 818 1204 cos
842 1173 987 1204 devitare
1011 1173 1170 1206 studeant.
1194 1185 1233 1204 ne
1256 1173 1359 1204 eidem
1385 1174 1719 1204 excommunicacioni
1737 1174 1827 1204 iuxta
1841 1171 2000 1214 apostolo-

348 1236 417 1255 rum
443 1225 681 1255 institucionem
708 1225 827 1266 pariter
851 1225 1049 1256 subiaceant.
2020 1235 2047 1255 20

455 1275 517 1307 Sed
543 1282 572 1306 et
596 1275 641 1306 illi
665 1277 876 1317 excusationi,
902 1287 996 1319 quam
1018 1276 1148 1318 quidam
1167 1276 1331 1319 simplices
1349 1277 1379 1307 in
1398 1281 1506 1307 nostro
1523 1282 1668 1319 tempore
1685 1275 1888 1318 pretendunt,
1912 1274 1997 1318 quod

347 1328 616 1358 excommunicati
648 1328 709 1358 iam
743 1328 774 1358 in
799 1333 922 1359 tantum
946 1327 1214 1366 abnndavci'int4,
1244 1334 1277 1359 ut
1306 1339 1510 1370 nequaquam
1534 1334 1590 1359 aut
1612 1329 1670 1358 vix
1694 1327 1850 1359 devitari*
1877 1327 2001 1369 possint

347 1379 440 1410 facile
471 1378 695 1420 respondetur,
727 1380 825 1421 quiak
856 1379 1029 1410 difficultas
1060 1380 1204 1411 evitandi
1237 1391 1299 1411 non
1331 1379 1564 1422 negligenciam
1596 1381 1728 1420 nutrire,
1760 1379 1814 1411 sed
1844 1379 1998 1410 maiorem

348 1430 504 1461 cautelam
529 1431 569 1461 ad
595 1430 786 1461 devitandos
811 1433 1106 1463 excommunicatos
1129 1431 1228 1463 debet
1252 1433 1342 1463 nobis
1366 1432 1518 1463 excitare.
1565 1431 1721 1470 Quamvis
1752 1431 1836 1462 enim
1871 1428 2000 1461 difficile

348 1483 496 1520 vitentur,
528 1493 591 1512 non
622 1488 728 1513 tamen
759 1494 818 1524 pro
849 1483 934 1514 nullo
966 1490 1100 1525 peccato
1131 1490 1279 1525 reputare
1311 1483 1477 1521 debemus,
1510 1484 1535 1514 si
1568 1484 1614 1514 eis
1643 1490 1755 1515 contra
1783 1481 2001 1514 ecclesiastica
2021 1496 2047 1515 2⁵

347 1539 467 1565 statuta
491 1535 845 1573 communicaverinms,
877 1546 959 1577 quae
991 1537 1080 1566 iuxta
1110 1542 1239 1566 sanctos
1263 1542 1370 1577 patres
1395 1546 1496 1577 usquc
1520 1535 1561 1566 ad
1585 1536 1774 1576 sanguinem
1799 1533 2001 1565 defendenda

348 1586 571 1627 cognovimus,
618 1585 700 1616 Nam
733 1593 762 1617 et
793 1587 968 1617 cottidiana
1001 1593 1131 1628 peccata
1163 1598 1226 1618 non
1259 1589 1364 1618 minus
1396 1587 1619 1629 propeccatis
1651 1593 1848 1628 reputamus,
1878 1586 1939 1617 etsi
1961 1596 1999 1617 ea

347 1648 551 1680 nequaquam
577 1638 607 1668 in
633 1637 691 1668 hac
713 1638 779 1668 vita
803 1639 947 1669 devitare
972 1638 1146 1670 valeamus.
1192 1639 1285 1670 Unde
1314 1645 1344 1670 et
1375 1638 1551 1670 cottidiana
1580 1639 1626 1669 eis
1656 1643 1828 1680 procurata
1857 1644 1930 1669 sunt
1953 1649 1999 1669 re-

348 1689 465 1728 media,
490 1690 670 1720 orationum
696 1689 845 1720 videlicet
870 1697 900 1721 et
923 1690 1181 1731 elemosinarum,
1206 1698 1239 1721 ut
1263 1691 1395 1721 cottidie
1418 1691 1638 1733 amputetur¹‚
1662 1689 1747 1732 quod
1765 1689 1896 1721 cottidie
1919 1688 2000 1721 male

348 1740 504 1782 pullulare
527 1739 665 1771 videtur.
712 1740 766 1771 Sic.
791 1742 902 1783 utique
926 1743 1210 1784 quocienscunque
1235 1743 1587 1773 excommunicatorum
1611 1743 1838 1773 communione
1861 1740 2000 1772 macula·
2019 1754 2046 1773 so

348 1804 429 1831 mur,
460 1793 566 1823 statim
600 1792 639 1823 ad
673 1793 902 1834 poenitentiam
936 1802 965 1825 et
997 1793 1288 1825 reconciliationem
1321 1795 1472 1826 festinare
1503 1794 1669 1826 debemus.
1721 1793 1803 1825 Nam
1829 1791 2000 1824 difficultas

348 1843 488 1875 evitandi
513 1849 569 1874 aut
593 1854 705 1885 parum
730 1855 788 1875 nos
813 1851 868 1876 aut
893 1844 989 1876 nichil
1013 1845 1053 1876 ad
1079 1847 1327 1877 excusacionem
1353 1846 1486 1885 iuvabit,
1510 1847 1535 1877 si
1560 1857 1617 1876 nos
1641 1845 1681 1876 ad
1705 1844 1945 1887 precavendum
1970 1849 1999 1875 et

350 1902 461 1937 postea
490 1894 529 1925 ad
561 1895 822 1926 satisfaciendum
856 1896 1111 1938 negligenciores
1135 1897 1287 1938 offecerit,
1317 1909 1396 1940 quos
1426 1899 1457 1928 in
1487 1897 1540 1928 tali
1564 1898 1757 1928 necessitate
1780 1896 1820 1928 ad
1844 1897 1998 1927 maiorem

348 1947 555 1988 vigilanciam
580 1948 723 1978 excitare
747 1947 904 1979 debuerit.

456 1998 597 2039 Quidam
622 1999 718 2029 etiam
745 2000 943 2040 ineptissime
967 2011 1000 2031 se
1025 2011 1097 2031 eum
1123 2007 1223 2031 morte
1247 2001 1369 2032 domini
1397 2002 1496 2033 nostri
1525 2000 1674 2042 Gregorii
1703 2011 1805 2042 papae
1832 2005 2000 2038 excusant,
2019 2011 2046 2031 ³⁵

350 2054 442 2093 quasi
466 2051 840 2082 excommunicacionem
867 2051 1001 2082 Romani
1026 2052 1186 2093 pontificis
1210 2059 1283 2094 post
1306 2059 1442 2084 mortem
1463 2053 1564 2094 ipsius
1581 2053 1754 2084 observare
1770 2062 1833 2083 non
1851 2051 1998 2084 debeant.

351 2102 414 2133 Sed
447 2103 477 2132 hi
507 2102 640 2133 audiant
671 2102 858 2144 ligationem
884 2102 1019 2134 Romani
1045 2104 1207 2145 pontificis
1232 2115 1293 2135 non
1319 2107 1424 2136 minus
1450 2110 1550 2135 ratam
1575 2115 1593 2135 a
1617 2104 1810 2136 catholicism
1834 2103 1999 2145 reputarin

351 2165 446 2195 quam
472 2154 679 2193 solucionem,
709 2155 785 2196 quia
815 2154 909 2185 beato
933 2154 1028 2186 Petro
1053 2162 1083 2186 ct
1107 2157 1172 2187 suis
1196 2155 1438 2188 successoribus
1461 2167 1480 2187 a
1503 2156 1644 2187 Domino
1669 2157 1718 2186 ius
1741 2154 1862 2197 ligandi
1886 2154 1998 2186 eodem

349 2210 459 2236 tenore
483 2211 514 2236 et
537 2205 697 2245 firmitate,
722 2212 756 2237 ut
778 2205 922 2237 solvendi
947 2218 1134 2238 concessum
1159 2214 1216 2240 est.
1263 2207 1391 2239 Solueio
1415 2214 1521 2239 autem
1547 2207 1717 2239 cuiuslibet
1740 2206 1909 2249 apostolici
1932 2207 2000 2238 sive

350 2258 380 2287 in
405 2257 672 2288 reconciliacione
703 2259 1056 2289 excommunicatorum
1088 2260 1154 2290 sive
1178 2260 1208 2289 in
1233 2260 1439 2291 restitucione
1463 2259 1623 2301 lapsorum
1648 2259 1744 2290 etiam
1769 2264 1842 2301 post
1864 2263 1999 2289 mortem
2018 2269 2047 2288 ιο

351 2308 500 2339 solutoris
531 2308 636 2339 valere
667 2319 729 2340 non
761 2308 936 2342 dubitatur.
993 2309 1156 2352 Numquid
1188 2311 1271 2342 enim
1305 2311 1441 2353 quilibet
1470 2309 1695 2342 reconciliatus
1731 2311 1800 2342 sive
1834 2310 2000 2341 restitutus

352 2371 409 2402 pro
434 2361 716 2391 excommunicato
740 2360 790 2391 vel
815 2360 962 2403 deposito
994 2373 1026 2393 se
1057 2363 1163 2393 statim
1196 2363 1369 2404 reputabit,
1400 2367 1570 2404 postquam
1595 2361 1818 2393 reconciliator
1840 2361 1908 2393 eius
1931 2361 1999 2393 sive

351 2412 535 2442 restitutor⁰
560 2412 697 2443 obierit?
745 2412 816 2443 Non
848 2412 953 2444 credo.
1008 2414 1099 2444 Sicut
1124 2415 1222 2455 igitur
1245 2413 1366 2445 solucio
1396 2413 1568 2445 cuiuslibet
1592 2412 1742 2444 catholici
1766 2413 1905 2456 pastoris
1929 2418 2000 2455 post

351 2470 484 2493 mortem
511 2464 611 2504 ipsius
636 2470 703 2494 rata
727 2469 757 2495 et
781 2464 982 2496 observanda
1013 2476 1076 2496 non
1107 2465 1283 2506 dubitatur,
1316 2465 1449 2496 itidemp
1472 2472 1503 2497 et
1526 2465 1565 2496 de
1589 2466 1657 2496 eius
1681 2465 1855 2507 ligamento
1878 2465 1999 2496 iudica-

463 2574 488 2603 a)
512 2581 536 2597 n.
559 2582 581 2596 e.
603 2574 634 2598 G.
711 2574 740 2598 bl
762 2574 892 2598 Honorati
913 2576 937 2598 4.
1015 2576 1038 2605 c)
1061 2575 1131 2600 deest
1152 2575 1182 2600 G.
1261 2576 1288 2606 d)
1311 2576 1469 2600 obedierunt
1489 2575 1520 2600 G.
1589 2576 1615 2599 el
1636 2575 1756 2600 Nizachii
1776 2575 1807 2606 42
1826 2575 1946 2600 Nichazii
1967 2575 1998 2599 G.
2019 2578 2046 2597 ⁴5

351 2619 372 2648 f)
394 2620 574 2643 Cromentium
597 2618 673 2650 (ἰν-69.
731 2623 760 2649 gr)
782 2624 943 2645 resecaretur
963 2622 995 2645 (ν’.
1053 2621 1082 2646 hi
1104 2622 1214 2653 potestis
1235 2621 1266 2647 G.
1329 2623 1349 2649 i)
1370 2621 1487 2646 devitare
1509 2622 1534 2646 4.
1597 2622 1627 2646 k·
1647 2622 1718 2654 quod
1739 2621 1771 2647 G.
1837 2621 1857 2653 l)
1880 2625 1999 2654 amputa-

351 2669 422 2690 retur
443 2665 474 2689 G.
551 2671 588 2689 m>
610 2673 625 2688 a
646 2665 715 2689 cath.
737 2674 785 2689 0711.
807 2666 837 2689 G.
915 2675 941 2693 n,
962 2670 1083 2698 reputare
1104 2668 1128 2691 ⁴.
1206 2668 1233 2690 o]
1255 2668 1311 2692 eius
1331 2667 1394 2692 add.
1417 2669 1441 2693 4,
1518 2668 1545 2700 p)
1569 2669 1719 2693 necessario
1740 2667 1804 2692 add.
1825 2667 1857 2692 G.

461 2763 488 2796 1)
518 2762 546 2789 V.
570 2771 658 2796 supra
678 2772 708 2797 p.
730 2763 797 2790 102.
900 2764 929 2797 ⁸2)
953 2764 1027 2790 Ibid.
1049 2773 1079 2798 p.
1100 2764 1167 2790 135.
1271 2765 1300 2799 3)
1323 2766 1386 2792 Lib.
1405 2765 1474 2797 XII,
1499 2775 1541 2800 ep.
1559 2766 1607 2799 32,
1635 2765 1706 2800 Opp.
1729 2770 1748 2792 t.
1765 2766 1805 2797 11,
1829 2765 1881 2793 col.
1901 2765 1998 2797 1203,-

350 2814 428 2847 Jaffe'
450 2823 493 2843 nr,
515 2813 604 2841 1362.
693 2814 722 2847 4)
748 2814 792 2847 Cf.
815 2823 902 2848 supra
922 2824 952 2849 p.
972 2815 1020 2841 2⁷⁸9.
