2132 3067
357 142 413 173 1032
754 142 905 169 LIBELLI
929 142 1126 169 BERNALDI
1150 141 1388 169 PRESBYTERI
1413 140 1600 169 MONACHI.

356 235 439 274 lii-go
464 233 691 270 reverenciam,
715 242 810 273 quam
835 232 905 272 ipse
929 243 946 262 a
970 231 1108 262 subditis
1123 232 1189 262 suis
1205 230 1264 261 sibi
1283 230 1423 271 exigua,
1446 231 1542 261 etiam
1567 231 1658 272 ipseb
1683 229 1806 271 prelato
1831 240 1888 260 suo
1912 229 2001 260 iuxta

354 290 472 317 statuta
496 289 678 314 sanctorum
704 288 830 324 patrum
855 282 1027 324 dependat,
1050 288 1080 314 et
1103 283 1256 324 precipue
1280 282 1433 323 episeopo
1457 281 1543 312 sedis
1565 280 1771 323 apostolieae.

461 336 563 366 lluius
595 335 726 376 utiquec
762 335 951 365 sententiam
984 335 1084 365 sancti
1116 340 1223 375 patres
1253 345 1414 375 nusquam
1445 333 1610 365 retractari
1641 332 1758 364 nedum
1788 331 1934 363 annulari
1963 331 2002 362 ab

353 388 460 429 aliquo
485 387 707 429 permiserunt.
753 385 838 416 IIiuc
868 385 981 416 beatus
1012 385 1164 417 Nicolaus
1192 396 1278 427 papa
1308 386 1451 427 primus¹
1484 384 1634 416 omnibus
1658 385 1821 426 episcopis
1844 383 2004 414 scribens:

354 439 498 479 Nemini,
529 438 644 480 inquit,
668 438 792 468 licitum
824 442 868 467 est
895 438 932 468 (Ie
962 438 1048 468 sedis
1072 437 1270 478 apostolicae
1295 437 1419 468 indicio
1444 437 1594 468 iudicare
1618 441 1675 467 aut
1699 436 1790 467 illius
1813 436 2003 466 sentenciam
2024 447 2036 465 5

355 495 532 521 ren-actare
552 491 760 530 permissum,
784 488 932 519 videlieet
956 494 1088 531 propter
1106 489 1267 519 Romanae
1285 487 1442 519 ecclesiae
1460 488 1643 529 primatum.
1682 487 1763 518 Item
1781 486 1894 518 beatus
1913 485 2005 517 Gela-

355 543 442 572 sius²
465 541 505 572 ad
529 541 700 583 episcopos
726 540 925 572 Dardaniae:
951 540 1086 579 Cuncta,
1111 540 1223 582 inquit,
1242 552 1302 582 per
1325 540 1481 570 mundum
1507 541 1597 571 novit
1619 539 1765 579 ecclesia,
1789 539 1875 580 quod
1899 548 2006 569 sacro-

355 599 469 624 sancta
494 593 646 624 Romana
670 591 825 623 ecclesiad
850 592 1063 633 quorumlibet
1085 593 1314 634 cpiscoporum
1344 591 1450 633 ligata
1470 592 1576 632 possit
1600 590 1762 622 absolvere
1791 595 1820 621 et
1849 589 1888 621 de
1919 590 2007 620 omni

355 645 487 675 ecclesia
503 645 565 685 fas
586 644 701 674 habeut
726 643 876 674 iudicare
899 655 999 685 neque
1015 645 1168 685 cuiquam
1184 644 1223 674 (le
1242 645 1312 674 eius
1327 643 1423 673 liccat
1439 643 1591 673 iudicare
1607 642 1740 674 iudicio.
1778 641 1860 672 Item
1877 645 2007 672 sanctus

356 697 530 727 Silvester³
555 705 639 737 papa
663 693 855 725 universalis
878 695 981 726 sinodi
1007 695 1125 726 iudicio
1149 695 1309 726 decrevit:
1340 694 1451 734 Nemo,
1482 694 1596 736 inquit,
1623 695 1768 736 primam
1790 693 1895 725 sedem
1918 692 2005 723 iudi·
2027 703 2054 723 ιο

355 748 449 779 cubit.
495 747 605 789 Neque
629 748 714 778 enim
738 747 778 777 ab
804 751 944 788 afvyusto
968 758 1068 788 neque
1093 747 1132 777 ab
1157 748 1246 777 omni
1269 747 1352 777 clero
1368 758 1470 788 neque
1494 758 1513 776 a
1537 745 1670 787 reqibus
1693 756 1795 786 neque
1819 756 1840 775 a
1860 742 2007 785 popul&

357 800 456 830 iudea:
482 798 695 830 indicabitur.
736 798 917 829 Dominuss
941 803 1046 829 autem
1071 803 1179 829 noster
1197 798 1375 839 Gregorius
1396 808 1490 839 papa,
1515 797 1669 828 canonice
1687 796 1815 838 quidem
1833 794 2008 834 ordinatus,

357 859 390 882 ut
415 856 526 881 sancta
543 850 708 881 Romana&
731 849 871 881 ecclesia
893 849 1079 881 fidelissime
1103 855 1246 889 testatur,
1270 849 1310 880 ab
1335 850 1484 881 omnibus
1509 848 1674 880 catholicis
1697 847 1798 879 iudex
1820 846 2010 878 universalis

357 902 510 933 ccclesiae
534 908 565 933 et
588 913 646 944 pro
670 901 815 932 Romano
840 902 993 943 pontifice
1018 913 1146 944 semper
1170 901 1359 941 habebatur,
1391 901 1477 943 quod
1505 906 1536 931 et
1559 901 1622 942 ipsi
1646 901 1714 931 eius
1739 898 2010 930 excommunicati

358 955 396 985 de
428 965 466 985 eo
498 954 742 993 iudicaverunt,
774 963 844 984 cum
877 953 917 984 ad
945 954 1014 984 eius
1045 953 1346 984 reconciliacionem
1379 963 1592 995 sepenumero
1623 951 1833 990 recurrerint,
1865 950 1940 981 licet
1969 948 2008 980 ad
2032 961 2057 980 ιε»

358 1007 511 1038 vomitum
542 1016 634 1036 suum
666 1010 777 1046 postea
806 1004 909 1036 redire
939 1016 1001 1036 non
1034 1006 1209 1038 timuerint.
1262 1004 1446 1047 Numquam
1479 1015 1555 1036 sane
1579 1004 1634 1034 int·
1657 1002 1710 1034 illo
1733 1001 1865 1044 aliquod
1888 1002 2009 1033 crimen

359 1058 408 1089 vel
432 1058 472 1089 ab
497 1057 634 1088 inimicis
659 1057 823 1088 inventum
848 1061 895 1087 est
919 1056 969 1087 vel
1001 1056 1183 1098 probatum,
1212 1057 1299 1099 quod
1331 1062 1516 1098 susceptum
1545 1056 1606 1087 sibi
1630 1054 1775 1086 illicitum
1800 1054 1921 1085 faceret
1944 1053 2011 1084 offi-

359 1111 453 1140 cium.
494 1109 557 1140 Sed
581 1109 607 1139 si
632 1107 718 1150 quod
743 1107 806 1138 tale
823 1108 943 1139 crimen
960 1107 1153 1149 admisisset,
1172 1108 1329 1150 numquid
1346 1108 1470 1140 tameni
1491 1107 1665 1146 inauditus,
1689 1117 1753 1137 non
1770 1105 1936 1136 confessus
1953 1114 2012 1136 nec

357 1162 534 1199 convictus,
553 1160 707 1191 canonice
724 1159 892 1200 dampnari
910 1165 1029 1201 posset,
1052 1160 1176 1191 etiamsi
1194 1159 1324 1191 ultimus
1340 1159 1551 1190 ecclesiastici
1569 1158 1692 1189 ordinis
1708 1157 1891 1189 extitisset?
1914 1155 2012 1187 Num-

357 1213 433 1255 quid
458 1213 543 1243 non¹<
568 1211 724 1253 legittime
753 1210 894 1242 officium
919 1221 1012 1242 suum
1037 1217 1212 1249 exerceret,
1242 1222 1343 1253 usque
1375 1210 1450 1242 dum
1476 1211 1628 1242 canonice
1651 1209 1815 1241 iudicatus
1839 1208 1879 1240 ab
1903 1207 2010 1239 officio
2031 1220 2058 1241 20

357 1265 430 1295 suo¹
458 1269 614 1295 cessarem
639 1262 828 1294 iuberetur?
871 1262 933 1293 Et*
955 1262 1016 1294 hoe
1047 1264 1158 1305 utique
1182 1262 1332 1294 dominus
1356 1267 1464 1294 noster
1489 1262 1671 1304 Gregorius
1700 1271 1785 1303 papa
1806 1270 2010 1302 nequaquam

356 1316 478 1357 abnuit,
509 1316 586 1358 quin
618 1325 706 1345 more
736 1313 907 1346 cuiuslibet
935 1314 1042 1346 clerici
1073 1314 1243 1346 dumtaxat
1266 1315 1419 1345 canonice
1446 1313 1621 1354 audiretur,
1650 1313 1734 1344 etsin
1757 1312 1818 1344 hoc
1841 1311 2010 1354 privilegio

357 1368 492 1399 Romani
516 1367 676 1409 pontificis
700 1367 914 1407 incongruum
938 1377 1008 1397 esse
1031 1366 1203 1398 videretur.
1248 1365 1435 1397 Adversarii
1458 1370 1565 1396 autem
1590 1366 1660 1396 eius
1683 1374 1742 1396 nec
1765 1368 1928 1406 unquam⁰
1952 1362 2011 1394 hoc

357 1418 534 1450 concedere
569 1418 754 1457 voluerunt,
792 1428 866 1448 nam
901 1418 933 1448 in
967 1417 1022 1449 tali
1057 1418 1302 1449 examinacione
1336 1422 1366 1448 et
1401 1416 1489 1447 illum
1523 1415 1771 1458 expurgandum
1805 1420 1838 1447 et
1870 1426 1904 1447 se
1937 1425 2011 1446 con-

356 1470 544 1502 tumeliosae
561 1469 798 1500 criminacionis
817 1468 1028 1511 inculpandos
1044 1470 1112 1501 fore
1135 1480 1198 1500 non
1223 1468 1460 1500 dubitaverunt.
1499 1467 1588 1509 Ergo
1606 1468 1797 1499 sententiam
1813 1466 2010 1509 apostolicae
2033 1481 2059 1501 25

357 1522 556 1554 auctoritatis
591 1521 622 1552 in
653 1521 876 1563 apertissimos
907 1526 1114 1552 contumaees
1145 1521 1185 1551 ab
1217 1531 1254 1552 eo
1285 1520 1486 1562 depromtam
1523 1519 1628 1551 nullus
1662 1519 1858 1551 christianus
1889 1518 2010 1549 irritam

358 1573 525 1612 iudicabit,
549 1574 604 1615 qui
628 1572 791 1604 canonicis
813 1573 1032 1604 sanctionibus
1055 1577 1238 1604 sanctorum
1263 1577 1391 1614 patrum
1416 1571 1636 1603 contradicere
1662 1571 1817 1611 noluerit3
1841 1570 1903 1612 ipsi
1927 1570 2010 1602 enim

358 1632 388 1658 et
423 1626 623 1657 temerariam
663 1623 837 1656 cuiuslibet
873 1624 1032 1655 inferioris
1070 1625 1214 1666 episcopi
1253 1624 1422 1655 dumtaxat
1458 1623 1608 1655 catholici
1639 1622 2011 1655 excommunicacionem

359 1688 460 1720 usquc
483 1676 524 1707 ad
549 1677 737 1707 eanonicam
761 1676 1038 1708 examinacionem
1070 1681 1171 1707 ratam
1203 1686 1272 1706 esse
1303 1680 1508 1715 censuerunt,
1539 1680 1573 1706 ut
1604 1675 1635 1705 in
1663 1674 1851 1706 Sardieensi
1875 1673 2011 1705 concilio

359 1728 500 1771 capitulo
525 1728 631 1759 XVII.
655 1727 781 1769 legitur.
2033 1738 2060 1757 so

465 1780 531 1811 Nec
554 1779 640 1811 illam
665 1779 1037 1811 excommunicacionem
1063 1784 1170 1809 noster
1190 1778 1387 1820 apostolicus
1411 1778 1561 1819 privatim
1585 1778 1774 1820 depromsit,
1797 1776 1854 1809 sed
1870 1775 2011 1819 generali

359 1832 484 1874 synodo
516 1831 681 1873 presidens
711 1830 885 1862 universali
916 1830 1033 1861 iudicio
1061 1829 1216 1861 eeclesiae
1240 1829 1489 1872 promulgavitv,
1519 1841 1610 1872 quae,
1640 1830 1770 1872 inquam
1800 1828 1941 1860 ecclesia
1963 1828 2012 1859 ius

358 1883 477 1926 ligandi
495 1889 591 1925 atque
610 1882 755 1914 solvendi
779 1883 809 1913 in
835 1893 971 1924 persona
988 1882 1074 1913 Petri
1097 1886 1265 1924 acceptum
1290 1893 1418 1924 semper
1433 1881 1578 1913 obtinere
1594 1893 1613 1912 a
1629 1880 1717 1912 nullo
1733 1880 1820 1912 fideli
1836 1879 2012 1918 dubitatur,

361 1942 393 1966 ut
417 1935 610 1966 sanctissimi
634 1940 730 1976 atque
754 1934 932 1966 fidelissimi
949 1939 1057 1976 patres
1073 1934 1173 1965 nostri
1191 1933 1383 1975 Cyprianus,
1407 1934 1610 1975 Augustinus
1629 1938 1725 1975 atque
1741 1932 1808 1964 Leo
1828 1942 1964 1974 magnus
1980 1932 2011 1962 in

361 1987 488 2029 scriptis
510 1987 575 2017 suis
598 1986 787 2017 docuerunt.
821 1986 1013 2028 Quicunque
1030 1996 1106 2027 ergo
1123 1986 1192 2016 eius
1209 1985 1329 2017 iudicio
1347 1986 1378 2016 in
1396 1991 1480 2017 terra
1503 1984 1594 2027 ligati
1619 1991 1703 2024 sunt,
1726 1984 1789 2026 ipsi
1805 1983 2013 2016 nihilominus
2033 1995 2060 2016 οε

361 2044 389 2070 et
414 2039 445 2069 in
469 2037 557 2069 coelo
582 2037 671 2079 ligati
696 2038 917 2069 indubitanter
947 2037 1130 2069 creduntur.
1183 2037 1391 2079 Quapropter
1419 2037 1504 2069 omni
1529 2037 1710 2078 postposita
1739 2035 2014 2067 contradictiones

361 2090 441 2129 illos,
473 2101 554 2132 quos
583 2090 731 2121 dominus
755 2095 864 2121 noster
891 2089 1068 2130 Gregorius
1098 2100 1182 2131 papa
1211 2089 1332 2120 iudicio
1357 2087 1548 2120 universalis
1570 2087 1686 2130 synodi
1709 2087 2014 2127 excommunicavit,

363 2149 393 2174 et
416 2153 473 2172 nos
497 2141 795 2172 excommunicatos
825 2152 894 2172 esse
919 2141 1089 2181 credimus,
1118 2152 1158 2172 ne
1189 2141 1268 2183 ipsis
1299 2141 1588 2172 excommunicatis
1619 2138 1868 2170 damnabiliores
1900 2139 2014 2170 merito

363 2194 554 2226 iudiconmr,
579 2193 631 2234 qui
657 2193 715 2224 etsi
740 2192 881 2234 qualibet
904 2193 1074 2223 occasione
1098 2193 1432 2224 excommunicacioni
1457 2192 1655 2232 subiaceant,
1678 2202 1741 2222 non
1766 2196 1872 2222 tamen
1896 2195 2013 2222 temere

365 2246 536 2285 ligamenta
560 2243 714 2275 ecclesiae
739 2244 910 2285 denegant.
955 2244 1036 2274 Nam
1067 2243 1179 2286 procul
1203 2243 1302 2275 dubio
1332 2243 1502 2275 nefandius
1526 2255 1596 2275 esse
1623 2243 1807 2284 deputatur,
1838 2242 2014 2284 quemlibet
2032 2253 2060 2272 ιο

366 2297 467 2338 ipsam
499 2295 749 2327 ecclesiasticam
783 2301 973 2337 potestatem
1006 2295 1125 2336 ligandi
1156 2301 1252 2338 atque
1283 2295 1430 2327 solvendi
1460 2306 1524 2326 non
1554 2295 1762 2334 concedei·e¹’‚
1796 2305 1891 2336 quam
1923 2292 2013 2324 salva

366 2348 426 2379 tidev
451 2347 676 2378 ecclesiasticis
699 2348 825 2378 statutis
850 2358 912 2378 non
937 2347 1077 2378 obedire.
1124 2347 1209 2378 Hinc
1237 2353 1366 2378 sanctus
1391 2347 1568 2389 Gregorius
1592 2357 1677 2388 papa
1700 2347 1844 2388 primus³
1867 2345 1908 2376 ad
1932 2345 2013 2377 'rhe-

366 2400 509 2430 octistam
536 2400 702 2440 patriciam
727 2399 871 2430 scribens
895 2404 1041 2430 testatur:
1065 2399 1145 2440 Ipsi,
1170 2399 1282 2440 iuquit,
1306 2400 1369 2431 sibi
1391 2404 1482 2430 testes
1505 2403 1591 2438 suut,
1615 2397 1721 2440 qnod—ff
1746 2397 1925 2429 christiani
1947 2408 2011 2428 uon

366 2457 451 2483 sicut.
475 2453 549 2493 qui*
574 2451 753 2491 [squamata
778 2451 929 2482 ecclcsiae
953 2452 1049 2481 vanis
1072 2451 1244 2481 conatibus
1267 2463 1299 2482 se
1323 2453 1496 2481 aestimant
1519 2450 1648 2481 solvere.

478 2547 502 2561 n»
527 2538 605 2570 exigit
628 2539 659 2562 (ι’.
727 2538 755 2564 h)
775 2539 825 2569 ipsi
848 2539 879 2561 (ι’.
947 2538 971 2565 ο)
995 2545 1025 2561 cz:
1046 2538 1134 2570 itaque
1156 2547 1223 2562 corr.
1245 2539 1270 2561 ⁴.
1339 2538 1365 2563 dl
1389 2546 1438 2562 om.
1460 2539 1484 2561 4.
1553 2538 1577 2568 e)
1601 2537 1634 2561 ab
1655 2537 1716 2569 asilo
1738 2537 1765 2562 4.
1825 2536 1845 2565 f)
1866 2535 1960 2561 beatus
1980 2534 2012 2560 G.
2031 2541 2059 2561 ω

367 2590 396 2613 gi
418 2596 438 2609 ν.
457 2585 485 2608 lt.
501 2585 532 2607 (ι’.
592 2583 620 2608 h>
641 2584 674 2608 ul.
691 2592 727 2608 cr.
742 2585 767 2607 in
782 2584 827 2608 illo
844 2584 875 2607 G.
933 2585 951 2609 i)
973 2584 1080 2607 tandem
1097 2584 1128 2609 G.
1188 2584 1217 2615 k)
1239 2585 1308 2608 enini
1331 2586 1362 2608 G.
1420 2583 1440 2608 li
1461 2583 1532 2608 deest
1552 2583 1584 2609 G.
1643 2582 1681 2610 m)
1702 2590 1793 2607 cesare
1807 2583 1833 2607 4.
1891 2581 1917 2613 n)
1940 2585 1967 2606 et
1981 2581 2011 2606 G.

368 2639 391 2652 .,Ἰ
417 2631 440 2654 h.
463 2638 486 2654 n.
509 2631 539 2653 (ι’.
616 2637 642 2661 1»
667 2638 750 2661 prom.
772 2644 803 2646 ›—
828 2630 940 2654 ccclesia
961 2630 1015 2654 des.
1037 2629 1067 2654 G.
1145 2630 1172 2662 q]
1194 2631 1389 2655 contraditione
1411 2630 1435 2654 4.
1508 2635 1530 2661 rs)
1553 2629 1660 2654 credere
1681 2628 1712 2653 G.
1780 2627 1806 2659 s)
1827 2628 1889 2660 quia
1909 2627 1956 2652 Gr.
1978 2626 2011 2652 G.

478 2706 503 2730 1¹
531 2705 581 2737 Iz'p.
601 2703 647 2735 TU,
674 2703 770 2729 Jlansi
793 2708 811 2730 1.
830 2704 893 2733 Xl',
918 2705 968 2729 col.
988 2705 1056 2736 359,
1080 2703 1158 2736 Jaffn⁵
1183 2713 1222 2729 vr.
1242 2704 1341 2735 QSTQ
1365 2704 1402 2737 cf.
1428 2704 1490 2730 Lib.
1515 2704 1548 2729 de
1571 2704 1619 2729 lile
1643 2703 1666 2736 I,
1687 2712 1717 2737 p.
1737 2702 1806 2730 628.
1913 2701 1943 2736 2)
1967 2700 2011 2733 Cf.

371 2765 453 2783 Ηιυνα
476 2767 503 2789 [ι.
523 2756 570 2781 4³⁴.
674 2756 703 2781 13>
729 2756 800 2781 [bid.
823 2765 850 2789 p.
870 2756 918 2782 .''›l.
1018 2756 1047 2781 4)
1078 2754 1106 2781 V.
1130 2755 1197 2781 ibid.
1298 2756 1327 2781 ὅ)
1352 2755 1412 2783 Lib.
1433 2755 1485 2786 XI,
1511 2764 1553 2789 ep,
1572 2755 1619 2787 45,
1649 2754 1719 2788 Opp.
1744 2757 1762 2781 ἰ.
1780 2753 1821 2786 II,
1845 2753 1896 2780 col.
1918 2752 2012 2785 1132,-

367 2807 445 2840 Jaffc'
468 2817 510 2833 nr.
532 2807 621 2834 1817.
2033 2810 2060 2830 ⁶0
