2101 3072
43 715 68 733 10

40 973 66 991 15

41 1230 66 1249 20

200 238 250 268 23.

197 1167 247 1198 26.

195 1370 221 1395 a)
243 1370 288 1392 etr.
304 1367 346 1392 24.
367 1376 448 1392 manu
469 1367 561 1392 eadem
580 1366 608 1390 vin
628 1365 749 1399 maryine
768 1366 915 1398 suppletur.

433 149 646 176 RHYTHMUS
672 150 722 176 DE
746 149 1006 177 CAPTIVITATE
1029 151 1236 178 PASCIIALIS
1262 152 1393 178 PAPAE.

274 237 324 268 Tu
349 237 467 269 Christi
492 238 611 269 vindex
636 238 803 277 scelerum,

276 290 398 320 Causas
423 291 476 331 qui
502 290 609 331 queris
634 300 824 331 pauperum,

274 341 365 372 Istud
392 341 520 371 vindica
545 341 676 379 facinus,

274 392 342 423 Nec
366 393 409 423 sis
433 392 517 422 ultor
540 393 709 424 serotinus.

273 443 377 474 Tanto
402 443 516 484 dignas
540 443 669 484 flagicio

273 495 377 526 Penas
401 495 476 526 huic
500 495 598 526 redde
622 495 720 536 inpio.

274 546 469 586 Quondam³
493 546 624 589 quidam
649 547 842 588 predixerat,

273 598 368 637 Quod
392 599 600 629 antichristus
625 604 764 629 venerat.

271 650 335 681 Hie
359 651 426 681 eius
450 656 498 680 est
521 649 681 681 vexillifer

269 701 313 732 Et
335 700 522 743 principalis
544 702 695 741 armiger.

271 753 374 784 Vivus
397 753 571 784 descendat
595 753 768 791 baratrum,

272 805 316 837 Ut
339 804 470 836 Dathan
494 805 551 836 ivit
574 809 741 836 tartarum.

273 856 302 888 O
327 857 432 897 Petre,
456 862 566 898 pastor
589 856 708 894 ovium,

270 909 344 948 Fer,
369 919 554 950 quesumus,
579 908 767 949 sufragium,

271 960 315 991 Ut
337 959 478 1002 populus
501 970 563 990 non
588 965 708 1001 pereat,

272 1011 375 1051 Quen]
401 1019 454 1042 tua
477 1012 579 1043 virtus
602 1016 735 1051 recreat,

272 1063 336 1094 Sed
361 1065 430 1094 eius
454 1063 628 1095 exercitiob

270 1115 385 1147 Pereat
408 1116 467 1146 istc
490 1115 627 1156 scorpio.

271 1166 398 1198 Exerce
421 1173 511 1198 tuum
535 1165 688 1208 gladium,

271 1218 385 1250 Virum
409 1225 541 1260 percute
565 1219 699 1260 inpium,

272 1270 409 1312 Scimus,
433 1270 518 1312 quod
542 1281 707 1311 nunquam
732 1270 858 1300 veniam

949 394 968 424 ro

972 393 987 423 λ]

946 702 995 732 28.

978 1365 1007 1396 b)
1028 1367 1154 1391 exer-ticio
1175 1375 1196 1391 c.

1024 240 1165 270 Meretur
1189 241 1246 282 lugo
1270 242 1428 282 nequicia.

1024 291 1110 332 Ergo
1135 292 1263 332 iustum,
1288 298 1321 322 ut
1345 298 1452 333 pereat

1024 343 1064 373 Et
1088 342 1175 373 illum
1202 343 1301 373 Roma
1326 343 1440 375 doleat.

994 418 999 424 .
1025 393 1131 432 Salve,
1155 405 1239 436 papa
1263 395 1429 433 catholico,

1024 445 1081 475 Vir
1105 445 1267 477 Paschalis
1292 447 1442 488 pacifice!

1022 497 1136 528 Letare
1162 508 1245 527 nunc
1268 498 1299 528 in
1323 509 1460 535 earcere,

1023 547 1234 579 Coronandus
1259 550 1289 579 in
1314 550 1429 580 ethere.

1022 599 1201 641 Flagicium
1228 600 1286 631 hoc
1310 602 1431 642 punies,

1022 651 1102 681 Cum
1128 651 1305 682 martirium
1330 652 1429 683 finies.

1021 702 1150 732 Utinam
1175 704 1274 733 simus
1297 704 1415 743 miseri,

1022 753 1122 794 Digni
1146 759 1309 785 consortes
1333 756 1400 786 fieri

1021 805 1090 836 Tue
1113 804 1293 837 laudandec
1317 807 1426 848 glorie,

1021 857 1078 886 Vir
1101 856 1236 888 celebris
1260 859 1424 889 memorie.

1020 907 1087 939 Ora
1110 919 1167 949 pro
1191 909 1285 940 nobis
1310 910 1445 948 miseris,

1021 959 1148 1001 Dignus
1172 962 1322 1002 coniungi
1348 963 1485 1002 superis.

947 1017 956 1030 ‘v
990 1035 995 1041 .
1021 1011 1086 1041 Vos
1110 1012 1272 1053 principes
1297 1013 1424 1054 Apulie,

1021 1061 1091 1093 Orti
1115 1063 1212 1105 stirpe
1238 1064 1386 1095 Neustrie

1021 1113 1141 1145 Bellica
1163 1126 1251 1146 arma
1274 1117 1392 1158 capite,

1020 1166 1153 1196 Romani
1179 1168 1225 1198 ire
1249 1169 1396 1209 satagite.

1019 1217 1134 1248 Vestro
1158 1219 1351 1250 ste1·nenda‘¹
1375 1218 1480 1260 gladio

1019 1269 1268 1301 Teutonioorum
1293 1271 1414 1301 concio.

1255 1367 1278 1398 c)
1300 1367 1413 1391 laudade
1434 1376 1455 1392 e.

1446 2872 1494 2895 35*

1514 1367 1540 1397 d)
1564 1367 1688 1391 sterneda
1709 1376 1731 1391 c.
