2132 3067
246 253 301 271 low.

332 149 393 180 :236
760 149 810 176 DE
833 148 1004 175 UNITATE
1029 147 1235 174 ECCLESIAE
1258 146 1552 175 CONSERVANDA.

332 242 455 282 quiens,
480 246 583 270 tenere
599 240 741 279 firmiter
764 243 791 269 et
816 238 987 268 vindicare
1010 237 1158 268 debemus
1182 238 1323 267 maaeime
1340 247 1400 266 nos
1415 236 1575 277 episcopi,
1598 236 1656 277 qui
1671 237 1705 267 in
1722 235 1855 267 ecclesia
1876 247 1975 277 prae-

330 293 482 330 sidemus,
507 296 541 321 ut
562 292 787 332 episcopatum
811 300 935 330 quoque
953 300 1054 319 unum
1071 293 1166 330 atque
1181 288 1362 319 indivisum
1381 287 1565 328 probemus.
1604 286 1835 318 Praesidebant
1851 298 1977 329 quoque

330 343 402 373 huic
431 341 554 383 synodo
580 341 765 372 wezelinus
795 340 1004 381 Moguntinae
1035 339 1190 371 ecclesiae
1221 339 1485 380 archiepiscopus
1516 343 1547 369 et
1574 337 1746 370 Eilberdus
1777 338 1979 369 Trevirensis

329 393 590 434 archiepiscopus
614 399 709 434 atque
734 392 907 433 Sigevinus
933 391 1136 423 Coloniensis
1159 390 1433 432 archiepiscopus,
1479 389 1647 421 Liemarus
1669 395 1775 420 autem
1797 390 1980 421 Premensis

329 445 601 486 archiepiscopus,
626 444 702 485 quia
726 455 788 474 non
813 448 939 485 poterat
961 443 1084 481 adesse,
1108 443 1239 473 miserat
1261 441 1336 473 illuc
1358 441 1480 483 legatos
1503 452 1589 480 suOS,
1613 452 1671 472 sua
1694 442 1765 472 vice
1788 442 1978 483 promittens

330 509 362 527 se
387 496 427 526 ad
452 497 559 527 onmia
582 506 824 534 consensurum,
851 505 933 536 quae
957 495 1138 536 pertineant
1161 493 1202 524 ad
1226 493 1321 524 fidem
1344 493 1532 524 catholicam
1551 499 1582 524 et
1597 493 1637 524 ad
1655 504 1767 535 pacem
1791 498 1888 535 atque
1912 494 1980 524 uui-

330 556 426 580 tatem
453 547 616 578 ecelesiae.
662 547 788 589 Reliqui
814 558 889 578 vero
913 547 1070 588 episcopi,
1094 546 1149 588 qui
1173 545 1237 576 illic
1261 550 1327 576 tum
1352 544 1489 585 fuerunt,
1521 544 1551 575 hi
1575 550 1659 585 sunt,
1690 555 1824 586 quorum
1850 545 1980 575 nomina

330 599 512 641 subscripta
542 604 630 629 sunt:
660 598 895 629 Thiederiehus
926 598 1172 629 viridunensis·
1195 595 1350 628 ecclesiae
1381 597 1564 638 episcopus,
1596 596 1777 627 Henrichus
1808 596 1980 638 episcopus

331 651 479 689 Leodiac,
505 649 719 682 Chuonradus
742 650 914 691 episcopus
932 649 1148 681 Traiectensis
1172 648 1338 686 ecclesiae,
1363 647 1535 679 Udalricus
1552 648 1799 679 Eihstadensisb
1823 647 1979 679 ecclesiae

331 704 513 745 episcopus,
542 701 780 742 Mcginwardus
812 702 1029 743 Frisingensis
1060 700 1218 732 ecclesiae
1249 700 1432 741 episcopus,
1463 700 1540 731 Otto
1571 701 1743 742 episcopus
1774 699 1980 740 Ratisponae,

332 754 544 785 Ruobberdus
568 754 739 795 episcopus
761 753 1063 795 Babenbergensisc
1087 751 1252 792 eeclesiae,
1276 751 1532 782 Huozmannus‘¹
1551 752 1714 794 Spirensis
1738 750 1893 782 ecclesiae
1916 751 1979 792 epi-

331 817 459 847 scopus,
484 806 560 836 Otto
579 805 835 836 Constantiensis
860 805 1016 836 ecclesiae
1039 806 1223 846 episcopus,
1246 803 1430 834 Burcardus
1454 804 1627 845 episcopus
1650 803 1690 834 de
1707 803 1866 842 Losanna,
1890 801 1980 843 Sige-

330 857 431 888 fridus
455 858 627 898 episcopus
644 868 684 887 ex
703 857 861 898 Augusta,
886 855 1100 887 Gebehardus
1124 857 1295 897 episcopus
1314 854 1522 885 Behemensis
1541 855 1580 886 de
1598 855 1712 896 Praga,
1736 854 1808 886 Udo
1828 853 1980 885 Hildinis-

331 908 503 939 belmensis
534 908 688 940 ecclesiae
717 909 901 950 episcopus,
933 908 1113 939 lIenrichus
1145 906 1444 938 poderbrunnensis
1474 907 1658 948 episcopus,
1688 906 1776 948 Erph
1808 906 1980 948 episcopus

331 960 529 998 Monasterii,
554 960 703 991 Folcmar
726 960 905 991 Mindeusis
929 959 1087 991 ecclesiae
1112 960 1299 1001 episcopus3
1330 958 1410 989 Bibo
1435 958 1596 989 'Pullcnsis
1620 958 1775 990 ecclesiae
1799 958 1980 999 episcopus,

332 1013 406 1053 quia
432 1023 487 1052 per
510 1022 543 1042 se
568 1013 672 1053 ipsum
697 1011 810 1043 adesse
834 1023 897 1042 non
921 1012 1036 1053 potuit,
1067 1022 1125 1053 per
1153 1010 1276 1051 legatos
1306 1020 1391 1049 suOS,
1422 1011 1476 1051 qui
1506 1011 1577 1040 vice
1607 1021 1665 1040 sua
1694 1011 1878 1050 intererant,
1908 1009 1981 1040 huic

331 1063 456 1104 synodo
488 1064 650 1094 consensit
679 1070 710 1094 et
741 1064 948 1105 subscripsit,
978 1062 1163 1094 ssurcardus
1193 1072 1321 1103 quoque
1346 1061 1534 1092 Basiliensis
1564 1061 1720 1093 ecclesiae
1750 1062 1921 1103 episcopus
1950 1066 1982 1092 et

233 1126 258 1143 ·.
275 1127 285 1145 τ
306 1142 309 1145 .
333 1114 409 1145 Otto
428 1115 692 1156 strazburgensis
709 1115 862 1146 ecclesiae
879 1116 1053 1156 episcopus
1078 1125 1135 1156 per
1157 1113 1292 1154 ‘legatos
1317 1124 1391 1144 suos
1415 1118 1647 1144 consenserunt
1663 1119 1693 1144 et
1709 1113 1980 1154 subscripserunt,

246 2620 317 2643 uxxl)

331 1167 384 1208 qui
410 1171 540 1207 propter
564 1166 670 1197 hostes
695 1166 840 1197 ecclesiis
864 1167 929 1197 suis
953 1165 1127 1197 crudeliter
1150 1165 1244 1195 nimis
1269 1165 1473 1195 imminentes
1497 1165 1629 1195 domum
1655 1165 1779 1195 dimissi
1803 1170 1886 1195 sunt.
1938 1163 1981 1194 Et

332 1217 420 1247 multi
445 1217 538 1248 simul
564 1217 743 1259 presbyteri
767 1224 864 1260 atque
888 1218 1041 1249 diacones
1065 1217 1278 1248 interfuerant
1295 1215 1368 1246 huic
1386 1216 1509 1257 synodo
1533 1208 1771 1258 congregata&
1796 1217 1827 1247 in
1851 1216 1981 1247 civitate

330 1268 507 1309 Moguntia,
533 1268 586 1300 ubi
611 1276 642 1301 et
666 1271 820 1307 omnium,
845 1270 927 1300 sicut
948 1269 1067 1300 dietum
1085 1274 1142 1307 est,
1166 1268 1392 1309 episcoporum
1409 1267 1520 1298 aderat
1536 1278 1721 1306 consensus,
1746 1268 1815 1298 sivc
1832 1266 1871 1298 de
1888 1266 1981 1298 Italia

330 1321 397 1352 sive
414 1319 529 1360 Gallia,
553 1321 650 1352 inuno
674 1321 713 1352 de
737 1322 823 1352 omni
848 1320 1007 1351 catholica
1029 1319 1177 1360 ecclesia,
1201 1320 1233 1349 in
1257 1329 1392 1361 quorum
1416 1319 1546 1350 alternis
1563 1319 1715 1351 cordibus
1731 1320 1809 1350 vivit
1825 1318 1980 1361 spiritalis

330 1383 420 1403 amor
436 1378 468 1403 et
482 1373 597 1413 gratia,
621 1379 665 1413 ut,
689 1374 792 1404 sieut¹
818 1374 971 1404 unitatem
997 1378 1105 1403 tenere
1128 1371 1264 1402 firmiter
1285 1377 1317 1402 et
1333 1370 1500 1402 vindicare
1525 1371 1644 1403 debent
1661 1372 1802 1402 maxime
1825 1371 1980 1413 episcopi,

330 1425 385 1466 qui
402 1425 434 1455 in
451 1423 587 1455 ecclesia
603 1425 798 1466 praesident,
815 1425 859 1456 ita
875 1425 1097 1466 episcopatum
1115 1433 1243 1465 quoque
1261 1433 1359 1453 unum
1376 1428 1473 1465 atque
1490 1422 1663 1454 indivisum
1681 1422 1828 1464 probent.
1858 1421 1979 1454 Multae

329 1476 486 1518 siquidem
512 1475 665 1507 ecclesiae
689 1477 812 1508 faciunt
835 1487 931 1506 unam
956 1475 1147 1507 catholicam
1172 1474 1352 1512 ecelesiam,
1383 1479 1415 1505 et
1442 1473 1518 1506 licet
1547 1474 1653 1516 plures
1682 1475 1756 1506 facti
1785 1476 1849 1506 sint
1877 1485 1979 1506 sacer—

330 1527 430 1568 dotes,
454 1538 536 1558 unus
560 1534 667 1559 tamen
683 1534 731 1560 est
747 1529 953 1570 episcopatus
972 1533 1104 1569 propter
1119 1536 1215 1557 unam
1233 1525 1434 1567 eandemque
1450 1525 1619 1557 ecclesiam
1637 1525 1837 1558 catholicam.
1871 1526 1978 1566 Quam

330 1579 452 1610 scilicet
475 1580 629 1611 unitatem
655 1581 708 1622 qui
734 1591 796 1610 non
821 1585 915 1619 tenet,
939 1579 1063 1611 alienus
1080 1583 1137 1617 est,
1162 1578 1316 1619 profanus
1336 1584 1383 1608 est
1407 1583 1437 1609 et
1461 1577 1562 1609 hostis
1579 1584 1638 1618 cst,
1662 1579 1745 1610 sieut
1760 1590 1801 1609 ex
1817 1578 1978 1610 communi

330 1637 514 1662 sanctorum
537 1636 664 1672 patrum
690 1631 808 1662 iudicio
831 1631 1004 1663 diffinitum
1030 1637 1088 1662 est.
1140 1630 1204 1661 Sed
1235 1629 1333 1671 aliqui
1362 1629 1589 1671 episcoporum
1618 1631 1766 1661 exierunt
1787 1630 1828 1661 ab
1852 1630 1977 1662 illorum

331 1684 566 1723 communione,
591 1694 725 1725 quorum
751 1688 927 1714 conventus
951 1688 1001 1714 est
1024 1683 1093 1714 sive
1118 1692 1295 1713 consensus
1320 1680 1365 1711 ibi
1389 1680 1492 1712 suerat
1508 1692 1565 1723 pro
1582 1682 1804 1724 recuperanda
1827 1692 1906 1724 pace
1929 1681 1978 1713 vel

331 1735 486 1766 ccclesiae
511 1734 561 1766 vel
585 1735 629 1765 rei
654 1734 815 1776 publicae,
840 1735 894 1776 qui
918 1735 1013 1766 etiam
1039 1745 1080 1766 ex
1103 1732 1203 1764 multo
1227 1738 1372 1774 tempore
1396 1732 1569 1764 noluerunt
1591 1744 1692 1776 usque
1715 1733 1822 1765 adhuc
1839 1744 1980 1765 commu-

330 1787 438 1817 nicare
462 1786 529 1817 sedi
553 1786 761 1828 apostolicae,
791 1787 859 1818 sine
889 1787 980 1817 cuius
1003 1786 1194 1817 auctoritate
1218 1795 1276 1816 nec
1299 1785 1361 1826 ipsi
1385 1784 1514 1826 quidem
1540 1791 1676 1827 possunt
1697 1785 1833 1817 alicuius
1856 1786 1978 1828 episco-

331 1838 412 1880 palis
435 1838 533 1869 officii
557 1838 769 1869 ministerium
794 1838 927 1878 habere;
951 1837 1091 1880 ideoque
1114 1838 1258 1879 ipsorum
1276 1835 1403 1867 hereses
1427 1841 1459 1867 et
1481 1837 1634 1868 scismata
1649 1837 1690 1868 ab
1707 1837 1855 1869 omnibus
1872 1837 1978 1868 catho-

331 1891 399 1921 licis
425 1889 596 1931 reprobata
619 1895 694 1921 sunt
716 1895 814 1932 atque
838 1890 989 1921 damnata
1013 1900 1085 1920 cum
1110 1889 1189 1930 ipsis
1212 1887 1398 1919 auctoribus
1423 1888 1542 1930 parIter
1561 1895 1591 1920 et
1608 1889 1811 1920 consortibus
1827 1895 1979 1921 externae

331 1941 564 1972 communionis
587 1947 683 1983 atque
707 1942 873 1983 perfidiae.
920 1942 962 1973 Hi
986 1947 1092 1972 autem
1118 1946 1202 1980 sunt,
1227 1940 1281 1982 qui
1305 1945 1361 1970 aut
1383 1939 1537 1981 fugiendo
1560 1941 1767 1982 episcopatus
1789 1951 1865 1972 suos
1887 1940 1980 1972 dimi-

332 1998 450 2033 serunt,
480 1998 535 2023 aut
558 2003 612 2023 eos
637 2003 696 2034 per
721 1993 802 2024 bella
826 1995 968 2024 maxima
990 1993 1052 2025 sibi
1075 1992 1271 2024 vindicando
1295 1998 1542 2033 usurpaverunt,
1571 2003 1611 2023 ne
1635 1993 1911 2024 communicarent
1933 1993 1980 2024 eis

332 2045 385 2086 qui
411 2044 651 2075 communicant
674 2044 829 2076 catholico
854 2045 1040 2087 imperatori
1063 2043 1114 2075 vel
1138 2044 1206 2075 sedi
1234 2043 1446 2085 apostolicae:
1477 2043 1689 2075 Gebchardus
1713 2043 1980 2086 Salzburgensiss

333 2095 485 2126 ccclesiae
509 2095 784 2138 archiepiscopus,
811 2097 986 2138 l‘Iartvigus
1009 2094 1320 2137 Magadaburgensis
1344 2096 1498 2126 ecelesiae
1522 2095 1793 2137 archiepiscopus,
1818 2095 1980 2127 Adalbero

335 2148 628 2188 wirziburgensiss
644 2148 797 2179 ccclesiae
817 2149 999 2190 episcopus.
1025 2147 1154 2179 Alunan
1175 2147 1375 2178 l’ataviensis
1392 2147 1547 2178 ecclesiae
1564 2147 1748 2189 episcopus,
1774 2147 1980 2179 Adalberdus

335 2200 586 2230 wormaciensis
609 2198 764 2230 ecclcsiae
781 2201 964 2242 episcopus,
989 2199 1175 2230 Burcardus
1194 2198 1465 2230 Halberstatcnsis
1481 2198 1634 2230 ecclesiae
1651 2200 1836 2241 episcopus,
1853 2199 1980 2231 Werin-

335 2251 429 2281 hcrus
443 2249 718 2289 Merscburgcnsis
735 2251 890 2282 ecclcsiae
907 2252 1091 2293 episcopus,
1109 2250 1295 2281 Guntherus
1309 2251 1480 2282 Citicensis
1496 2250 1653 2282 ecclesiae
1669 2251 1851 2292 episcopus,
1869 2251 1980 2282 Benno

335 2302 518 2332 misinensis
548 2301 703 2333 ecclesiae
733 2303 915 2344 episcopus,
949 2302 1148 2344 llartvigush
1173 2302 1401 2333 wirdunensis
1424 2301 1579 2334 ecclesiae
1603 2303 1786 2344 episcopus,
1812 2301 1979 2333 HerIman-

335 2364 393 2383 nus
420 2353 572 2383 )l‹·t1=nsis
596 2353 750 2385 ccclesiae
775 2355 956 2396 episcopus,
983 2353 1207 2395 lleginhardus
1230 2353 1309 2385 alter
1332 2353 1510 2384 Mindensis
1534 2353 1689 2385 ecclesiae
1711 2354 1895 2395 episcopus,
1923 2365 1981 2395 per

335 2404 439 2435 studia
466 2405 603 2445 partium
628 2405 902 2441 suhintroductus,
920 2405 1045 2446 wigolt
1059 2405 1140 2436 alter
1156 2406 1323 2447 Augustae
1340 2406 1522 2447 episcopus.
1547 2417 1603 2447 per
1619 2405 1724 2436 studia
1744 2406 1882 2447 partium
1906 2405 1979 2437 sub-

337 2456 548 2489 introductus,
580 2456 792 2487 tiela-hardus
823 2457 902 2488 alter
931 2457 1189 2489 constantiensis
1219 2456 1375 2489 ecclesiae
1406 2458 1588 2499 episcopus,
1621 2468 1677 2498 pei·
1707 2456 1812 2488 studia
1838 2457 1978 2499 partium

337 2507 610 2546 subintroductus,
645 2508 826 2539 llonrichus
855 2509 934 2540 alter
966 2508 1265 2540 Podcrbrimncnsis
1297 2509 1484 2550 episcopus,
1518 2520 1572 2550 pcr
1602 2508 1710 2539 studia
1739 2509 1876 2550 partium
1907 2507 1979 2539 sub-

337 2559 548 2597 introductus,
573 2558 626 2589 sed
652 2571 690 2589 ιιι·
715 2560 819 2590 adhuc
844 2560 971 2602 quidem
999 2560 1152 2591 initiatus.

441 2611 491 2640 20.
538 2609 591 2640 Isti
619 2611 678 2640 XV
705 2613 919 2651 priwl‘vrcntcs
951 2622 1064 2642 nomen
1097 2611 1267 2643 sacerdotii
1300 2622 1396 2653 saepe
1427 2618 1521 2643 antea
1552 2612 1728 2649 ammoniti,
1760 2622 1844 2642 nunc
1873 2616 1978 2643 autem

338 2661 526 2701 regulariter
550 2662 664 2698 vocati,
696 2663 772 2703 quia
795 2662 964 2693 noluerunt
989 2663 1028 2693 ad
1055 2674 1165 2704 pacem
1190 2663 1309 2694 Christi
1333 2671 1363 2694 et
1387 2663 1542 2694 ccclesiae
1566 2664 1694 2703 reverti,
1722 2674 1761 2693 ex
1791 2663 1980 2694 auctoritate

450 2749 478 2768 a>
499 2743 690 2767 vindomensis
715 2745 735 2766 1.
813 2744 839 2769 b)
861 2744 972 2768 Einstat.
997 2745 1017 2768 1.
1095 2746 1119 2769 cl
1145 2746 1312 2777 Rabcnburg.
1337 2747 1359 2770 l.
1436 2745 1463 2776 d)
1487 2746 1597 2770 Huorm.
1621 2746 1644 2770 1.
1720 2746 1747 2773 e)
1768 2748 1930 2777 congregata
1953 2745 1981 2775 1,

340 2790 452 2815 Schurd.
467 2788 624 2814 emendarit.
701 2788 719 2813 sl,
744 2789 891 2816 saltzburg.
912 2792 932 2813 1.
1009 2794 1035 2819 11)
1059 2791 1177 2814 wir-izin
1197 2792 1218 2815 1.
1295 2791 1323 2821 h)
1344 2792 1509 2823 Hartuingus
1536 2793 1557 2816 1.

450 2860 476 2891 1)
502 2859 546 2892 Cr.
571 2859 608 2885 nd
631 2859 773 2892 sequentia
799 2859 933 2892 prri'uu.
958 2860 991 2885 de
1015 2860 1087 2885 cath.
1112 2860 1176 2886 eccl.
1202 2861 1268 2890 unit,
1293 2863 1306 2890 ,ὃ
1331 2861 1359 2887 5.
1378 2861 1405 2893 6,
1425 2869 1455 2895 p.
1474 2861 1544 2888 ⁴213.
1562 2860 1632 2887 214.

2000 711 2028 730 10

2002 969 2028 988 1⁵

1999 1228 2027 1248 20

1999 1489 2027 1508 25

1999 1747 2027 1765 80

2000 2004 2027 2023 ³5

1999 2261 2028 2279 ⁴⁰

1999 2517 2028 2536 ⁴5

2001 2797 2038 2816 ⁶0-
