2132 3067
642 164 832 191 LissELLUS
855 165 906 191 DE
930 164 1172 193 SYMONIACIS.
1669 162 1731 194 553

86 264 200 295 magna
222 252 435 284 admiratione
465 258 538 283 ante
569 254 759 294 episcopum
789 264 860 284 eum
892 253 1022 285 ducunt.
1068 254 1248 296 Interrogat
1279 266 1351 286 eum
1383 256 1564 297 episcopus,
1596 255 1733 298 qualiter

86 306 163 336 haec
190 305 218 336 ei
243 304 350 335 omnia
373 304 567 335 evenissent.
612 304 729 335 Narrat
758 303 810 334 ille
841 309 957 336 cuncta
985 316 1042 346 per
1070 305 1224 337 ordinem.
1271 306 1360 338 Dicit
1388 318 1421 338 se
1452 307 1571 338 vidisse
1602 308 1731 338 beatum

85 357 235 395 Leonem,
266 359 298 386 et
328 366 401 385 cum
431 360 504 386 ante
535 355 604 386 eius
634 355 792 386 tumulum
825 354 1049 395 obdormisset,
1087 356 1139 387 ille
1168 358 1299 388 veniens
1329 359 1360 388 in
1393 363 1469 390 orea
1500 359 1583 390 illius
1612 359 1732 400 digitos

84 408 189 451 posuit
212 411 244 438 et
266 406 322 437 diu
345 406 475 448 ligatam
501 406 668 447 linguamb
692 406 843 438 absolvit.

54 480 67 500 s
187 468 216 498 9.
260 466 354 498 Nune
375 472 482 498 autem
515 473 642 508 tempus
665 473 838 507 ammonet,
870 472 904 498 ut
928 467 1014 509 quod
1043 468 1192 509 superius
1216 470 1349 509 promisi
1381 481 1553 511 exponam,
1584 470 1732 502 videlicet

85 519 169 562 quod
199 529 258 559 ego
290 529 352 549 non
381 519 448 549 sine
481 519 616 560 imperio
646 519 708 549 ista
737 519 938 550 dictaverim.
983 518 1053 549 Hac
1080 519 1162 550 enim
1196 522 1349 560 preterita
1384 522 1630 563 quadragesima
1659 533 1730 552 cum

84 571 183 602 Rome
211 580 365 609 essemus,
396 570 445 600 vir
467 569 561 600 valde
585 569 780 601 venerabilis
812 569 971 601 Iohannes
996 570 1265 602 Tusculanensis¹
1298 573 1479 614 episcopus,
1512 573 1651 614 quadam
1680 574 1731 604 die

85 633 156 653 cum
179 620 220 652 ad
242 621 413 652 aeclesiam
439 621 711 659 convenissemus,
742 623 832 653 venit
854 622 894 652 ad
919 633 969 652 mc
993 621 1047 653 ubi
1071 633 1131 664 ego
1156 624 1291 662 stabam,
1322 630 1490 665 praesente
1512 624 1639 656 Ubaldo
1662 626 1730 656 viro

83 672 338 714 religiosissimo,
367 672 539 704 Sabinensi
570 673 747 714 episcopo²
783 678 814 704 et
843 672 914 704 aliis
946 674 1151 715 quibusdam,
1189 680 1219 705 et
1251 675 1334 706 dixit
1364 675 1475 707 michi:
1516 676 1597 717 ‘Ego
1630 676 1670 707 ad
1702 682 1731 708 te

39 736 65 756 ιο
83 724 211 756 nuntius
234 724 352 755 missus
375 723 464 756 sum'.
510 724 643 755 Stabam
666 729 772 755 autem
798 736 857 765 ego
880 730 1032 762 attentus,
1063 725 1139 767 quid
1171 726 1267 757 michi
1299 727 1405 758 dicere
1429 727 1592 760 voluisset.
1639 728 1732 759 Tunc

83 775 150 807 ille:
179 775 343 814 ‘Mandat³‚
372 775 487 817 inquit,
519 775 588 806 ‘tibi
616 775 682 807 Leo
713 787 811 818 papa,
840 782 874 808 ut
902 776 958 807 des
990 776 1035 807 illi
1065 783 1194 808 centum
1228 778 1316 808 milia
1345 778 1540 810 solidorum'.
1586 780 1628 810 At
1657 791 1731 821 ego:

83 827 179 867 ‘Quid
201 826 347 857 narras'?
369 827 512 869 inquam.
559 827 600 858 Et
623 828 682 858 ait:
714 828 846 859 ‘Verum
871 828 943 859 dico
968 829 1036 868 tibi,
1068 829 1113 859 sic
1145 830 1203 860 tibi
1234 830 1384 869 mandat'‚
1415 835 1445 861 et
1476 836 1551 861 tunc
1583 842 1619 862 ea
1650 841 1731 873 quae

82 878 206 910 viderat
234 878 332 909 michi
361 890 418 920 per
449 879 594 909 ordinem
619 890 750 910 narrare
774 879 870 921 cepit.
915 879 1016 919 ‘Hac',
1046 880 1159 921 inquit,
1191 885 1304 921 ‘nocte,
1333 892 1405 912 curn
1438 893 1499 922 ego
1531 883 1731 923 dormissem,

83 931 193 962 beatus
216 930 282 961 Leo
311 941 383 961 cum
414 929 592 972 pontificali
621 936 781 973 apparatu
812 931 909 962 miehi
941 932 973 961 in
1005 933 1125 962 somnis
1149 934 1300 974 apparuit
1323 933 1448 964 dicens:
1478 934 1589 965 “Vade
1619 940 1649 965 et
1679 934 1731 965 dic

36 992 63 1012 15
83 982 246 1024 Signiensi
275 982 441 1024 episcopo,
476 986 511 1012 ut
547 982 602 1013 det
633 981 729 1013 michi
766 988 893 1013 centurn
925 982 1013 1014 milia
1043 983 1250 1014 solidorum“.
1301 983 1450 1026 Cumque
1480 996 1539 1026 ego
1568 986 1651 1017 infra
1681 997 1731 1016 me

83 1034 256 1075 cogitarem
280 1039 310 1064 te
334 1038 398 1064 tam
423 1032 556 1064 divitem
581 1044 643 1064 non
667 1044 748 1073 esse,
779 1040 813 1065 ut
836 1039 956 1065 tantam
982 1036 1173 1076 peccuniam
1198 1036 1227 1066 ei
1251 1035 1327 1067 dare
1351 1037 1522 1077 potuisses,
1552 1036 1604 1068 ille
1627 1048 1730 1068 meam

83 1085 330 1127 cogitationemc
353 1084 537 1126 intelligens
561 1085 622 1116 ait:
653 1085 765 1116 “Vade
789 1091 819 1117 et
844 1085 895 1116 dic
919 1086 958 1126 ei,
983 1092 1018 1117 ut
1040 1087 1094 1118 det
1118 1087 1215 1118 michi
1239 1094 1366 1118 centum
1389 1088 1477 1118 milia
1499 1094 1554 1119 aut
1577 1089 1731 1130 quinqua-

81 1138 170 1179 ginta
192 1136 312 1168 milia“.
358 1136 449 1168 Haec
473 1137 606 1167 mandat
629 1137 696 1168 tibi.
744 1137 826 1168 Vide
849 1148 925 1178 ergo
956 1137 1033 1179 quid
1062 1139 1090 1169 ei
1114 1138 1331 1180 respondeas'.
1376 1139 1468 1170 Tunc
1493 1151 1553 1181 ego
1577 1140 1730 1172 sollicitus

82 1199 204 1220 mecum
233 1189 306 1230 ipse
336 1188 478 1230 cogitare
509 1189 612 1230 coepi,
645 1187 723 1230 quid
754 1189 832 1219 haec
857 1188 929 1219 talis
953 1190 1036 1220 visio
1060 1189 1156 1220 michi
1179 1191 1384 1232 significaret,
1415 1198 1446 1222 et
1470 1196 1543 1232 post
1565 1191 1730 1233 paululum

36 1249 63 1269 ιο
81 1241 276 1281 interrogavi
299 1239 500 1281 episcopum,
525 1240 550 1270 si
568 1239 681 1271 beatus
704 1240 770 1271 Leo
794 1251 844 1271 me
869 1240 953 1272 illam
974 1242 1164 1282 peccuniam
1190 1243 1266 1273 dare
1290 1248 1345 1273 aut
1363 1244 1501 1273 mutuari
1525 1248 1581 1274 aut
1596 1244 1730 1275 reddere

81 1292 235 1331 iussisset,
266 1295 297 1323 et
324 1290 377 1321 ille
401 1291 584 1332 respondit:
616 1292 709 1330 ίΝοῐῑ,
740 1291 796 1323 sed
821 1291 914 1324 dare'.
961 1293 1044 1323 Tum
1075 1304 1134 1335 ego
1158 1293 1389 1336 aliquantulum
1422 1294 1619 1326 confortatus
1648 1307 1730 1327 sum.

81 1342 217 1374 Multum
248 1343 333 1373 enim
358 1342 456 1373 distat
483 1354 523 1374 an
547 1342 623 1374 dare
656 1353 696 1373 an
720 1343 854 1375 reddere
878 1343 998 1386 aliquid
1025 1344 1211 1376 debeamus.
1256 1345 1425 1377 Timebam
1455 1347 1551 1384 enim,
1582 1358 1620 1378 ne
1650 1347 1730 1378 forte

80 1395 112 1426 in
135 1394 243 1437 aliquo
266 1405 338 1426 eum
368 1394 583 1433 offendissem,
615 1394 700 1436 quod
732 1405 772 1425 ex
801 1394 910 1426 debito
939 1395 1063 1427 solvere
1094 1402 1125 1427 et
1155 1398 1337 1427 necessario
1373 1397 1507 1429 reddere
1537 1398 1731 1430 debuissem.

80 1446 288 1478 Memineram
311 1451 467 1487 preterea,
499 1445 586 1487 quod
610 1446 679 1477 eius
703 1445 861 1478 festivitas
884 1446 959 1477 olim
984 1448 1015 1478 in
1040 1454 1149 1479 nostra
1171 1448 1310 1479 aeclesia
1333 1448 1580 1488 caelebmretur,
1603 1451 1634 1480 in
1659 1461 1732 1492 qua,

35 1507 61 1527 25
81 1499 156 1540 quia
184 1509 245 1539 ego
276 1509 326 1529 me
354 1497 563 1539 neglegenter
592 1497 702 1538 habui,
733 1503 798 1529 tota
829 1497 874 1529 ibi
903 1499 1060 1530 festivitas
1091 1500 1162 1540 ipsa
1185 1500 1334 1531 cessavit.
1380 1500 1497 1531 Pareat
1527 1502 1594 1542 ipse
1625 1501 1732 1541 michi,

81 1550 155 1591 quia
176 1560 240 1580 non
264 1559 377 1591 parum
401 1560 452 1579 me
476 1550 507 1579 in
533 1548 592 1580 hoc
610 1559 762 1590 peccasse
778 1560 949 1590 cognosco.
996 1550 1077 1581 Cum
1102 1556 1210 1581 autem
1235 1551 1275 1582 ab
1292 1550 1429 1582 aeclesia
1445 1551 1575 1582 domum
1592 1553 1730 1584 redirem

81 1606 112 1632 et
134 1600 215 1631 hanc
237 1601 393 1632 visionem
422 1601 540 1631 nostris
563 1600 691 1631 clericis
715 1612 908 1640 narrassem,
941 1601 1053 1632 eadem
1086 1602 1181 1633 michi
1211 1608 1433 1644 exposuerunt
1464 1614 1546 1645 quae
1575 1605 1637 1634 iam
1669 1615 1730 1646 ego

80 1652 148 1694 ipse
171 1658 278 1683 mente
301 1662 522 1693 conceperam.
567 1652 733 1683 Dixerunt
756 1653 857 1684 enim:
882 1653 957 1684 ‘Nos
980 1653 1099 1684 nullam
1124 1653 1219 1684 aliam
1246 1655 1417 1696 pecuniam
1443 1655 1526 1685 hunc
1549 1667 1617 1686 esse
1641 1661 1731 1697 puta-

81 1714 160 1743 mus,
184 1714 280 1745 quam
305 1703 417 1734 beatus
441 1703 507 1735 Leo
536 1715 554 1734 a
577 1709 608 1735 te
632 1705 778 1746 requirit,
808 1705 868 1735 nisi
892 1710 926 1735 ut
950 1704 988 1736 de
1013 1716 1050 1736 eo
1074 1705 1195 1747 aliquid
1221 1705 1342 1736 scribas
1374 1706 1459 1748 quod
1484 1708 1553 1737 eius
1578 1708 1731 1738 memorie

35 1766 62 1786 ιο
81 1756 281 1789 conveniant.
327 1755 418 1787 Haec
448 1762 496 1786 est
524 1756 608 1787 enim
633 1757 792 1797 peccunia
815 1761 880 1787 tua.
925 1757 1038 1798 Neque
1061 1758 1132 1798 ipse
1156 1756 1218 1787 alia
1241 1759 1398 1799 peccunia
1422 1758 1565 1799 indigere
1586 1759 1731 1790 videtur'.

80 1806 204 1839 Placuit
232 1806 330 1838 michi
355 1807 440 1849 quod
469 1818 539 1839 meo
562 1807 738 1839 intellectui
766 1807 901 1839 aliorum
932 1819 1060 1850 quoque
1091 1808 1273 1840 intellectus
1303 1810 1557 1849 concordabant,
1588 1816 1619 1841 et
1649 1810 1730 1841 bene

81 1858 209 1900 quidem
230 1859 364 1890 scientia
386 1859 418 1889 in
435 1860 594 1900 peccunia
611 1859 821 1901 significatur.
868 1859 963 1898 Quod
988 1861 1019 1890 in
1036 1859 1207 1901 euangelio
1225 1872 1352 1902 quoque
1377 1872 1413 1892 eo
1437 1861 1507 1892 loco
1532 1861 1730 1901 intelligitur,

79 1909 134 1941 ubi
158 1909 308 1942 Salvator
329 1916 439 1941 noster
461 1912 564 1941 servis
587 1911 654 1942 suis
677 1911 796 1942 talenta
819 1911 967 1952 partitur.
1013 1911 1076 1942 Sed
1108 1922 1207 1952 quare
1230 1917 1358 1943 centum
1390 1912 1478 1943 milia
1499 1913 1549 1944 vel
1574 1915 1729 1955 quinqua-

79 1961 168 2003 ginta
190 1960 279 1992 milia
301 1961 459 2003 requirit?
504 1961 628 1993 Horum
654 1963 737 1994 enim
763 1963 899 1994 duorum
925 1963 1154 1993 numerorumd
1177 1963 1258 1994 alter
1281 1969 1329 1994 est
1353 1964 1526 2005 perfectus,
1550 1965 1630 1996 alter
1653 1976 1728 1996 vero

35 2023 61 2043 ³⁵
79 2013 286 2055 inperfectus.
332 2013 466 2044 Cencies
490 2024 629 2055 namque
653 2013 739 2045 mille
755 2014 806 2045 vel
830 2014 934 2045 milies
957 2020 1084 2045 centum
1109 2015 1189 2045 fiunt
1213 2021 1340 2046 centum
1366 2015 1462 2047 milia.
1508 2017 1570 2055 Qui
1595 2023 1730 2059 uterque

81 2075 242 2105 numerus,
265 2064 298 2095 id
321 2070 370 2096 est
392 2070 520 2096 centum
546 2071 577 2096 et
592 2065 688 2105 mille,
713 2066 786 2097 ideo
803 2066 964 2108 perfectus
989 2071 1046 2105 est,
1071 2067 1146 2108 quia
1170 2066 1347 2098 nonhabet
1370 2066 1423 2097 ubi
1443 2074 1575 2099 crescat.
1615 2068 1728 2099 Omnis

81 2117 162 2147 enim
187 2128 237 2148 res
260 2121 325 2147 tam
343 2117 398 2147 diu
414 2117 610 2158 inperfectae
634 2123 691 2158 est,
716 2128 812 2159 quam
830 2117 885 2148 diu
902 2119 933 2148 in
950 2117 1058 2159 aliquo
1075 2128 1216 2149 crescere
1233 2123 1346 2159 potest.
1394 2118 1605 2150 Centenarius
1622 2125 1728 2151 autem

81 2167 132 2198 vel
155 2167 351 2199 millenarius
374 2179 526 2200 numerus
549 2168 700 2210 replicari
718 2169 848 2211 quidem
872 2175 988 2212 potest,
1011 2181 1153 2200 crescere
1177 2176 1283 2201 autem
1308 2181 1371 2200 non
1388 2175 1504 2212 potest.
1550 2171 1609 2202 Est
1633 2172 1730 2213 igitur

82 2219 251 2260 perfectus.
297 2221 411 2252 Omnis
435 2221 519 2251 enim
545 2221 599 2262 qui
616 2226 773 2261 numerat,
797 2227 967 2263 postquam
986 2222 1073 2251 venit
1095 2221 1135 2252 ad
1160 2227 1287 2252 centum
1312 2221 1362 2253 vel
1386 2222 1426 2253 ad
1452 2222 1547 2257 mille,
1572 2223 1615 2252 ibi
1633 2222 1728 2253 finem

36 2281 62 2300 ιο
83 2270 157 2301 facit
179 2272 359 2314 iterumque
381 2272 423 2304 ab
448 2283 510 2303 uno
535 2283 706 2302 numerare
730 2273 854 2315 incipit.
900 2273 1206 2315 Quinquagenarius
1228 2279 1334 2304 autem
1357 2284 1510 2304 numerus
1534 2274 1729 2315 inperfectus

83 2327 138 2362 est,
168 2323 243 2364 quia
271 2324 304 2354 in
335 2323 443 2354 medio
474 2324 658 2355 centenario
682 2325 818 2366 positus,
849 2336 954 2366 neque
983 2324 1078 2355 finem
1108 2325 1184 2355 facit
1214 2329 1245 2355 et
1275 2324 1357 2356 ultra
1387 2336 1421 2355 se
1452 2325 1583 2357 tendere
1614 2331 1729 2368 potest.

84 2373 178 2413 Quod
208 2375 307 2415 igitur
333 2376 383 2406 vir
413 2375 620 2406 beatissimus
652 2376 817 2407 mandavit
845 2375 952 2415 michi,
982 2381 1016 2406 ut
1044 2376 1152 2407 darem
1186 2376 1245 2407 sibi
1278 2377 1514 2418 quinquaginta
1541 2377 1629 2408 milia
1658 2377 1730 2409 soli-

84 2424 205 2465 dorum,
234 2427 396 2468 quoniam,
427 2432 461 2457 ut
485 2427 544 2457 sibi
568 2426 740 2458 videbatur
770 2433 802 2459 et
831 2429 860 2459 ei
890 2428 939 2459 cui
970 2428 1038 2469 ipse
1062 2427 1264 2469 loquebatur,
1297 2433 1423 2458 centum
1449 2428 1537 2459 milia
1567 2428 1643 2460 dare
1667 2441 1730 2460 non

85 2481 238 2518 poteram,
269 2478 347 2519 quid
376 2478 464 2509 aliud
495 2479 666 2519 significat,
698 2479 760 2509 nisi
791 2489 829 2510 ea
860 2490 941 2520 quae
972 2479 1011 2509 ad
1044 2480 1145 2521 ipsius
1175 2479 1302 2510 laudem
1334 2485 1365 2510 ct
1395 2480 1530 2521 gloriam
1560 2482 1729 2522 pertinent,

40 2537 66 2557 ⁴5
85 2528 220 2569 perfecte
241 2540 372 2561 narrare
398 2529 599 2571 inciperem?
643 2530 730 2561 Dedi
761 2531 859 2571 igitur
890 2531 917 2561 ei
948 2530 1122 2561 solidorum
1154 2531 1391 2573 quinquaginta
1422 2532 1520 2571 milia,
1551 2533 1626 2574 quia
1655 2533 1730 2564 dare

193 2634 218 2665 a)
242 2635 298 2659 eius
319 2635 394 2665 add„
413 2635 460 2659 secl
480 2635 531 2659 del.
556 2637 578 2660 l.
646 2635 676 2666 b)
697 2636 767 2660 deest
790 2637 813 2660 l.
882 2638 908 2661 e)
930 2640 943 2660 ἕ
964 2644 976 2659 e
997 2644 1064 2660 corr.
1085 2636 1131 2667 (ex
1152 2630 1212 2667 Ε’Ῥ)
1234 2638 1257 2660 1.
1326 2637 1351 2668 d)
1376 2642 1436 2661 nur-n
1462 2638 1484 2662 1.
1552 2642 1578 2665 e)
1599 2638 1626 2662 in
1648 2647 1731 2670 mar-9.

84 2686 165 2703 mnu
184 2687 252 2705 saec.
266 2679 359 2706 XVII.
380 2682 548 2713 imperfecta;
570 2682 734 2713 inperfectus
757 2683 779 2706 1.

192 2772 220 2806 1)
242 2773 344 2799 Nescio
367 2777 459 2800 utrum
481 2775 621 2801 Iohannes
644 2775 668 2801 I.
693 2784 729 2801 an
754 2775 794 2803 II.
921 2775 950 2803 2)
974 2774 1049 2800 Anni
1069 2775 1215 2809 reyiminis
1245 2775 1303 2801 eius
1329 2784 1383 2801 ‘non
1407 2778 1541 2802 coustant.
1588 2775 1619 2801 A.
1641 2776 1729 2802 1102.

85 2821 141 2848 iam
166 2822 338 2850 Creecentius
361 2825 445 2859 episc.
470 2826 569 2853 Sabin.
594 2827 731 2859 occurrit,-
755 2826 792 2859 cf.
817 2826 913 2858 Gams,
938 2826 1034 2853 Series
1056 2827 1139 2860 episc.
1161 2836 1191 2860 p.
1209 2833 1274 2854 XIII.

156 2878 253 2903 Libeui
273 2879 305 2903 de
324 2879 378 2904 lite.
409 2880 443 2904 II.
1466 2880 1498 2903 70

1749 1901 1900 1954 Manliisbua
