2132 3067
205 257 292 276 ‹thu-2
301 258 357 276 ’.ξ-ΗΜ

214 665 276 683 Rom,
290 664 322 687 13,
336 665 352 682 1.

263 1053 292 1073 rs,

203 1084 353 1107 tienu‘llsssq.

203 1127 353 1149 cf.Dun.3,u2,

202 1175 354 1199 cs.101·11,51.

207 1329 271 1351 hnc-g
282 1329 327 1349 26.1
337 1330 353 1347 1.

231 1638 350 1661 ib.16,13,

202 1741 284 1763 anog.
296 1742 354 1765 uma.

211 2105 273 2123 unni.
289 2105 349 2124 13,1,

207 2209 223 2226 1.
234 2207 283 2225 'rnn
304 2211 320 2229 2¹,
334 2210 344 2225 ζ’

233 2361 254 2378 n·
274 2361 312 2382 im
335 2362 353 2379 -ι,

227 2512 293 2530 Ηιὼῐ,
306 2513 325 2533 2,
337 2514 354 2532 24

375 153 437 184 470
861 149 1031 178 IIUGONIS
1055 148 1231 176 MONACHI
1255 148 1530 176 FLORIACENSIS

375 250 481 275 noster
507 244 595 273 lesus
620 241 766 272 Christus
799 241 829 270 in
859 239 951 270 terris
979 239 1104 279 positus
1136 237 1228 268 nobis
1261 237 1426 268 evidenter
1448 238 1598 276 ostendit,
1630 248 1702 268 cum
1729 237 1890 269 Herodem
1914 249 2023 279 regem

376 294 680 325 truculentissimum
713 291 874 322 humiliter
903 289 1066 320 evitavit1.
1119 288 1200 319 Nam
1232 287 1320 319 illurn
1351 288 1479 319 valebat
1511 299 1568 318 sua
1599 288 1651 319 illa
1683 289 1833 320 nimirum
1866 295 2024 330 potestate

377 347 541 388 perimere,
573 355 636 386 qua
659 343 699 374 ad
724 354 756 373 se
781 341 980 373 adorandum
1006 350 1117 381 magos
1147 351 1165 370 a
1189 339 1372 382 longinquis
1401 339 1588 381 regionibus
1618 339 1769 381 dignatus
1800 345 1849 371 est
1878 351 2046 372 evocare.-

375 398 446 437 lpse
477 397 571 427 etiam
605 393 808 436 postmodum
839 394 999 424 sevientes
1029 393 1060 422 in
1090 402 1123 421 se
1155 391 1318 432 principes
1347 391 1551 422 sacerdotum
1584 402 1660 433 sepe
1691 402 1749 422 sua
1780 391 2026 422 mansuetudine

373 447 555 486 declinavit,
579 453 609 476 ct
634 446 767 487 leprosis
792 445 895 483 iussit,
920 451 953 474 ut
976 444 1067 474 iuxta
1090 441 1170 482 legis
1195 442 1324 473 decreta
1348 453 1382 473 se
1406 443 1451 472 eis
1469 442 1684 482 ostenderent,
1710 453 1905 485 quamquam
1930 443 2027 474 sciret

374 511 427 529 cos
459 499 608 539 indignos
640 497 796 537 dignitate
827 494 1029 533 sacerdotali,
1064 505 1103 524 nc
1132 494 1178 524 eis
1210 493 1442 534 praeiudicium
1478 493 1584 525 facere
1616 494 1788 526 videretur.
1836 494 2026 526 Honorandi

373 551 467 581 etiam
494 555 567 579 sunt
592 560 712 586 omnes,
738 549 792 589 qui
817 549 848 578 in
874 552 1030 588 potestate
1049 545 1144 586 positi
1169 551 1253 583 sunt,
1277 544 1317 575 ab
1343 545 1392 576 his
1409 545 1526 587 quibus
1543 551 1706 587 praesunt,
1730 546 1789 577 etsi
1813 557 1875 577 non
1892 551 2026 588 propter

373 614 416 642 se,
441 601 489 631 vel
514 606 645 642 proptor
669 600 812 630 ordinem
838 605 869 629 et
892 597 1040 639 gradum,
1065 607 1158 638 quem
1185 607 1203 626 a
1221 596 1292 627 Deo
1309 603 1515 638 acceperunt.
1561 596 1615 628 Sic
1639 597 1723 628 enim
1748 597 1838 629 iubet
1860 597 2027 640 apostolus

374 654 499 684 dicens:
522 652 688 690 Omnibus,
712 651 824 692 inquit,
838 649 1052 691 potestatibus
1068 649 1313 679 sublimioribus
1329 649 1452 680 subditi
1467 653 1572 680 estote.
1617 649 1693 680 Non
1717 654 1763 680 est
1785 651 2028 691 enimpotestas

377 706 441 735 nisi
465 716 483 734 a
510 704 586 734 Deo.
636 702 726 738 Quae
750 703 835 733 enim
859 706 946 741 sunt,
969 712 990 731 a
1014 700 1083 730 Deo
1107 700 1282 731 ordinatae
1305 705 1390 731 sunt.
1439 700 1512 742 Ipse
1535 711 1662 742 nempe,
1686 701 1767 732 sieut
1790 701 1853 732 iam
1877 701 2026 742 superius

375 762 535 786 ostensum
561 761 618 791 est,
650 766 707 796 per
731 764 846 795 pravas
870 751 1025 782 malorum
1051 750 1214 782 hominnm
1241 751 1422 782 voluntates
1449 751 1582 794 explere
1606 763 1837 794 nonnunquam
1861 752 2028 784 consuevit

375 819 462 838 suam
493 817 628 848 acquam
661 816 698 836 ac
727 805 935 836 iustissimam
967 802 1174 841 voluntatem,
1206 803 1289 834 sicut
1322 814 1378 844 per
1402 803 1520 835 Iudeos
1543 803 1720 843 malivolos,
1750 803 1835 835 bona
1863 802 2030 834 voluntate

376 859 488 897 Patris,
513 858 660 889 Christus
692 868 750 898 pro
779 856 872 888 nobis
904 855 1028 885 occisus
1051 861 1107 885 est.
1154 854 1250 894 Quod
1274 855 1411 886 scientes
1435 862 1532 898 atque
1555 855 1733 896 credentes,
1764 861 1796 886 et
1818 860 2026 898 praeceptum

371 909 507 952 apostoli
541 910 661 951 pariter
691 908 908 946 observantes,
944 906 1039 937 etiam
1069 905 1204 946 gentiles
1236 907 1267 937 in
1297 912 1458 948 potestate
1488 907 1610 949 positos
1640 906 1845 946 honoramus,
1883 912 1915 938 et
1945 905 2029 938 mala

374 972 455 1003 qnae
473 960 565 991 nobis
590 962 739 1001 ingerunt
759 959 994 1001 aequanimiter
1017 958 1200 996 toleramus,
1225 969 1264 989 ne
1282 958 1354 989 Deo
1379 959 1528 989 iniuriam
1553 959 1658 990 facere
1675 958 1854 998 videamur,
1879 960 1933 1001 qui
1957 957 2028 989 illos

375 1012 495 1043 ordinis
520 1011 611 1043 titulo
636 1023 731 1053 super
755 1012 900 1042 homines
925 1010 1040 1042 extulit
1062 1016 1159 1051 atque
1183 1009 1369 1041 sublimavit
1379 1015 1400 1049 ³,
1428 1009 1501 1041 licet
1524 1009 1568 1040 illi
1592 1009 1719 1051 indigni
1742 1011 1807 1041 sint
1829 1010 1941 1041 ordine
1964 1020 2028 1052 quo

374 1064 530 1095 fruuntur.
576 1063 655 1094 Nam
682 1070 712 1095 ot
735 1074 827 1103 reges
851 1063 1006 1104 reprobos
1029 1061 1148 1092 divinis
1172 1061 1422 1093 revelationibus
1454 1062 1617 1092 cernimus
1641 1061 1824 1093 honoratos.
1868 1061 2029 1093 Pharaoni

375 1127 489 1156 nempe
518 1116 641 1146 futurae
673 1115 765 1146 samis
793 1109 998 1156 sompniumb
1029 1113 1182 1144 divinitus
1213 1117 1261 1143 est
1290 1112 1477 1144 revelatum.
1523 1113 1563 1144 Et
1586 1113 1897 1149 Nabuchodonosor,
1920 1113 2029 1144 multis

374 1166 563 1205 astantibus,
594 1166 693 1197 filium
728 1167 790 1197 Dei
819 1167 850 1196 in
880 1166 1007 1197 camino
1034 1166 1119 1206 ignis
1150 1165 1233 1196 inter
1261 1170 1325 1196 tres
1356 1176 1474 1207 pueros
1501 1164 1620 1206 legitur
1650 1165 1830 1207 agnovisse.
1887 1163 2029 1206 caiphas

375 1229 501 1260 quoque
525 1217 790 1249 sceleratissimus
814 1218 960 1259 pontifex
986 1216 1196 1259 prophetasse
1219 1217 1428 1258 cognoscitur
1449 1216 1636 1258 euangelico
1660 1216 1866 1256 documento,
1882 1227 1944 1247 non
1970 1217 2030 1248 uti-

375 1281 436 1311 que
455 1271 566 1301 merito
583 1281 650 1310 suo,
675 1269 730 1300 scd
754 1269 876 1300 ordinis
893 1267 1101 1300 sacerdotalis
1124 1269 1238 1309 gratia,
1263 1278 1327 1310 qua
1342 1268 1406 1300 Dei
1430 1269 1513 1300 iusto
1530 1275 1685 1310 certoque
1707 1268 1875 1300 fruebatur
1896 1267 2027 1299 iudicio.

377 1321 481 1351 David
512 1322 607 1352 etiam
634 1320 765 1352 Sanlmn
798 1332 917 1361 regem,
947 1332 1042 1362 quem
1072 1331 1090 1350 a
1121 1321 1191 1352 Deo
1221 1319 1343 1351 sciebat
1373 1330 1443 1351 esse
1473 1320 1679 1361 reprobatum
1709 1325 1806 1363 atque
1832 1319 2028 1362 depositum,

375 1372 606 1412 honorificavit,
631 1373 675 1404 ita
699 1380 732 1403 ut
754 1373 786 1403 in
810 1371 898 1403 illum
923 1371 1098 1403 extendere
1123 1383 1251 1402 manum
1275 1382 1478 1413 nequaquam
1497 1377 1728 1413 praesumeret,
1751 1382 1822 1403 cum
1847 1382 1920 1402 eum
1936 1371 2028 1403 Deus

373 1425 439 1455 suis
464 1423 612 1455 manibus
637 1424 832 1455 tradidisset.
877 1423 986 1455 Multis
1011 1424 1095 1454 enim
1119 1434 1275 1454 annorum
1305 1422 1474 1454 curriculis
1497 1424 1566 1465 ipse
1590 1434 1647 1454 rex
1672 1423 1760 1464 Saul,
1787 1423 1943 1465 patientia
1965 1422 2029 1454 Dei

374 1476 598 1517 subportante,
629 1487 710 1518 quae
738 1474 964 1517 peccatoribus
988 1475 1146 1506 examinis
1177 1475 1226 1505 sui
1250 1474 1381 1516 dignam
1406 1485 1574 1506 censuram
1606 1474 1724 1506 inferre
1755 1474 1945 1517 plerumque
1976 1474 2029 1506 de-

372 1533 495 1566 trectat,
527 1527 643 1569 regalis
667 1528 765 1558 officii
791 1527 929 1558 obtinuit
953 1527 1154 1568 (lignitatem,
1185 1531 1355 1568 postquam
1381 1538 1399 1558 a
1425 1527 1494 1558 Deo
1518 1533 1651 1568 propter
1673 1537 1764 1558 suam
1788 1526 1974 1569 superbiam
1997 1533 2030 1558 et

373 1579 622 1610 inobedientiam
655 1580 771 1610 meruit
798 1579 975 1620 reprobari.
1023 1578 1065 1609 lit
1094 1590 1165 1610 cnm
1197 1579 1258 1609 iam
1289 1577 1377 1609 illmn
1402 1579 1506 1618 Deus,
1538 1579 1621 1609 sicut
1647 1577 1783 1619 legitur,
1811 1577 2028 1620 reprobasset,

373 1629 502 1661 Samuel
534 1630 691 1672 propheta
721 1631 941 1662 sanctissimus
971 1630 1102 1661 oraculo
1131 1630 1242 1661 divino
1272 1630 1436 1671 profectus
1468 1635 1516 1661 cst
1543 1630 1575 1661 in
1606 1629 1793 1661 Bethlehem
1824 1629 1864 1661 ad
1895 1629 2026 1660 domum

372 1682 469 1718 Iesse,
496 1693 557 1712 non
583 1682 761 1720 manifeste,
785 1682 840 1713 sed
866 1681 1002 1723 occulte,
1028 1688 1062 1713 ut
1084 1683 1249 1713 videretur
1271 1692 1379 1723 regem
1406 1687 1559 1722 metuere,
1584 1681 1713 1724 quando
1728 1681 1838 1713 David
1861 1681 1894 1712 in
1917 1691 2026 1723 regem

371 1734 506 1764 inunxit.
553 1732 638 1772 Quid
663 1733 702 1764 de
728 1733 822 1765 Helia
847 1734 1003 1775 propheta
1026 1734 1228 1764 sanctissimo
1253 1733 1403 1771 dixerim,
1434 1734 1488 1775 qui
1507 1733 1578 1764 Aah
1602 1744 1711 1774 regem
1743 1738 1776 1764 et
1798 1734 1933 1764 uxorem
1956 1733 2026 1764 eius

372 1784 497 1816 lezabel
518 1791 629 1816 eontra
646 1796 679 1815 se
696 1785 836 1816 furentes
859 1785 1012 1826 fugiendo
1036 1786 1148 1816 maluit
1165 1784 1326 1816 declinare
1350 1795 1445 1826 quam
1464 1785 1510 1816 cis
1526 1784 1666 1827 aliquam
1684 1784 1862 1816 molestiam
1887 1783 2028 1816 inferre?

374 1837 442 1867 Non
474 1837 558 1867 enim
594 1848 665 1867 oum
701 1848 785 1878 pena
819 1836 949 1877 latebat,
985 1848 1068 1879 quae
1102 1836 1181 1878 legis
1216 1836 1345 1868 divinae
1379 1837 1674 1878 transgressoribus
1708 1835 1908 1868 imminebat.
1961 1835 2026 1867 Sed

373 1887 501 1928 malum,
531 1888 615 1930 quod
648 1889 694 1919 eis
723 1894 911 1919 eventurum
938 1889 1132 1930 quandoque
1154 1888 1288 1929 sciebat,
1321 1888 1480 1930 patienter
1508 1894 1679 1930 expectare
1711 1899 1806 1930 quam
1836 1898 1891 1919 eos
1919 1886 2026 1929 aIIquo

373 1951 526 1981 penarum
551 1939 743 1970 detrimento
768 1939 873 1971 ledere
897 1941 1064 1981 gestiebat.
1112 1940 1299 1971 Declinavit
1320 1940 1419 1981 igitur
1442 1940 1605 1981 sapienter
1621 1940 1670 1970 vir
1693 1940 1917 1971 sanctissimus
1940 1939 2027 1980 regis

373 1993 438 2022 sevi
464 1991 654 2022 tirannidem
686 1996 717 2022 et
743 1992 853 2023 uxoris
882 1993 951 2023 eins
976 1992 1105 2024 stultam
1137 1997 1167 2023 et
1198 1992 1338 2033 ineptam
1371 1991 1577 2032 proterviam.
1622 1991 1659 2022 In
1690 2002 1787 2022 manu
1818 1991 1940 2033 quippe
1961 1990 2026 2022 Dei

373 2049 420 2073 est
451 2048 483 2073 ct
515 2042 673 2084 superbos
702 2043 741 2074 de
770 2043 898 2074 sublimi
931 2043 1006 2075 sede
1035 2043 1198 2086 deponere
1228 2052 1259 2074 et
1289 2041 1425 2074 humiles
1457 2053 1602 2085 quosque
1630 2043 1670 2074 ad
1700 2043 1828 2075 culmen
1857 2042 2026 2084 dignitatis

371 2094 503 2133 erigere.
549 2094 687 2136 Oportet
710 2094 860 2136 denique,
893 2095 975 2126 sicut
998 2096 1156 2137 praecipit
1185 2093 1350 2136 apostolus
1375 2094 1504 2132 Paulus,
1537 2101 1571 2126 ut
1595 2096 1699 2126 omnis
1723 2095 1837 2126 anima
1859 2093 2025 2126 sublimio-

375 2145 464 2175 ribus
480 2146 690 2186 potestatibus
713 2146 846 2177 subdita
861 2148 913 2186 sit,
937 2153 967 2178 et
990 2152 1023 2178 nt
1047 2147 1222 2177 reddantur
1247 2145 1395 2177 omnibus
1420 2147 1527 2176 omnia
1550 2157 1644 2188 quae,
1668 2145 1757 2177 salvo
1779 2145 1901 2178 domini
1924 2145 2027 2177 nostri

374 2196 436 2227 Dei
470 2196 565 2236 cultu,
597 2197 799 2238 principibus
829 2198 1016 2230 redduntur.
1068 2198 1214 2238 Obsecro,
1246 2198 1350 2240 inquit
1379 2197 1462 2229 idem
1494 2197 1670 2240 apostolus,
1695 2199 1845 2239 primum
1863 2197 1945 2238 fieri
1974 2197 2026 2229 de—

373 2249 578 2287 precationes
609 2253 635 2279 ct
667 2250 832 2279 orationes
860 2261 924 2290 pro
955 2250 1086 2291 reqibus
1116 2254 1143 2281 ct
1173 2249 1322 2280 omnibns
1350 2251 1408 2292 qui
1438 2251 1471 2280 in
1505 2249 1722 2281 s11blimitate⁸
1742 2250 1845 2291 positi
1873 2254 1961 2288 sunt,
1991 2253 2026 2280 ut

375 2310 519 2328 securam
546 2304 572 2327 ast
596 2299 809 2340 tranquillam
838 2302 934 2331 vitam
960 2313 1110 2342 agamus,
1134 2312 1204 2332 cum
1230 2302 1319 2332 omni
1339 2303 1461 2343 pietate
1484 2307 1512 2332 et
1535 2303 1683 2332 caritate.
1730 2300 1893 2342 Praecipit
1919 2301 2026 2339 etiam,

378 2355 411 2379 ut
433 2351 618 2390 qw'cunqne
649 2356 722 2380 sunt
746 2351 804 2382 snb
831 2353 903 2393 {ayo
927 2353 1103 2392 seruitutis,
1133 2352 1282 2383 dominos
1307 2364 1383 2384 suos
1413 2354 1500 2384 omni
1523 2353 1644 2383 honore
1673 2352 1792 2394 diynos
1815 2352 2026 2392 arbitrentur,

376 2406 406 2430 et
430 2407 463 2430 nt
494 2402 551 2441 qni
576 2402 718 2439 infideles
742 2402 857 2433 habent
881 2403 1039 2442 dominos,
1071 2415 1122 2435 eos
1146 2415 1209 2435 non
1236 2409 1452 2444 contemnant,
1482 2405 1537 2436 sed
1560 2405 1667 2446 mayis
1691 2404 1738 2435 eis
1759 2404 1915 2444 serviant,
1946 2403 2026 2445 quia

370 2451 484 2490 fideles
501 2457 586 2491 sunt,
610 2459 740 2493 proptor
764 2465 834 2484 cnm
860 2455 914 2495 qui
938 2465 992 2485 eos
1018 2454 1078 2485 illis
1096 2454 1242 2493 subiecit,
1266 2457 1414 2495 scientes,
1439 2456 1526 2498 quia,
1549 2456 1633 2486 sicut
1655 2454 1734 2486 alias
1757 2454 1841 2486 idem
1861 2452 2028 2496 apostolus

379 2502 470 2533 dicit:
510 2504 623 2532 ‘’mm's
656 2506 903 2543 praevaricatio
937 2511 963 2536 et
1000 2506 1219 2538 inobedientia
1254 2509 1375 2548 accipit
1409 2508 1545 2549 diynam
1582 2506 1737 2538 mercedis
1773 2506 2073 2538 retributionemAt.

380 2553 479 2584 Cuius
504 2553 711 2584 subiectionis
741 2561 771 2585 et
801 2555 988 2587 humilitatis
1012 2557 1195 2599 exemplum
1225 2559 1294 2600 ipse
1324 2570 1381 2600 per
1411 2569 1446 2589 se
1469 2557 1618 2589 dominus
1642 2558 1734 2589 Iesus
1757 2557 1903 2590 Christus
1932 2555 2025 2588 nobis

491 2659 519 2682 n)
540 2658 633 2682 sullim.
657 2661 680 2682 2,
757 2660 785 2683 b)
806 2661 955 2691 sompnium
977 2662 1002 2684 2.

486 2752 511 2775 li
538 2751 580 2782 Cf.
609 2751 769 2776 ‹athmon-st
798 2753 922 2784 ‹infensis-
951 2754 1046 2787 imper.
1072 2755 1114 2782 cd.
1140 2756 1250 2788 (τ’ῐωῃί,
1280 2755 1423 2782 ‘Archivio
1453 2757 1527 2783 della
1557 2756 1660 2782 societ&
1684 2755 1823 2782 Romana’
1845 2755 1881 2782 II
1901 2753 2023 2788 (1879),

375 2811 404 2835 Ι).
423 2801 482 2827 4ῖὲ
508 2806 530 2827 et
556 2801 642 2834 infra.

2047 713 2075 733 1⁰

2049 970 2076 990 15

2048 1228 2075 1249 8⁰
