2132 3067
451 150 684 177 DISPUTATIO
708 151 782 178 VEL
806 151 995 179 DEFENSIO
1018 152 1231 179 PASCHALIS
1256 153 1388 180 PAPAE.
1680 151 1738 182 661

96 241 200 281 ipsum
226 249 353 280 papam,
377 246 412 269 ut
435 239 639 270 investituras
663 240 691 270 ei
716 241 916 280 concederet,
941 241 1109 283 privilegio
1133 242 1345 283 confirmaret,
1369 254 1428 273 nec
1451 243 1621 275 anathema
1644 255 1741 286 super

97 302 168 322 eum
187 289 319 321 ulterius
337 296 469 332 poneret
481 297 501 321 ¹.
546 291 637 322 Fecit
660 293 689 321 ei
706 293 833 333 scripta,
859 303 920 334 que
945 304 1006 323 non
1024 299 1098 323 sunt
1122 294 1189 324 iure
1206 294 1358 325 tenenda:
1383 301 1501 333 scripta²
1517 309 1567 333 que
1582 302 1609 325 in
1623 303 1738 333 ipsius

96 346 191 377 regis
211 346 340 376 tentoriis,
367 346 422 370 ubi
448 353 536 377 papa
563 354 621 370 cum
644 346 813 371 multitudine
834 347 989 371 clericorum
1017 351 1044 372 et
1063 348 1160 372 civium
1180 348 1259 372 Urbis
1285 353 1310 373 et
1330 350 1412 374 totius
1431 351 1585 382 provinciae
1606 351 1739 375 custodie-

95 392 214 420 batur,
233 400 281 423 pro
301 391 425 416 libertate
452 391 594 420 ecclesiae,
615 400 662 424 pro
683 393 851 417 absolutione
875 395 1040 425 captivorum
1062 395 1177 418 omnium
1200 398 1226 418 et
1245 403 1291 426 pro
1307 395 1422 424 excidio,
1442 396 1512 428 quod
1530 397 1654 425 ecclesie,
1676 397 1739 421 L'rbi

63 444 76 463 5
95 442 122 462 et
139 439 263 462 universe
283 439 438 469 provinciae
459 438 734 470 superincumbentea
754 439 869 471 undique
895 439 985 470 gladio
1011 440 1148 464 imminere
1169 440 1318 472 videbatur,
1347 441 1378 465 de
1409 441 1540 466 electione
1568 451 1614 467 seu
1641 443 1673 467 de
1700 445 1738 467 in-

94 484 229 509 vestituris
250 492 422 516 personarum
444 484 516 508 facta
536 487 607 513 suut,
632 483 759 508 videlieet
786 488 815 508 ut
836 485 968 509 electione
988 486 1072 509 libere
1098 485 1170 509 facta
1190 487 1247 509 sine
1269 488 1294 510 vi
1315 493 1340 511 et
1361 489 1481 519 symonia
1508 497 1640 513 consensu
1660 491 1738 521 regis,

94 530 250 555 facultatem
270 530 368 554 habeat
387 538 433 554 rex
453 529 615 554 investiendi
636 538 684 561 per
703 531 805 560 virgam
831 534 857 554 et
877 531 993 561 anulum,
1021 535 1046 555 et
1067 531 1169 556 electus
1190 540 1205 555 a
1226 533 1295 556 clero
1321 536 1345 557 et
1366 534 1463 565 populo
1485 542 1537 558 non
1559 539 1736 566 consecretur,

94 576 146 601 nisi
166 577 260 608 prius
281 584 297 600 a
315 584 380 608 rege
400 577 565 600 investiatur.
606 576 676 600 Hee
698 584 775 600 vero
796 578 929 608 scripta
956 579 1087 602 canonica
1108 586 1221 602 censura
1244 587 1320 603 cassa
1341 580 1447 604 omnino
1469 584 1495 604 et
1514 581 1588 605 irrita
1608 582 1644 605 ab
1666 582 1738 614 ipso

95 623 213 648 eodem
238 630 325 655 papa
352 622 518 646 Paschali
544 621 738 650 iudicantur,
771 626 796 646 et
819 623 867 646 sub
896 623 1084 655 dampnatione
1116 630 1246 657 perpetua
1273 633 1429 657 permanere
1457 626 1680 657 decernuntur,
1709 632 1737 652 ut

0 701 3 704 ,
47 680 74 698 10
92 673 190 698 nullius
209 681 325 706 unquam
345 673 512 697 auctoritatis
533 673 586 697 sint
603 676 630 697 et
648 673 746 697 nullius
767 674 854 697 bonae
876 674 1027 703 memoriae,
1058 668 1133 708 qula
1157 674 1268 698 contra
1291 679 1441 708 canones,
1473 675 1584 700 contra
1608 670 1738 701 decreta

92 722 231 758 patrum,
256 722 369 747 contra
392 716 587 747 universalia
610 715 747 747 concilia
774 716 857 747 facta
880 723 962 750 sunt.
1009 717 1174 749 Habemus
1199 725 1229 750 et
1253 719 1292 750 de
1318 719 1454 750 concilio
1479 720 1599 752 Calixti
1623 728 1737 763 pape-³1,

94 768 181 810 quod
204 768 290 800 nulli
313 769 504 810 imperatori
526 766 574 798 vel
598 769 752 809 cuiquam
770 769 926 809 pietatem
950 770 1146 800 custodienti
1168 770 1262 801 licetb
1287 772 1415 813 aliquid
1438 780 1552 803 contra
1578 774 1736 803 mandata

93 820 211 852 divina
235 831 429 862 presumere.
475 819 639 850 Iniustum
667 830 742 861 erqo
770 820 932 851 iudicium
956 825 984 852 et
1007 821 1153 861 definitio
1184 823 1310 853 iniusta
1340 825 1428 864 regyio
1459 829 1539 854 metu
1565 830 1621 855 aut
1646 826 1737 855 iussu

93 875 152 902 aut
174 872 406 912 cuiuscumque
429 872 578 912 episcopi
601 875 659 902 aut
677 873 819 912 potentis
844 883 863 902 a
888 871 1053 903 iudicibus
1076 874 1231 904 ordinata
1255 874 1303 904 vel
1327 880 1400 905 acta
1420 887 1483 906 non
1503 876 1616 907 caleat.
1656 876 1736 906 Item

50 938 76 957 ιε,
93 922 236 954 eiusdem
261 921 420 953 Calixti⁴:
449 922 546 953 Nulli
574 934 646 953 vero
673 923 807 953 dubium
837 928 896 962 est,
928 924 1014 964 quod
1043 924 1225 965 apostolica
1249 926 1383 957 ecclesia
1407 932 1509 958 mater
1531 928 1573 957 sit
1596 929 1737 958 omnium

92 975 318 1013 ecclesiarum,
348 986 369 1004 a
392 975 487 1005 cuius
512 979 586 1005 vos⁰
610 974 733 1016 reyulis
764 973 954 1005 nullatenus
985 978 1133 1007 convenit
1164 977 1304 1008 deviare.
1349 978 1391 1008 Et
1418 979 1503 1009 sicut
1523 978 1620 1018 filius
1653 980 1736 1010 uenit

84 1026 202 1068 facere
217 1025 413 1057 voluntatem
426 1026 548 1067 pat-ris,
571 1027 618 1057 sic
641 1031 668 1057 et
693 1037 746 1057 cos
762 1025 956 1057 voluntatem
976 1032 1098 1058 vestrae
1116 1028 1280 1068 impleatis
1295 1030 1422 1068 matris,
1446 1041 1505 1071 que
1528 1035 1572 1060 est
1592 1030 1736 1068 ecclesia,

92 1079 186 1110 cuius
209 1083 319 1119 caput,
343 1082 378 1108 ut
395 1077 582 1118 predictum
605 1082 659 1116 est,
682 1077 835 1109 Romana
856 1080 966 1110 existit
981 1080 1146 1110 aecclesia.
1184 1079 1350 1120 Quicquid
1366 1092 1442 1122 erqo
1459 1082 1529 1112 sine
1545 1081 1737 1112 discretione

91 1131 214 1162 iustitie
235 1134 349 1161 contra
368 1129 468 1160 huius
485 1129 699 1171 disciplinam
717 1135 823 1160 actum
838 1129 958 1170 fuerit,
981 1136 1087 1161 ratum
1107 1131 1221 1162 haberi
1244 1133 1328 1162 ratio
1346 1132 1439 1163 nulla
1452 1134 1622 1173 permittit.
1656 1133 1736 1164 Item

44 1195 72 1215 20
92 1181 275 1213 eiusdem⁵:
303 1180 536 1212 Dilectissimis
556 1181 726 1222 fratribus
749 1192 812 1222 per
837 1179 968 1212 Gallias
992 1183 1177 1213 constitutis
1200 1184 1363 1214 universis
1387 1185 1549 1225 episcopis
1576 1184 1736 1218 Galia-tus.

91 1233 314 1265 Plurimorum
329 1233 436 1264 relatu
453 1233 668 1273 comperimus
683 1232 886 1264 dilectionem
902 1238 1040 1264 vestram
1048 1235 1183 1274 fervore
1199 1235 1351 1276 Spiritus
1367 1237 1475 1266 sancti
1499 1237 1543 1266 ita
1562 1236 1738 1268 aecclesiae

90 1285 314 1328 gubernacula
337 1285 480 1325 firmiter
510 1289 624 1315 contra
654 1285 794 1324 impetus
824 1289 930 1315 tenere
961 1291 988 1316 et
1017 1297 1140 1327 regere,
1169 1291 1203 1316 ut
1236 1288 1413 1328 naufragii
1443 1287 1635 1319 detrimenta
1666 1288 1734 1319 Deo

92 1342 223 1369 auctore
245 1347 312 1368 non
335 1337 463 1368 sentiat.
510 1336 644 1367 Talibus
667 1347 744 1378 erqo
767 1336 948 1378 qloriautes
972 1337 1119 1376 indiciis,
1144 1349 1298 1380 rogamus
1323 1338 1372 1369 etd
1391 1340 1606 1380 precipimus,
1638 1351 1676 1370 ne
1701 1343 1734 1371 in

89 1390 156 1421 illis
176 1389 332 1431 partibus
351 1389 485 1419 vestrise
502 1393 616 1419 contra
639 1392 763 1418 statuta
788 1389 970 1429 apostolica
993 1391 1167 1431 quicquam
1190 1390 1263 1427 sieri
1285 1391 1427 1429 sinatis‚·
1449 1391 1504 1421 sed
1521 1391 1736 1431 nostrafulli

43 1454 70 1474 25
90 1441 294 1480 auctoritate,
316 1440 432 1472 nociva
456 1440 654 1481 compescite,
676 1438 795 1470 illicita
817 1440 992 1480 prohibete.
1038 1441 1094 1471 Sic
1115 1441 1216 1481 igitur
1238 1442 1358 1483 scripta
1380 1442 1464 1472 facta
1486 1441 1524 1472 de
1548 1443 1735 1473 investitura

87 1491 192 1524 laicali
215 1491 381 1523 deleantur
403 1491 443 1522 de
465 1490 547 1522 libro
572 1491 755 1522 memoriae.
801 1491 967 1523 Habemus
984 1503 1024 1523 ex
1041 1492 1177 1523 concilio
1194 1492 1462 1524 Calcedonensi⁶:
1488 1493 1527 1525 Si
1550 1495 1623 1535 quis
1642 1506 1733 1535 pres-

88 1545 169 1576 biter
191 1543 239 1575 vel
262 1544 425 1575 diaconus
443 1555 508 1584 per
529 1543 706 1574 secularem
731 1544 925 1585 dignitatem
948 1545 1113 1575 ecclesiam
1136 1545 1274 1576 Domini
1296 1546 1485 1586 optinuerit,
1509 1546 1682 1583 deiciatur,
1707 1551 1732 1576 et

90 1597 157 1639 ipse
179 1601 208 1627 et
231 1595 406 1626 ordinator
427 1597 496 1626 eius
519 1607 540 1626 a
563 1596 786 1626 communione
808 1595 911 1626 modis
935 1596 1084 1627 omnibus
1110 1597 1357 1636 abscidanturf,
1386 1602 1414 1627 et
1443 1597 1501 1627 sub
1529 1597 1733 1628 anathemate

88 1649 171 1688 sint,
199 1648 283 1678 sicut
306 1646 428 1689 Symon
456 1658 574 1688 maqus
596 1659 616 1677 a
639 1647 743 1678 Petro.
794 1647 868 1677 Ex⁷
892 1648 1029 1688 septima
1059 1648 1184 1689 synodo
1215 1647 1388 1679 universali
1418 1647 1528 1679 habita
1551 1659 1569 1678 a
1593 1649 1732 1691 quinque

40 1712 68 1732 30
87 1699 280 1742 patriarchis
304 1709 377 1729 cum
400 1699 551 1729 trecentis
575 1699 717 1740 quinque
736 1699 883 1740 patribus
907 1700 1073 1741 subprimo
1089 1698 1234 1730 Adriano
1258 1700 1406 1741 pontifice
1429 1699 1590 1730 Romano:
1620 1700 1732 1731 Omnis

87 1750 196 1782 electio
219 1751 363 1792 episcopi
385 1749 432 1781 vel
451 1750 626 1792 presbiteri
649 1755 706 1781 aut
729 1751 866 1782 diaconi
889 1763 909 1782 a
928 1751 1143 1792 principibus
1156 1750 1258 1792 facta
1284 1753 1380 1782 irrita
1403 1757 1534 1782 maneat
1556 1752 1730 1782 secuudum

86 1802 236 1845 regulam
251 1813 335 1844 quae
351 1802 450 1833 dicit:
475 1801 514 1833 Si
530 1803 602 1843 quis
625 1804 798 1844 episcopus
821 1803 1025 1834 secularibus
1038 1804 1250 1844 potestatibus
1268 1815 1354 1841 usus,
1379 1803 1541 1834 ecclesiam
1565 1815 1626 1844 per
1641 1804 1732 1844 ipsas

88 1855 277 1895 optinuerit,
294 1854 480 1895 deponatur
495 1859 523 1884 et
538 1858 734 1895 segregetur,
750 1865 918 1895 omnesque
935 1856 993 1895 qui
1008 1854 1059 1886 illi
1075 1856 1325 1886 communicant.
1359 1855 1411 1885 Ex
1429 1854 1564 1885 concilio
1579 1854 1730 1896 Symachi

87 1916 171 1948 pape
187 1904 384 1937 CCXVIII&
398 1906 659 1946 episcoporumss:
682 1905 761 1936 Non
776 1906 905 1947 placuit
920 1906 1041 1938 laicum
1059 1907 1228 1938 statuendi
1244 1906 1374 1947 aliquid
1391 1908 1424 1937 in
1442 1906 1597 1938 aecclesia
1617 1907 1731 1937 habere

38 2017 66 2036 ³5
196 2011 225 2043 a)
243 2011 417 2036 incumbante
437 2020 458 2035 c.
532 2011 559 2042 b)
581 2010 674 2036 liceret
692 2010 752 2036 Soli.
823 2013 850 2044 c)
870 2020 922 2036 vox
941 2021 1007 2036 corr.
1028 2020 1075 2037 vos
1095 2021 1116 2037 c.
1186 2012 1212 2043 d)
1237 2016 1263 2037 et
1282 2020 1353 2044 pree.
1374 2012 1427 2036 des.
1448 2011 1485 2036 H.
1555 2013 1580 2042 e)
1601 2011 1673 2036 deest
1691 2011 1728 2037 H.

83 2058 106 2090 f)
127 2058 308 2089 abscindatur,
328 2058 398 2081 sicut
415 2057 442 2082 S.
462 2065 497 2081 m.
519 2065 535 2081 a
553 2057 632 2082 Petro
652 2057 689 2082 H.
765 2060 793 2090 g)
814 2058 987 2083 ducentorum
1007 2059 1031 2083 X
1053 2062 1079 2083 et
1096 2058 1164 2083 VIII
1182 2058 1298 2083 rectius?
1316 2057 1374 2083 Sclz.

194 2151 222 2185 1)
251 2151 295 2185 Cf.
323 2152 394 2177 Acta
424 2160 501 2178 conc.
528 2151 663 2178 Lateran.
693 2152 836 2185 a.111·2,
866 2152 966 2178 Mansi
989 2153 1079 2185 XXI,
1105 2152 1155 2178 col.
1179 2152 1227 2178 49.
1348 2151 1377 2183 ⁴2)
1408 2151 1486 2181 Quae
1514 2155 1667 2186 sequuntur
1695 2161 1729 2178 ex

85 2202 234 2230 Paschalis
256 2203 336 2237 epist.
361 2203 486 2230 Guidom·
509 2203 592 2237 episc.
616 2202 710 2230 Vienn.
733 2203 827 2236 missa,
851 2203 952 2230 Mami
973 2204 1043 2237 XX,
1067 2204 1118 2230 col.
1138 2203 1225 2236 1008,
1249 2207 1359 2237 sumpla
1381 2207 1460 2237 smzt;
1483 2203 1520 2236 cf.
1541 2204 1727 2236 Giesebreeht,

85 2253 256 2282 ‘Kaiserzeiz'
271 2254 330 2287 III,
351 2263 381 2288 p.
400 2254 490 2287 1201,
513 2254 561 2289 qui
582 2254 654 2281 hanc
676 2255 822 2289 epistolam
839 2259 903 2289 post
926 2256 1060 2290 synodum
1074 2256 1212 2282 Lateran.
1236 2265 1264 2282 α.
1283 2255 1372 2281 1112.
1396 2255 1528 2289 scriptam
1551 2264 1608 2282 esse
1630 2259 1727 2283 censet.

36 2312 65 2331 40
86 2305 116 2340 3)
138 2306 231 2339 Epist.
253 2305 282 2338 I,
312 2315 335 2332 c.
358 2306 390 2338 6,
421 2305 574 2332 Hinschius
596 2313 624 2339 ρ.
644 2306 722 2340 137,-
755 2307 913 2333 Deusdedit
939 2307 1004 2334 Coll.
1032 2317 1094 2334 can.
1118 2307 1176 2339 IV,
1207 2316 1230 2333 c.
1248 2306 1301 2339 33,
1328 2307 1370 2332 ed.
1395 2306 1570 2333 Martium-ci
1598 2315 1626 2340 p.
1649 2307 1727 2341 360;

84 2357 208 2384 Libellus
231 2356 291 2390 III,
314 2359 329 2389 ξ
356 2357 401 2389 13,
425 2365 514 2391 supra
536 2365 566 2391 p.
589 2357 660 2384 354.
772 2357 802 2392 4)
826 2359 899 2385 Ibid.
924 2367 948 2386 c.
974 2359 1000 2391 ⁵2,
1034 2358 1187 2384 Hinsehius
1209 2365 1238 2391 p.
1258 2358 1336 2391 136,·
1365 2358 1403 2391 cf.
1428 2358 1585 2384 Deusdedit
1611 2358 1678 2385 Coll.
1702 2359 1726 2391 J,

85 2418 108 2435 c.
127 2408 176 2442 60,
198 2417 226 2442 p.
244 2409 299 2442 67;
322 2409 369 2435 ubi
391 2409 488 2435 desunt
511 2409 613 2435 verba.-
637 2417 653 2434 a
676 2408 757 2435 cuius
781 2425 817 2429 —
836 2409 933 2436 existit
955 2409 1044 2436 aeccl.
1112 2409 1141 2443 5)
1164 2409 1256 2442 Epist.
1274 2410 1315 2442 II,
1341 2419 1363 2436 c.
1383 2410 1409 2442 7,
1432 2410 1585 2436 Hinschius
1606 2417 1636 2443 p.
1655 2410 1724 2436 137.

85 2460 116 2494 6)
136 2460 179 2486 Ex
202 2459 326 2486 coneilio
348 2459 531 2487 Antiocheno
557 2461 663 2489 Deusd.
687 2461 772 2489 libell.
795 2462 819 2494 I,
850 2464 864 2493 ἓ
889 2462 923 2495 7,·
959 2461 1063 2488 Canon.
1088 2464 1177 2494 apost.
1202 2470 1225 2487 c.
1243 2461 1292 2494 30,
1321 2461 1420 2488 Mami
1445 2461 1513 2488 Coll.
1537 2461 1562 2496 Ι,
1592 2462 1644 2488 col.
1669 2462 1726 2495 54,-

84 2512 238 2538 Hinechius
260 2519 289 2545 p.
307 2511 364 2538 29.-
394 2511 424 2538 Si
454 2511 517 2546 quis
546 2512 700 2547 episcopus
730 2516 779 2539 aut
807 2512 962 2548 presbyter
991 2516 1040 2538 aut
1069 2512 1208 2538 diaeonus
1231 2520 1284 2546 per
1306 2512 1446 2547 pecunias
1468 2512 1543 2539 hanc
1567 2513 1726 2540 obtinuerit

37 2572 64 2591 45
85 2563 264 2599 dignitatem,
293 2562 435 2589 deiciatur
462 2568 511 2590 etc.
636 2564 664 2599 7)
687 2565 843 2591 Deusdedit
865 2564 977 2590 libellus
999 2567 1097 2590 contra
1119 2564 1264 2590 invasores
1286 2564 1311 2597 Ι,
1334 2566 1349 2596 ξ
1374 2564 1400 2598 7,
1423 2573 1512 2598 supra
1532 2573 1560 2598 p.
1579 2565 1657 2591 305.-
1685 2565 1724 2591 Ex

84 2614 209 2649 septima
231 2614 342 2648 synodo
366 2614 523 2642 universali
546 2615 648 2642 habita
671 2624 688 2642 a
711 2615 838 2650 quinque
861 2614 1034 2649 patriarchis
1059 2623 1121 2641 culn
1138 2614 1231 2642 CCCL
1246 2615 1379 2650 patribus
1396 2615 1448 2642 sub
1465 2616 1558 2651 primo
1575 2615 1723 2642 Hadriano

82 2665 220 2702 pontifice
249 2666 391 2693 Romano.
441 2667 493 2693 Est
522 2668 644 2701 synodus
671 2676 699 2696 a.
723 2667 792 2694 787.
824 2667 919 2693 habita
951 2675 984 2693 ex
1014 2668 1156 2700 interpret.
1184 2667 1332 2694 Anastasit'
1362 2668 1515 2695 bibliothec.
1547 2676 1594 2701 αρ.
1626 2668 1726 2693 Mansz'

84 2719 173 2752 XIII,
197 2719 249 2747 col.
267 2718 346 2752 419;
369 2719 452 2746 Grae.
470 2718 546 2745 Dist.
562 2719 678 2751 LXIII,
703 2728 725 2746 c.
744 2719 771 2746 7.
839 2718 868 2752 S)
891 2719 959 2752 Syn.
976 2719 1106 2745 Romana
1131 2728 1158 2745 a.
1176 2719 1245 2751 502,
1270 2728 1292 2747 c.
1311 2719 1339 2752 3,
1363 2719 1462 2746 ssIanei
1481 2719 1559 2751 VIII,
1579 2719 1630 2746 col.
1648 2719 1724 2752 267,-

85 2770 173 2804 ἸῚιίεζ,
195 2770 288 2804 Epist.
311 2770 393 2797 Rom.
416 2772 492 2803 pont.
516 2770 541 2803 I,
563 2778 592 2804 p.
611 2768 690 2804 688)
712 2770 869 2797 Deusdedit
894 2769 963 2797 Coll.
987 2779 1049 2797 can.
1066 2770 1119 2803 IV,
1144 2780 1166 2797 c.
1183 2770 1232 2804 46,
1254 2778 1284 2804 p.
1302 2771 1377 2798 368:
1398 2771 1439 2797 Ex
1462 2770 1587 2798 Simachi
1612 2770 1722 2804 episco-

35 2830 63 2850 50
82 2830 185 2856 porum
208 2820 371 2855 CCXV111;
395 2821 520 2847 Libellus
542 2822 567 2855 Ι,
590 2824 604 2853 ἓ
623 2822 649 2849 7.
