2132 3067
414 166 478 194 XV.
512 166 564 192 DE
588 166 775 193 STATUTIS
799 167 1104 196 ECCLESIASTICIS
1130 169 1264 197 SOBRIE
1290 171 1489 197 LEGENffls.
1720 169 1779 200 159

127 260 182 294 est,
221 255 362 295 seipsum
397 265 519 296 negare
553 266 619 285 non
651 260 765 296 potest.
825 255 911 286 Hinc
944 257 1049 298 inquit
1082 259 1263 299 apostolus:
1304 260 1343 290 In
1375 260 1444 290 Deo
1479 271 1544 291 'non
1581 266 1643 291 est.-
1677 266 1720 291 est
1754 266 1781 291 et
1805 260 1816 278 “2

127 317 205 346 non,
234 306 291 336 sed
319 307 355 336 in
385 305 442 336 illo
472 311 531 336 est:
562 311 616 337 est.
662 306 792 337 Dicitur
820 308 916 338 etiam
948 307 1047 339 libere
1078 310 1195 340 malum
1226 321 1286 340 non
1321 321 1416 352 posse
1446 311 1560 350 facere,
1593 323 1655 342 non
1687 323 1781 354 posse

127 358 255 398 mutari,
289 367 352 388 non
388 368 482 398 posse
512 356 588 395 falli,
618 368 680 388 non
707 369 802 399 posse
837 359 927 389 mori.
967 358 1061 390 Unde
1090 361 1312 401 Augustinus¹
1345 363 1375 392 in
1407 361 1488 392 libro
1520 362 1557 393 V.
1589 362 1628 393 de
1653 364 1781 394 civitate

129 410 208 440 Dei:
242 409 299 440 Sic
323 409 409 439 enim
433 409 489 439 hoc
513 409 646 448 dicitnr,
676 414 710 439 ut
730 411 852 450 potius,
879 411 909 440 si
927 416 1045 451 posset,
1069 413 1206 442 minoris
1231 414 1342 454 utique
1361 415 1533 454 potestatis
1556 419 1642 448 esset.
1688 415 1782 446 Recte

97 473 110 494 5
128 462 238 503 itaque
259 461 459 501 omnipotens
481 460 615 499 dicitur,
632 461 689 501 qui
704 465 811 491 tamen
830 461 910 492 mori
923 461 1070 503 fallique
1087 474 1149 493 non
1165 469 1291 504 potest;
1315 465 1439 495 dicitur
1455 467 1549 495 etiam
1569 467 1783 506 omnipotens,

119 512 283 554 faciendo
306 511 392 553 quod
414 510 504 550 ‘vulg
533 517 623 542 nona
641 512 811 552 patiendo,
841 513 928 554 quod
952 524 1018 543 ‘non
1044 514 1130 552 vult;
1161 515 1248 556 quod
1271 516 1300 545 si
1324 517 1354 546 ei
1378 517 1546 556 accideret,
1576 528 1783 558 nequaquam

129 564 333 604 omnipotens
357 567 445 594 esset.
490 562 582 593 Unde
603 568 754 604 preterea
779 564 940 605 quaedam
966 576 1030 595 non
1052 570 1165 605 potest„
1189 568 1267 608 quia
1293 569 1494 608 omnipotens
1511 573 1563 598 est.
1604 568 1657 598 Sic
1674 569 1783 610 utique

127 625 186 646 nec
216 613 381 645 rationalis
412 621 579 645 creaturae
609 620 752 655 potestas
784 615 815 645 in
846 620 955 646 eterna
987 616 1052 646 vita
1083 617 1252 656 minuitur,
1283 618 1338 649 sed
1370 624 1520 659 augetur,
1552 629 1622 648 cum
1655 621 1783 661 penitus

126 666 264 709 plurima
294 665 338 697 ibi
369 676 432 696 non
457 671 575 707 posset,
607 677 689 707 quae
722 672 829 697 tamen
856 667 889 697 in
922 667 980 697 hac
1010 668 1076 698 vita
1109 668 1229 708 degens
1254 669 1494 700 evidentissime
1519 671 1632 711 potuit,
1677 671 1784 702 Potuit

81 731 108 751 ιο
126 719 211 749 enim
236 718 368 757 esurire,
392 718 490 755 sitire,
515 718 690 758 eorrumpi,
713 717 832 757 fallere,
856 717 932 757 falli,
957 724 987 749 et
1010 718 1073 749 alia
1096 718 1281 750 huiusmodi
1306 727 1477 760 sexcenta3
1510 732 1592 762 quae
1618 727 1723 753 tamen
1751 724 1783 752 in

126 776 257 801 aeterna
280 770 347 800 vita
370 768 457 799 nullo
475 768 571 799 modo
595 770 726 810 poterit,
751 775 781 800 et
805 769 845 800 ob
870 769 931 800 hoc
956 770 1072 800 etiamb
1096 771 1139 802 ibi
1166 771 1387 803 indubitanter
1411 774 1571 814 potentior
1595 774 1663 804 erit.
1702 774 1782 804 Nam

127 821 203 853 talia
234 821 397 852 hominem
429 831 523 861 posse
553 831 617 850 non
649 825 697 851 est
726 821 833 851 auctio
865 822 1043 862 potestatis,
1078 823 1135 852 sed
1167 824 1364 854 certissimae
1395 824 1548 854 indicium
1580 824 1783 855 infirmitatis.

127 873 236 904 Verba
259 878 367 904 autem
391 871 447 903 illa
469 872 570 902 sancti
595 871 758 912 Ieronimi,
791 873 876 913 quod
908 883 973 903 non
1004 874 1108 914 possit
1132 874 1221 905 Deus
1244 876 1403 916 virginem
1437 882 1509 916 post
1533 876 1655 905 ruinam
1682 887 1783 906 resus-

125 924 235 963 citare,
255 925 394 966 ipsemet
421 922 542 954 ibidem
566 924 728 965 exposuit,
752 935 826 954 cum
851 924 1058 955 subiunxit²z
1100 925 1182 956 Valet
1205 927 1333 967 quidem
1358 926 1497 956 liberare
1521 927 1559 957 de
1578 938 1698 967 poena,
1729 928 1784 958 εει]

81 988 107 1008 1⁵
127 987 193 1007 non
209 976 314 1006 valet⁰
331 980 520 1017 corruptam
537 987 713 1015 coronare,·
738 977 813 1017 quia
836 976 939 1006 iustus
962 975 1061 1018 iudex
1078 982 1136 1015 est,
1154 977 1246 1007 cuius
1263 976 1432 1018 dispositio
1454 978 1570 1008 mutari
1588 988 1651 1007 non
1668 983 1782 1018 potest.

126 1027 220 1059 Hanc
249 1038 379 1069 quoque
408 1028 598 1058 sententiam
629 1026 669 1058 de
701 1029 820 1058 amissa
843 1028 1029 1068 virginitate
1058 1028 1158 1058 sancti
1190 1030 1338 1059 martires
1369 1028 1492 1059 Nereus
1520 1035 1549 1059 et
1573 1028 1737 1059 Achilleus
1766 1040 1784 1059 a

127 1079 222 1111 beato
245 1079 341 1111 Petro
366 1079 471 1110 edocti
494 1078 645 1120 leguntur
669 1078 831 1118 habuisse,
863 1084 895 1110 et
926 1089 998 1109 cum
1023 1079 1093 1120 ipsa
1117 1079 1157 1110 ad
1181 1080 1374 1111 servandam
1400 1081 1616 1121 virginitatem
1642 1086 1782 1111 sanctam

126 1130 328 1162 Domitillam
354 1131 534 1161 Domitiani
564 1131 771 1172 imperatoris
788 1135 916 1173 neptem
942 1131 1109 1162 incitasse:
1140 1132 1291 1163 dixerunt
1315 1133 1398 1162 enim
1425 1131 1504 1162 illi³:
1538 1132 1642 1173 Vz'7·90,
1667 1133 1696 1162 si
1719 1133 1782 1163 vir-

126 1184 295 1226 ginitatem
315 1182 513 1224 perdiderit,
537 1182 635 1213 huius
651 1187 777 1213 reatum
797 1194 861 1224 per
879 1183 1116 1224 poenitentiam
1141 1184 1277 1214 evadere
1296 1189 1413 1225 potest,
1435 1185 1536 1225 ipsam
1557 1195 1628 1213 cero
1648 1184 1784 1224 virgini-

80 1246 108 1265 ιο
125 1239 222 1266 tatem
253 1235 400 1276 adipisci
427 1245 635 1276 nequaquam
666 1233 768 1273 valet,·
803 1235 907 1265 omnis
937 1246 1076 1276 namque
1098 1236 1258 1266 sanctitas
1282 1235 1419 1277 quolibet
1450 1235 1542 1265 modo
1575 1235 1699 1265 amissa
1722 1246 1784 1275 per

124 1287 361 1328 poenitentiam
384 1286 578 1326 recuperari
603 1290 726 1327 potest;
759 1285 828 1316 sola
853 1285 947 1316 verod
980 1287 1168 1327 virginitas,
1193 1287 1224 1317 si
1247 1287 1340 1317 semel
1370 1287 1515 1327 perierit,
1547 1287 1591 1316 orl
1618 1287 1784 1327 pristinae

126 1338 328 1379 integritatis
351 1337 561 1368 stabilitatem
584 1338 772 1378 pertinqere
794 1338 882 1368 nond
908 1337 1034 1368 valebit.
1078 1337 1153 1368 Sice
1177 1349 1253 1379 ergo
1279 1344 1309 1369 et
1333 1337 1426 1368 nobis
1450 1343 1552 1368 tutum
1578 1344 1634 1376 est,
1659 1342 1692 1367 ut
1716 1348 1783 1368 sen-

127 1390 259 1421 tentiam
284 1389 389 1420 sancti
411 1388 565 1419 Ieronimi
589 1389 846 1430 interpretemur,
871 1400 909 1420 ne
934 1390 958 1419 si
984 1389 1061 1431 quid
1086 1389 1253 1430 indignum
1273 1389 1311 1420 de
1329 1389 1381 1420 illo
1400 1390 1603 1430 interpretari
1621 1400 1782 1429 conemur,

126 1452 190 1472 non
214 1447 278 1472 tam
303 1441 372 1472 eius
395 1441 632 1479 auctoritatem,
657 1451 753 1482 quam
776 1447 918 1472 nostram
944 1441 1127 1472 tarditatem
1151 1441 1306 1472 infamare
1330 1441 1518 1473 iudicemur.

79 1503 106 1523 25
232 1492 291 1523 Est
306 1497 414 1523 autem
433 1492 526 1523 nobis
544 1503 749 1533 summopere
766 1492 1011 1534 providendum,
1028 1498 1062 1523 ut
1079 1493 1118 1523 de
1136 1494 1338 1534 reparatione
1350 1493 1360 1513 f
1383 1492 1578 1533 virginitatis
1596 1497 1659 1522 tam
1676 1491 1781 1522 mode-

127 1549 195 1575 rate
225 1543 468 1584 contendamus,
499 1555 538 1575 ne
569 1543 685 1574 viduas
716 1549 746 1575 et
776 1545 966 1585 coniugatas
997 1545 1064 1575 sive
1096 1544 1256 1586 quaslibet
1290 1551 1457 1585 corruptas
1489 1545 1566 1585 ipsis
1601 1543 1781 1583 virginibus

125 1595 304 1627 secundum
329 1596 465 1626 heresim
486 1595 644 1627 Ioviniani
668 1595 831 1637 adequare
855 1596 1032 1627 videamur.
1071 1595 1151 1626 Nam
1177 1595 1236 1626 hoc
1259 1595 1417 1627 catholica
1442 1596 1522 1626 fides
1546 1606 1609 1624 non
1633 1594 1781 1633 admittit,

127 1658 208 1690 quae
239 1648 331 1679 iuxta
360 1646 582 1688 euangelicam
612 1649 836 1679 auctoritatem
867 1647 924 1678 hos
954 1647 1073 1688 gradus
1103 1648 1148 1678 ita
1179 1647 1369 1679 distributos
1399 1648 1497 1685 novit,
1536 1653 1568 1677 ut
1600 1647 1781 1687 coniugatis

126 1700 310 1741 trigesimus
327 1704 450 1730 tantum
467 1698 600 1739 fructus,
624 1699 865 1730 continentibus
889 1710 964 1730 vero
989 1700 1223 1740 sexagesimus,
1255 1701 1335 1741 ipsis
1359 1710 1435 1730 vero
1459 1699 1664 1739 virginibusg
1686 1699 1781 1728 ascri-

78 1764 107 1784 ³⁰
127 1750 222 1782 batur
245 1751 450 1782 centesimus.
488 1750 531 1782 Et
554 1750 614 1782 hoc
637 1752 749 1794 utique
773 1751 927 1782 divinitus
951 1750 992 1781 ab
1017 1752 1108 1781 initio
1132 1751 1176 1781 ita
1200 1751 1477 1792 praedestinatum
1502 1761 1565 1780 non
1583 1750 1781 1781 dubitamus:

127 1802 213 1834 unde
235 1807 266 1833 et
287 1802 380 1834 beato
396 1802 558 1833 leronimo
578 1803 611 1834 in
628 1803 688 1834 hoc
705 1813 818 1845 parere
836 1803 1002 1843 debemus,
1023 1804 1077 1844 qui
1097 1803 1202 1833 Deum
1221 1808 1331 1834 contra
1348 1813 1438 1833 suam
1457 1802 1780 1843 praedestinationem

125 1855 230 1886 facere
253 1864 317 1885 non
341 1865 437 1895 posse
462 1854 553 1893 dixit,
577 1853 730 1886 videlicet
753 1855 808 1896 qui
832 1855 972 1896 seipsum
997 1866 1117 1896 negare
1141 1866 1204 1885 non
1224 1860 1340 1897 potest,
1364 1855 1395 1884 in
1414 1865 1476 1894 quo
1494 1854 1584 1884 iuxta
1601 1853 1779 1894 apostolum

127 1917 191 1937 non
214 1911 280 1937 est:
303 1910 352 1937 est
374 1912 406 1938 et
427 1918 502 1945 non,
527 1907 584 1938 sed
607 1917 736 1948 semper
758 1912 820 1937 est:
845 1912 902 1937 est.

231 1957 328 1989 ‘Illud
351 1962 461 1989 autem
486 1959 564 1989 satis
587 1957 826 1997 admirandum,
846 1969 904 1988 cur
928 1963 1095 1999 tantopere
1114 1958 1255 1998 virgines
1273 1957 1446 1998 sacrilegas
1472 1955 1577 1997 lapsas
1596 1956 1627 1985 in
1643 1955 1778 1996 gradum

79 2022 107 2042 ³5
126 2019 219 2040 suum
243 2010 386 2040 revocari
410 2010 498 2040 nond
529 2021 624 2052 posse
651 2010 894 2048 contendamus,
919 2015 950 2040 et
971 2020 1065 2040 veras
1090 2009 1203 2040 viduas
1228 2014 1258 2039 et
1282 2008 1423 2049 legitime
1448 2009 1635 2048 coniugatas
1659 2008 1689 2036 in
1715 2007 1781 2037 suis

126 2061 283 2102 gradibus
307 2072 474 2092 remanere
498 2063 658 2103 patienter
680 2062 830 2101 feramus,
860 2072 932 2092 curn
958 2061 1016 2091 hae
1040 2061 1130 2091 iuxta
1146 2059 1327 2101 apostolum
1346 2061 1376 2090 in
1395 2060 1566 2090 amissione
1585 2059 1779 2099 virginitatis

125 2123 190 2144 non
213 2113 361 2144 tantum‘l
385 2114 593 2155 peccaverint
617 2114 699 2144 sicut
721 2113 805 2153 illae,
830 2124 911 2154 quae
936 2123 994 2153 pro
1019 2112 1241 2153 magnitudine
1263 2113 1387 2152 peccati
1410 2111 1449 2141 ad
1470 2111 1697 2152 poenitentiam
1716 2121 1778 2140 non

128 2170 313 2195 meruerunt
334 2164 471 2196 admitti.
518 2165 749 2197 Sanctissimus
774 2175 859 2206 papa
876 2164 941 2195 Leo
965 2175 1103 2205 magnus
1126 2165 1157 2194 in
1183 2163 1342 2194 decretis⁴
1366 2163 1431 2193 suis
1451 2161 1590 2204 capitulo
1609 2161 1778 2192 XLVIIII.

127 2221 330 2257 protestatur,
362 2217 448 2258 quod
477 2228 537 2248 nec
567 2217 640 2248 illae
668 2217 822 2257 virgineS,
846 2227 928 2258 quae
953 2215 1154 2246 barbaricam
1181 2216 1243 2245 vim
1270 2225 1405 2256 corpore
1429 2219 1561 2252 tantum,
1586 2224 1648 2243 non
1673 2214 1778 2244 animo

79 2280 108 2299 40
127 2273 201 2298 sunt
225 2278 406 2309 perpessae,
430 2269 711 2310 perseverantibus
735 2267 915 2308 virginibus
939 2266 1002 2298 ullo
1028 2267 1122 2298 modo
1147 2267 1208 2297 sint
1229 2266 1489 2297 annumerandae
1506 2267 1596 2295 iuxta
1614 2265 1691 2296 illud
1709 2276 1778 2306 pro-

127 2318 306 2360 pheticum:
340 2319 436 2362 Virgo
460 2320 565 2352 Israel
587 2320 712 2359 cecidit,
744 2331 808 2350 uon
832 2324 888 2358 est,
916 2320 974 2360 qni
995 2320 1162 2350 *resuscitet
1186 2318 1287 2349 illam.
1334 2318 1405 2348 Hoc
1430 2317 1523 2358 plane
1547 2318 1649 2347 sancti
1673 2322 1779 2358 patres

126 2369 307 2411 virginibus
337 2370 438 2413 lapsis
469 2378 501 2404 et
531 2383 588 2413 pro
620 2376 754 2413 peccato
785 2381 843 2401 suo
872 2370 954 2401 infra
984 2371 1148 2401 maritatas
1174 2369 1336 2410 deputatis
1367 2369 1514 2399 sufficere
1542 2368 1721 2408 voluerunt,
1753 2369 1777 2398 si

127 2432 184 2463 per
205 2423 436 2464 poenitentiam
461 2429 492 2455 et
515 2424 593 2465 ipsis
617 2423 762 2465 legitime
786 2422 966 2463 coniugatis
990 2422 1142 2463 praeferri
1167 2426 1199 2451 et
1222 2421 1306 2451 veris
1330 2420 1437 2451 viduis
1459 2420 1525 2450 sive
1543 2419 1779 2450 continentibus

127 2473 323 2516 quandoque
346 2480 532 2506 meruerunt
555 2476 720 2506 associari.
756 2474 903 2506 Sufficiat
926 2484 1004 2513 ergo
1028 2480 1059 2504 et
1083 2473 1142 2503 boc
1165 2471 1268 2512 nobis,
1297 2483 1356 2503 nec
1381 2471 1479 2502 libeat
1503 2482 1646 2512 eousque
1670 2471 1777 2512 dispu-

79 2537 107 2557 45
126 2525 225 2556 tando
249 2525 434 2567 procedere,
458 2531 494 2558 ut
516 2528 672 2558 terminos
696 2531 907 2556 sanctorum&
928 2530 1055 2566 patrum
1080 2523 1188 2565 aliquo
1212 2523 1308 2554 modo
1332 2529 1480 2554 notemur
1502 2523 1669 2553 excedere.

237 2607 263 2638 a)
287 2616 313 2632 n.
334 2616 360 2640 p.
380 2616 405 2640 q.
426 2617 452 2632 n.
474 2608 530 2632 vult
551 2608 605 2633 des.
627 2608 651 2632 9.
728 2607 757 2637 b)
779 2610 804 2631 et
825 2605 898 2634 add„
919 2605 965 2629 sed
986 2605 1057 2630 linea
1077 2605 1207 2629 subducta
1228 2605 1278 2628 del.
1300 2605 1323 2628 9.
1411 2610 1437 2630 c>
1459 2604 1515 2628 vult
1534 2603 1609 2628 Hier.
1692 2603 1717 2633 d]
1742 2602 1777 2625 nl.

129 2661 200 2677 man.
221 2653 301 2679 inser.
323 2654 347 2678 9.
434 2654 458 2685 e)
481 2654 503 2678 si
524 2654 548 2678 9.
625 2654 648 2685 f)
668 2661 701 2678 ea:
722 2661 778 2684 rap.
800 2660 867 2676 corr.
890 2652 915 2674 9.
992 2652 1019 2683 g)
1040 2651 1066 2675 in
1088 2660 1170 2683 mnu-y.
1192 2652 1226 2675 al.
1248 2660 1318 2675 man,
1341 2651 1404 2675 add.
1427 2652 1450 2674 ἱ).

236 2728 263 2759 1)
293 2727 322 2755 C.
351 2727 398 2763 18,
427 2731 442 2759 ξ
469 2729 493 2760 l,
529 2728 600 2762 Opp.
625 2728 669 2754 ed.
694 2727 799 2752 Bened.
824 2730 841 2752 t.
866 2726 927 2757 VII,
958 2725 1010 2752 col.
1031 2724 1099 2750 125.
1220 2725 1249 2757 2)
1280 2726 1313 2752 L.
1337 2725 1356 2751 l.
1477 2725 1505 2754 3)
1537 2724 1605 2748 sicta
1636 2724 1775 2752 Sam-ar„

133 2777 179 2804 12.
196 2778 280 2814 Mai„
303 2782 323 2807 t.
339 2779 398 2811 III,
418 2788 450 2813 p.
469 2779 495 2807 7.
519 2779 632 2805 mutatis
654 2779 754 2805 verbis.
829 2777 858 2811 4)
883 2777 936 2809 Εμ.
958 2777 1004 2809 1-2,
1028 2785 1050 2803 c.
1070 2778 1098 2810 8,
1122 2776 1164 2803 ed.
1190 2776 1297 2802 Baller.
1323 2777 1345 2807 l,
1372 2776 1422 2802 cal.
1443 2776 1518 2808 Gem-
1541 2775 1619 2806 Jaffoe'
1644 2783 1685 2799 nr.
1705 2773 1773 2797 »ΗΜ-

1836 259 1886 278 Cor.
1900 263 1918 284 1,

1829 290 1905 309 17.18.

1804 527 1832 548 Τ.
1844 530 1886 549 23¹.

1804 1506 1835 1529 (9)

1803 1645 1922 1669 Manlum,

1832 1676 1850 1693 S.
1861 1676 1895 1693 23.

1800 1909 1819 1926 2.
1830 1905 1880 1924 Cor.
1893 1907 1910 1929 1,

1816 1937 1849 1954 le.
1862 1936 1893 1953 19.

1801 1969 1847 1991 (10)

1801 1997 1827 2016 Ὗ.
1841 2000 1874 2016 24.

1799 2331 1874 2348 Amos.
1886 2330 1905 2353 5,
1915 2330 1933 2348 2.
