2132 3067
78 736 103 754 10

77 994 102 1013 15

73 1253 99 1271 20

71 1510 97 1529 25

69 1768 96 1786 30

66 2025 93 2044 ³5

65 2330 92 2348 40

66 2631 94 2650 ⁴5

559 170 610 196 DE
632 169 803 196 UNITATE
826 170 1033 198 ECCLESIAE
1057 172 1350 200 CONSERVANDA.
1714 171 1774 202 259

128 268 188 299 pus
214 258 307 288 unius
331 258 450 299 populi.
490 258 532 289 Et
556 270 589 289 re
611 270 687 289 vera
711 260 806 300 ‘quod
826 264 901 289 tune
919 261 1082 291 confotum
1100 267 1157 302 est,
1182 263 1285 303 erupit
1303 263 1364 292 iam
1383 263 1413 293 in
1433 262 1597 303 rcgulmn',
1622 265 1774 305 quoniam
1796 278 1823 296 cf.
1836 277 1938 301 1s.59‚5.

128 320 174 349 ea,
199 321 280 351 quae
298 316 372 340 tunc
388 309 541 349 latebant,
565 311 728 351 genimina
746 311 928 352 viperarum
952 319 1146 353 pepererunt
1169 314 1230 343 iam
1256 314 1386 345 fetorem
1412 310 1609 345 teterrimum
1636 321 1667 345 et
1692 316 1775 357 prin·
1795 317 1912 365 ‘'gy-533⁰*

127 361 229 402 eipem
257 362 398 392 oninium
423 367 610 403 serpentum
635 361 810 401 diabolum,
835 363 925 392 iuxta
949 363 1034 405 quod
1059 365 1127 405 ipse
1151 364 1298 396 diabolus
1323 366 1450 396 videtur
1474 378 1557 397 nunc
1580 367 1618 397 de
1645 378 1773 398 carcerc
1811 360 1845 370 “⁷
1887 360 1891 364 .

126 423 184 442 suo
209 411 332 443 solutus
356 424 436 451 esse,
466 418 647 455 postquam,
677 413 760 444 sicut
784 415 937 455 scriptum
963 421 1010 446 est
1034 416 1064 445 in
1090 416 1299 458 Apocalypsi,
1328 418 1429 448 exivit
1453 420 1597 449 nationes
1621 418 1774 450 seducere
1795 414 1903 467 Μ’·ἳξίῑξῗῢ

125 469 157 495 et
180 465 211 494 in
236 463 354 494 bellum
380 464 516 506 trahere,
541 476 620 507 quas
644 471 738 496 antea
763 466 865 496 modis
883 466 1000 507 quibus
1019 472 1145 507 poterat
1168 479 1223 509 per
1246 467 1329 499 mala
1353 469 1452 500 multa
1475 476 1506 500 et
1531 471 1618 500 varia
1644 471 1773 502 seduce-

126 515 190 547 bat.
236 515 322 546 Ecce
346 518 442 556 enim,
474 523 507 547 ut
538 517 841 558 praetermittamus,
872 528 953 558 quae
986 523 1061 548 tunc
1092 525 1183 560 gesta
1213 526 1286 550 sunt
1316 521 1491 552 ambitione
1520 523 1698 563 principum
1725 521 1773 553 vel

125 568 270 606 avaritia,
300 579 384 608 quae
414 574 458 599 est
488 568 649 599 idolorum
677 570 826 607 servitus,
858 570 902 600 ‘et
933 570 1095 611 quomodo
1126 571 1298 602 earundem
1333 583 1448 609 rerum,
1481 573 1565 603 unde
1598 573 1774 604 destruitur
1793 575 1911 624 FJ¹¹;·1⁵5⁵·

125 619 261 650 ecclesia
292 620 412 660 pariter
442 625 473 651 et
501 631 552 650 res
580 619 720 661 publica,
752 620 922 662 plerosque
946 622 1041 652 etiam
1067 623 1239 664 episcopos
1263 628 1359 664 atque
1383 623 1517 654 abbates
1541 625 1772 655 immoderatus
1806 611 1826 628 ¹⁵
1865 618 1883 624 ⁹⁵

124 672 287 702 invaserat
310 672 482 713 appetitus,
515 678 705 714 quaerentes
736 672 857 714 puerile
890 674 974 713 regis
1006 673 1170 714 ingenium
1203 675 1269 704 suis
1299 676 1405 715 potius
1436 676 1599 708 instituere
1630 677 1772 708 moribus

125 734 220 765 quam
247 723 338 754 bonis
362 723 501 754 artibus:
526 729 560 754 ut
582 723 670 762 haec,
696 724 837 766 inquam,
862 730 1109 765 praetereamus,
1135 736 1208 756 ecce
1229 727 1391 757 contentio
1408 727 1492 758 facta
1509 733 1555 758 est
1572 728 1654 758 inter
1673 728 1771 759 Heze-

123 774 245 805 linum³
262 774 599 806 Hildinisheimcnsem
626 776 816 817 episcopum
835 782 864 806 et
878 776 1090 807 widem-adum
1109 776 1300 808 Fuldensem
1323 778 1471 810 abbatem
1491 791 1588 821 super
1604 779 1771 811 altitudine

123 826 273 857 sessionis
297 837 384 867 suae,
410 838 482 857 cum
508 827 547 858 de
571 827 699 859 diabolo
720 828 874 869 scriptum
894 829 943 866 sit,
969 829 1059 870 quia:
1085 829 1183 860 Omne
1207 830 1341 860 sublime
1368 831 1451 861 videt
1474 837 1500 861 et
1524 837 1568 862 est
1590 844 1649 862 rex
1672 844 1772 873 snper
1793 847 1922 869 1«,1)«11,25.

123 889 231 909 omnes
250 878 343 917 filios
372 879 556 919 superbiae.
609 879 714 920 Igitur
736 891 793 910 rex
817 890 897 921 puer
922 879 961 911 II.
987 891 1080 917 anno,
1112 886 1282 923 postquam
1316 882 1489 913 distractus
1513 889 1560 914 est
1583 894 1601 912 a
1625 883 1771 914 custodia

123 931 233 961 matris
264 941 350 971 suae,
382 930 559 961 celebravit
590 930 728 961 natalem
752 931 886 962 Domini
913 931 1088 969 Goslariae,
1120 932 1173 962 ubi
1205 933 1289 964 inter
1319 933 1534 964 cubicularios
1565 936 1710 976 episcopi
1741 940 1773 965 et
1793 951 1856 969 1054,

121 981 249 1013 abbatis
274 986 428 1013 certatum
455 988 502 1013 est
526 983 645 1024 pugnis
669 988 765 1024 atque
790 982 950 1013 scamellis
975 995 1032 1025 pro
1058 983 1164 1015 herilis
1189 985 1273 1015 sedis
1298 986 1470 1026 positione,
1502 997 1574 1017 cum
1600 986 1642 1016 illi
1667 986 1771 1016 vindi-

121 1044 193 1064 care
218 1033 394 1064 volnissent
418 1034 572 1075 episcopo
597 1045 654 1064 suo
679 1035 856 1076 principem
882 1034 985 1065 locum
1009 1036 1100 1066 iuxta
1118 1036 1326 1077 Moguntinae
1345 1037 1500 1068 ecclesiae
1524 1039 1713 1079 episcopum
1738 1039 1769 1068 in

121 1091 281 1116 conventu
307 1086 414 1126 regiae
439 1086 590 1116 sessionis
614 1086 646 1116 in
670 1085 807 1117 ecclesia
836 1092 967 1127 propter
998 1087 1203 1129 privilegium
1236 1089 1408 1130 parochiae
1439 1096 1547 1125 suae1,
1579 1090 1631 1120 isti
1662 1096 1768 1120 autem

121 1143 232 1168 contra
254 1137 385 1168 tendere
409 1143 539 1179 propter
565 1138 736 1179 primatum
763 1137 933 1169 Fuldensis
957 1138 1137 1170 abbatiae2.
1184 1139 1225 1170 Et
1249 1147 1323 1171 tunc
1348 1141 1476 1183 quidem
1502 1142 1531 1171 in
1558 1146 1620 1171 tam
1647 1148 1769 1172 sacrata

121 1188 292 1219 festivitate
310 1189 486 1220 nativitatis
505 1189 637 1220 Domini
654 1196 813 1220 certatum
836 1195 892 1230 est,
917 1191 997 1221 sicut
1022 1191 1174 1230 diximus,
1199 1193 1315 1233 pugnis
1339 1199 1435 1234 atque
1460 1192 1628 1233 scamellis,
1653 1193 1769 1224 deinde
1790 1210 1853 1229 1005,

121 1250 195 1271 vero
219 1240 251 1270 in
277 1246 461 1281 pentecoste
487 1253 536 1271 res
561 1241 735 1282 gerebatur
757 1241 874 1282 gladiis
884 1247 905 1280 ³,
937 1253 1008 1272 cum
1041 1244 1191 1284 utrique⁴¹
1215 1250 1246 1274 et
1269 1246 1441 1286 episcopus
1465 1250 1496 1276 et
1518 1244 1618 1276 abbas
1643 1256 1767 1275 summo

120 1291 226 1322 studio
259 1303 291 1322 sc
323 1300 573 1334 praeparassent
603 1294 641 1324 ad
675 1293 828 1324 tuendum
855 1295 1007 1324 sessionis
1037 1306 1114 1325 suae
1144 1295 1261 1334 locum,
1293 1297 1468 1327 contractis
1494 1296 1635 1338 undique
1660 1296 1768 1327 multis

120 1343 313 1374 militaribus
337 1345 424 1376 viris.
471 1344 550 1375 Erat
573 1346 656 1376 enim
682 1357 722 1376 ex
747 1350 837 1386 parte
861 1347 1004 1388 episcopi
1028 1348 1134 1378 senior
1150 1346 1202 1378 ille
1219 1347 1392 1388 Egbertus,
1417 1348 1455 1379 de
1480 1359 1542 1390 quo
1567 1360 1664 1390 supra
1688 1348 1768 1379 dixi-

120 1407 206 1431 mus3
238 1397 291 1437 qui
317 1403 611 1438 praeoccupaverat
634 1397 802 1428 ecclesiam
834 1399 987 1428 maiorem
1013 1397 1180 1429 Goslariae
1210 1410 1282 1430 cum
1315 1400 1381 1430 suis
1412 1401 1531 1441 pariter
1562 1406 1592 1430 et
1623 1401 1767 1442 episcopi

118 1446 283 1486 militibus,
315 1453 346 1479 et
375 1448 458 1478 inter
489 1448 681 1489 pulsandum
713 1448 752 1478 ad
778 1460 945 1490 vesperam
977 1450 1007 1479 111
1038 1449 1149 1491 vigilia
1177 1457 1378 1491 pentecostes
1403 1452 1624 1483 consonabant
1647 1453 1767 1493 pariter
1787 1469 1870 1489 nmis,

116 1499 342 1530 tumultuariae
359 1499 544 1531 seditiones.
584 1500 894 1542 Perrumpentibus⁵
918 1501 1001 1531 enim
1019 1502 1102 1532 intra
1119 1502 1287 1533 ecclesiam
1307 1502 1522 1534 Fuldensibus
1546 1503 1585 1534 ad
1611 1503 1765 1534 auxilium

117 1551 289 1591 sociorum,
321 1551 438 1593 quibus
468 1552 530 1582 iam
562 1552 751 1583 imminebat
781 1552 892 1582 mortis
917 1553 1106 1593 periculum,
1136 1565 1193 1595 pro
1223 1554 1328 1585 nefas!
1358 1554 1447 1585 multi
1473 1555 1545 1586 111110
1569 1555 1644 1586 inde
1669 1557 1767 1586 occisi

116 1602 286 1634 foedavere
310 1603 407 1634 caede
431 1614 489 1634 sua
513 1603 668 1645 templum
694 1603 756 1635 Dei
782 1609 814 1634 et
836 1603 935 1634 altare
961 1604 1056 1634 Deis.
1103 1605 1269 1636 Eiusmodi
1300 1617 1376 1636 vero
1407 1607 1580 1648 impietatis
1613 1607 1707 1638 simul
1737 1614 1768 1639 et

117 1654 314 1685 crudelitatis
348 1660 572 1686 testamentum
605 1655 797 1686 hereditavit
826 1654 878 1686 ille
917 1657 1024 1687 senior
1055 1656 1219 1697 Egbertus
1254 1668 1351 1699 super
1385 1658 1544 1689 iuniorem
1578 1659 1766 1699 Egbertum,

116 1705 214 1736 filium
240 1717 349 1746 suum,
374 1707 425 1737 cui
450 1708 534 1738 enim
561 1708 620 1737 iste
645 1712 800 1748 parceret,
825 1708 878 1749 qui
897 1713 1034 1749 cognato
1058 1719 1115 1740 suo
1140 1710 1206 1750 regi
1226 1709 1388 1740 Hem-icho
1406 1722 1468 1740 11011
1492 1713 1646 1752 pepercit,
1671 1723 1765 1753 quem

115 1758 182 1788 vita
206 1759 326 1800 pariter
350 1764 380 1789 et
405 1770 504 1800 regno
528 1759 655 1800 privare
680 1758 806 1790 voluit?
845 1759 950 1801 Saepe
974 1759 1103 1801 quidem
1128 1761 1188 1791 iste
1211 1761 1318 1791 iunior
1335 1761 1497 1802 Egbertus
1522 1770 1634 1793 contra
1658 1774 1766 1804 regem

116 1810 303 1849 coniuravit,
329 1821 425 1852 saepe
449 1811 545 1842 etiam
571 1822 640 1841 sese
664 1822 683 1841 a
707 1811 946 1842 coniuratorum
964 1813 1117 1843 societate
1140 1812 1179 1842 ad
1205 1824 1313 1853 regem
1332 1815 1489 1845 convertit
1505 1820 1535 1845 et
1552 1826 1636 1845 1111110
1654 1815 1765 1846 harum

114 1872 200 1892 nunc
223 1861 346 1892 illarum
372 1863 511 1904 partium
536 1863 605 1894 fuit.
659 1862 743 1894 Eece
773 1864 857 1894 enim
889 1869 962 1905 post
993 1863 1160 1905 praelium,
1191 1864 1276 1906 quod
1307 1872 1432 1906 gestum
1465 1878 1533 1897 esse
1563 1868 1704 1897 diximus
1734 1868 1766 1897 in

114 1914 279 1955 episcopio
295 1913 570 1955 W'irziburgensis
588 1913 751 1955 ecclesiae,
776 1915 830 1945 ubi
855 1915 938 1946 idem
957 1915 1119 1957 Egbertus
1144 1917 1266 1957 primns
1290 1923 1357 1948 crat
1382 1917 1420 1948 de
1444 1918 1645 1959 principibus
1665 1920 1764 1950 Saxo-

114 1965 196 2006 niae,
220 1971 293 2007 post
316 1965 376 1996 hoc
400 1977 475 1999 vero
499 1966 675 2007 imperator
692 1966 874 1997 Heni-iebus
900 1968 1030 1999 intravit
1053 1979 1123 1998 cum
1149 1969 1291 2000 exercitu
1310 1980 1366 2009 per
1382 1969 1592 2010 Thuringiani
1614 1971 1644 2000 111
1663 1970 1763 2001 Saxo-

112 2017 229 2056 niam⁷,
253 2017 318 2058 ubi,
342 2028 415 2048 cum
440 2028 503 2048 non
527 2017 683 2048 auderent
699 2018 844 2049 Saxones
869 2026 965 2060 atque
986 2019 1143 2061 Thuringi
1169 2020 1281 2050 offerre
1305 2022 1332 2050 ei
1358 2022 1559 2052 occasionem
1586 2023 1763 2063 pugnandi,

113 2075 178 2099 tum
203 2068 332 2110 quidem
349 2069 528 2109 ‘Egbertus
546 2069 698 2108 marchio,
724 2076 833 2111 utpote
859 2071 1007 2112 prinecps
1029 2071 1123 2101 huius
1141 2082 1269 2113 quoquc
1287 2072 1370 2109 belli,
1395 2073 1599 2104 iureiuramlo
1618 2075 1765 2114 promisit
1783 2084 1875 2110 ‘p.113.

112 2121 309 2162 imperatori,
334 2126 377 2159 ut,
403 2121 428 2151 si
446 2121 541 2152 vellet
557 2120 630 2152 inde
648 2122 824 2152 exercitum
843 2121 1006 2162 reducere,
1031 2134 1098 2153 sese
1116 2122 1310 2154 deditionem
1330 2124 1487 2155 facturum
1505 2126 1619 2164 essetb,
1644 2127 1674 2156 in
1693 2126 1762 2156 loco

113 2171 233 2203 scilicet
251 2172 482 2204 Herosfeldiae.
522 2173 654 2204 Factum
679 2178 727 2203 est
750 2174 803 2212 ita,
829 2180 861 2205 et
884 2173 988 2204 adhuc
1012 2175 1101 2205 testis
1124 2180 1173 2206 est
1190 2175 1402 2215 Herosfcldia,
1427 2177 1511 2218 quod
1538 2177 1581 2208 ibi
1602 2177 1762 2219 Egbcrtus

112 2223 253 2254 marchio
277 2223 458 2266 supplicem
482 2235 515 2255 se
538 2224 724 2266 imperatori
750 2224 865 2256 obtulit
875 2231 896 2265 ⁸,
921 2225 1006 2268 quod
1031 2226 1058 2257 ci
1083 2226 1177 2258 fidem
1199 2227 1378 2258 iuramento
1397 2229 1553 2270 promisit,
1578 2229 1663 2271 quod
1681 2241 1762 2261 mar-

222 2330 250 2359 a)
270 2330 437 2354 WVezelinum
461 2331 483 2354 l.
560 2331 586 2361 b)
610 2338 667 2354 esse
692 2332 714 2353 1.

220 2421 248 2457 1)
274 2423 455 2449 Constitulum
480 2426 548 2455 erat,
580 2423 608 2448 nt
632 2423 710 2449 cuius
733 2423 862 2458 deinceps
885 2424 914 2450 in
935 2425 1091 2458 parrochia
1115 2434 1164 2451 rex
1193 2429 1267 2458 esset,
1299 2426 1323 2451 z's
1352 2435 1406 2451 non
1429 2427 1515 2452 solnm
1539 2429 1651 2453 tutelam
1677 2429 1758 2462 reglis,

111 2474 159 2499 sed
182 2474 274 2500 omnia
296 2475 448 2508 susciperet
472 2475 590 2508 neyotz'a,
615 2484 686 2509 qnae
708 2475 746 2501 acl
769 2475 915 2510 imperium
937 2476 1116 2509 pertinerent.
1194 2477 1223 2511 2)
1248 2477 1385 2511 Diynitas
1403 2479 1545 2512 primatus
1569 2480 1687 2505 onmium
1712 2481 1759 2506 ab·

112 2525 205 2551 batum
228 2526 414 2552 Fuldensz'bus
441 2535 514 2552 anno
544 2526 613 2553 968.
638 2527 673 2552 ab
697 2527 822 2553 Iohanne
846 2527 935 2554 XIII.
956 2537 1036 2562 papa
1064 2529 1174 2554 tradita
1203 2533 1255 2561 e²82,·
1287 2529 1325 2561 cf.
1348 2530 1492 2557 militenen.
1515 2530 1570 2563 fiir
1598 2531 1756 2558 [isrerreirlz.

113 2576 384 2610 Gesckz'clitsforsclz.'
400 2577 485 2612 II‚p.
502 2577 550 2604 40.
618 2578 647 2611 3)
670 2578 814 2604 Lamberti
828 2579 899 2605 Ann.
922 2579 1015 2605 1063:
1039 2587 1099 2605 rem
1122 2588 1180 2606 non
1204 2580 1260 2606 iam
1284 2581 1419 2613 fustibus,
1444 2582 1495 2607 sed
1519 2582 1624 2615 gladiis
1644 2588 1757 2617 gerunt.

113 2627 142 2661 4)
164 2628 331 2655 Lamberlus
347 2629 505 2654 Hezelimam
524 2629 611 2654 solum
629 2630 751 2655 consulto
775 2639 856 2656 arma
880 2631 917 2656 acl
937 2640 1060 2664 [mquam
1082 2639 1202 2665 parasse
1217 2632 1315 2658 tradit.
1350 2634 1382 2659 P.
1397 2634 1497 2660 Icmzld
1513 2635 1530 2661 l.
1545 2635 1564 2660 l.
1578 2644 1608 2668 p.
1625 2634 1757 2662 513a56,

112 2687 142 2705 eo
171 2680 244 2712 quod
273 2680 430 2706 Walramus
455 2681 544 2714 paulo
573 2681 656 2707 aliter
685 2690 720 2706 ac
743 2682 908 2708 lambertus
937 2683 971 2708 cle
1000 2683 1050 2708 lzoc
1080 2683 1229 2709 certamine
1256 2687 1280 2709 ec
1304 2685 1414 2718 proelio
1442 2686 1540 2716 trarlit,
1570 2686 1759 2711 demonstrare

112 2733 228 2756 conatur
250 2731 335 2757 libros
359 2733 475 2757 annales
498 2732 642 2758 Lamberti
670 2732 812 2759 H'alranm
835 2733 989 2767 incoqrzitos
1005 2733 1107 2766 faisse.
1180 2734 1210 2768 5)
1235 2735 1278 2767 Cf.
1303 2736 1480 2762 Lanzbertnm
1504 2738 1522 2762 l.
1540 2737 1573 2763 l..·
1598 2737 1757 2761 fuldenses

177 2802 182 2807 .
208 2782 360 2808 ecclesiam
383 2782 554 2817 irrumpunt.
590 2784 622 2810 S.
733 2785 761 2818 6)
787 2784 829 2817 Cf.
855 2794 926 2819 quae
950 2786 1115 2812 [rambertus
1139 2786 1171 2812 [Ie
1197 2787 1244 2812 illo
1273 2788 1421 2813 certamine
1449 2788 1467 2814 l.
1492 2788 1509 2814 l.
1537 2797 1565 2822 p.
1596 2790 1660 2814 103.
1690 2788 1755 2815 164.

113 2833 216 2859 scribit.
305 2834 334 2869 7)
356 2835 389 2861 A.
412 2835 499 2862 1087.
588 2835 618 2868 8)
642 2834 705 2868 [Cf.
730 2836 832 2863 Annal.
856 2836 934 2863 Salvo
958 2846 984 2866 α,
1006 2837 1095 2870 1087,
1119 2837 1174 2864 SS.
1198 2837 1244 2871 VJ,
1264 2847 1295 2872 p.
1314 2838 1400 2872 724]

1471 2894 1522 2916 33*
