2132 3067
626 142 741 168 LIBER
770 142 823 168 DE
847 141 1006 169 HONORE
1029 141 1249 168 ECCLESIAE.
1704 137 1761 168 581

967 282 998 312 in
1039 292 1073 313 se
1106 283 1237 313 confidit
1274 283 1336 313 cito
1367 292 1480 313 casura
1508 287 1565 313 est.
1611 280 1705 312 Unde
1735 286 1766 311 et

967 332 1125 374 propheta
1140 334 1198 364 ait:
1222 333 1454 373 Aedificabant
1471 334 1630 374 parietem
1648 333 1765 374 absque

967 389 1199 426 temperatura.
1246 385 1310 416 Dic
1342 385 1386 415 acl
1416 396 1466 416 eos
1499 386 1556 426 91ιί
1587 384 1765 424 aedificant

77 448 88 468 s
969 436 1088 476 absque
1104 435 1310 475 liniamento,
1335 437 1422 476 91ιοιί
1439 447 1578 467 casurus
1602 436 1653 467 sit.
1691 435 1765 466 Erit

969 487 1055 517 enim
1079 487 1179 518 imber
1202 488 1377 518 inundans
1401 493 1427 518 et
1454 492 1565 518 ventus
1590 487 1765 517 vehemens

969 537 1079 568 Paries
1117 538 1239 580 absque
1278 543 1497 581 temperatura
1533 538 1653 578 linitur,
1691 549 1763 568 cum

970 594 1112 630 potestas
1143 589 1283 620 humana
1314 589 1452 621 humano
1486 591 1606 629 favore,
1639 595 1670 620 et
1701 600 1765 619 non

970 641 1076 681 gratia
1107 641 1249 682 Spiritus
1284 642 1386 672 sancti
1418 641 1656 672 corroboratur.
1702 642 1766 679 Qui

67 706 92 726 ιο
971 703 1048 733 ergo
1074 703 1131 734 per
1151 693 1325 724 maceriam
1349 692 1528 725 ascendens
1552 704 1628 724 oves
1646 692 1766 724 Christi

971 744 1116 785 optinere
1134 743 1305 783 desiderat,
1326 745 1450 775 noverit
1466 745 1542 786 quia
1558 755 1690 775 casurus
1707 750 1765 783 est,

971 801 1001 826 et
1024 806 1087 825 non
1118 801 1166 826 est
1189 800 1308 836 pastor,
1340 796 1394 826 sed
1419 795 1479 834 fur,
1511 796 1586 838 quia
1616 807 1678 826 non
1709 806 1766 837 per

971 846 1089 877 humile
1116 847 1233 878 ostium
1258 848 1354 878 intrat
1377 847 1419 878 ad
1444 846 1617 878 Christum.

308 956 402 989 XXI.
441 957 522 989 Dea
550 958 789 1000 episeopis,
818 969 837 990 a
866 957 1018 1000 quibus
1048 957 1241 989 ordinari
1272 959 1570 1000 precipiantur.

65 1031 90 1050 ιε»
223 1018 284 1051 Ut¹
313 1019 460 1061 episcopi
482 1019 608 1050 iudicio
631 1020 957 1061 metropolitanorum
988 1023 1015 1050 et
1039 1030 1147 1050 eorum
1171 1018 1432 1059 episcopormnb,
1464 1020 1521 1060 qui
1551 1019 1765 1049 circumcirca

112 1075 198 1111 sunt,
222 1069 472 1112 provehantur?
503 1070 549 1101 ad
573 1072 848 1103 aecclesiasticam
874 1071 1081 1112 dignitatem,
1113 1070 1169 1101 hig
1193 1070 1340 1101 videlicet
1371 1071 1430 1111 91ιί
1457 1070 1601 1111 plurimo
1626 1075 1765 1111 tempore

109 1122 298 1165 probantur
320 1125 385 1153 tam
407 1122 502 1153 verbo
518 1122 604 1162 fidei
626 1134 723 1165 quam
746 1128 852 1154 rectae
876 1123 1135 1154 conversationis
1159 1123 1312 1163 exemplo.

494 1234 534 1266 A.
1352 1233 1389 1263 B.

129 1284 285 1329 [XXIINJ
321 1285 381 1316 Ad
411 1296 514 1327 quos
543 1286 717 1328 proprie
747 1285 898 1317 electio
974 1284 1085 1318 XXII.
1134 1284 1306 1325 Qualisi
1341 1284 1495 1316 debeat
1534 1284 1654 1326 eligik
1685 1285 1767 1326 epi-

66 1350 93 1369 πο
245 1336 514 1368 sacerdotum
548 1337 776 1379 pertineat.
1286 1347 1448 1378 scopus.

112 1401 173 1426 Ex²
193 1401 308 1426 concilio
373 1397 450 1430 Non
481 1397 553 1429 licet
573 1398 700 1440 populo
727 1399 908 1430 electionem
1015 1397 1191 1439 Apostolus
1222 1397 1262 1428 ad
1297 1397 1404 1428 Titum
1437 1397 1591 1439 loquens,
1630 1396 1767 1439 qualiter

133 1438 291 1507 Βηὲἓὲεὓδί
322 1449 443 1490 facere
468 1461 532 1491 per
565 1461 598 1481 se
631 1461 742 1482 eorum
773 1451 830 1492 qui
864 1450 908 1481 ad
970 1449 1046 1491 eligi
1091 1455 1203 1491 pastor
1239 1448 1414 1480 aecclesiae
1459 1448 1593 1486 debeat,
1638 1448 1767 1480 demon-

238 1494 243 1500 ·
331 1501 547 1532 sacerdotium
582 1507 818 1542 provocantur,
851 1502 909 1532 sed
971 1506 1051 1532 strat
1088 1500 1212 1532 dicens:
1262 1501 1374 1531 Huius
1412 1501 1462 1531 rei
1497 1502 1611 1542 qratia
1648 1500 1768 1542 reliqui

112 1551 150 1582 in
172 1551 300 1583 iudicio
322 1553 549 1594 episcoporum
572 1564 638 1584 esse
662 1553 761 1592 debet,
785 1558 820 1584 ut
842 1554 910 1594 ipsi
971 1557 999 1583 te
1025 1552 1147 1593 Cretae,
1176 1557 1211 1583 ut
1239 1563 1278 1583 ea
1309 1564 1392 1594 quae
1420 1552 1537 1583 desunt
1566 1553 1717 1593 corrigas
1741 1557 1768 1583 et

66 1617 93 1636 25
113 1613 185 1634 eum
205 1603 263 1645 qui
279 1604 490 1636 ordinandus
513 1609 557 1636 est
571 1605 716 1646 probent,
741 1606 771 1636 si
793 1605 828 1636 in
843 1616 908 1636 ser-
972 1605 1155 1635 constituas
1182 1616 1241 1646 per
1269 1605 1416 1635 civitates
1446 1603 1651 1645 presbiteros,
1682 1604 1766 1634 sicat

113 1665 204 1686 mone
227 1659 255 1686 et
269 1655 340 1696 fide
363 1660 391 1687 et
414 1657 589 1698 spirituali
614 1658 681 1688 vita
706 1657 835 1688 edoctus
859 1657 909 1688 sit.
971 1667 1029 1698 eqo
1059 1655 1119 1686 tibi
1150 1656 1310 1697 disposui.
1357 1655 1397 1686 Si
1425 1656 1499 1696 quis
1528 1657 1600 1686 sine
1631 1655 1767 1686 crimine

972 1712 1026 1747 est,
1050 1708 1151 1738 unias
1168 1708 1283 1738 uxoris
1305 1707 1466 1747 vir,filios
1484 1707 1616 1745 liabens,
1640 1717 1706 1737 non
1730 1706 1766 1737 in

973 1759 1179 1790 accusatione
1208 1759 1375 1797 luoeuriae,
1407 1764 1494 1789 aut¹¹¹
1524 1769 1588 1789 non
1613 1758 1767 1789 subditos.

979 1811 1112 1852 Oportet
1134 1811 1219 1841 enirn
1236 1810 1425 1851 episcopum
1449 1811 1519 1841 sine
1535 1810 1673 1840 crimine
1689 1820 1765 1849 esse,

67 1874 95 1893 so
973 1863 1057 1893 sicut
1086 1862 1150 1892 Dei
1179 1861 1448 1902 dispensatorem,
1482 1872 1546 1892 non
1580 1861 1766 1902 superbum,

976 1925 1041 1944 non
1078 1913 1291 1953 iracundum,
1328 1918 1417 1944 nonn
1452 1912 1661 1952 vinolentum,
1700 1924 1766 1944 non

969 1975 1206 2006 percussorem,
1240 1975 1306 1995 non
1336 1965 1445 2005 turpis
1479 1964 1564 1995 lucri
1597 1964 1766 2005 cupidum,

975 2017 1031 2047 sed
1044 2016 1247 2057 hospitatem,
1262 2015 1450 2057 benignum,
1464 2016 1618 2055 sobrium,
1636 2017 1766 2056 iustum,

974 2072 1136 2107 sanctum,
1165 2068 1388 2104 continentem,
1418 2066 1657 2108 amplectentem
1685 2078 1766 2107 eum,

69 2128 96 2147 ³5
975 2120 1033 2162 91ιί
1060 2119 1239 2150 secundum
1263 2118 1448 2150 doctrinam
1472 2123 1526 2158 est,
1546 2118 1678 2157 fidelem
1701 2129 1765 2149 ser-

976 2182 1106 2210 monem,
1127 2175 1161 2201 ut
1176 2175 1291 2211 potens
1308 2171 1348 2200 sit
1371 2169 1542 2201 eaelzortari
1560 2170 1597 2200 in
1614 2170 1768 2201 doctrina

975 2234 1073 2263 sana,
1097 2227 1124 2252 et
1141 2233 1204 2262 eos,
1227 2223 1285 2264 91ιὶ
1300 2221 1541 2261 contradicunt,
1557 2221 1767 2263 reclaryuere.

229 2348 258 2378 a)
279 2346 372 2373 titulus
391 2347 463 2372 deest
482 2347 508 2372 B
521 2349 546 2372 1.
649 2348 677 2379 b)
699 2347 770 2372 deest
790 2347 822 2372 A.
924 2347 951 2379 c)
973 2347 1065 2372 iterum
1086 2346 1113 2370 in
1133 2355 1215 2378 mar-9.
1238 2346 1273 2370 al.
1297 2355 1328 2370 ιιι.
1349 2345 1449 2377 scripta
1469 2345 1546 2369 ΒΕΘ.
1649 2345 1675 2375 d)
1698 2345 1767 2369 Lau-

120 2393 206 2418 diensi
225 2392 258 2419 A.
352 2395 378 2424 e)
398 2393 468 2418 XII?
487 2392 519 2419 A.
608 2394 629 2425 ἢ
649 2397 856 2426 promoveantur
876 2393 901 2418 B
916 2395 938 2417 l.
1030 2395 1056 2424 g)
1079 2392 1115 2416 hii
1136 2392 1202 2423 A1;
1228 2393 1247 2416 ii
1268 2389 1345 2416 Beb.
1441 2391 1468 2423 h)
1489 2400 1560 2415 num.
1581 2399 1639 2422 cap.
1661 2391 1716 2415 des.
1736 2389 1767 2414 A.

73 2445 100 2464 ιο
118 2439 141 2471 ἰ)
160 2439 254 2465 titulus
273 2439 344 2465 deest
362 2439 389 2464 B
401 2440 431 2470 13
452 2440 573 2470 Qualiter
594 2439 618 2464 B
630 2440 669 2465 2³.
745 2440 775 2471 k)
796 2440 865 2471 elegi
885 2439 909 2464 lz.
925 2439 941 2464 l.
964 2438 988 2463 Β
1000 2439 1038 2464 2³.
1105 2439 1126 2469 1)
1147 2439 1218 2463 deest
1239 2438 1264 2462 B
1276 2438 1300 2463 2.
1367 2438 1403 2468 m)
1427 2441 1515 2462 autem
1536 2437 1561 2461 Β
1573 2438 1596 2461 1.
1664 2438 1692 2467 u)
1715 2444 1768 2461 non

119 2485 201 2511 vinol.
222 2485 276 2511 des.
298 2485 358 2512 ΒΞ.

228 2596 257 2631 1)
282 2596 365 2624 Conc-
387 2596 508 2623 Laodic.
532 2605 566 2623 ex
587 2596 731 2631 interpret.
749 2596 883 2631 Dionysii
905 2606 929 2623 c.
948 2596 995 2630 12,
1018 2595 1118 2622 Mami
1139 2595 1182 2629 II,
1206 2595 1258 2622 col.
1276 2595 1352 2628 578,·
1376 2593 1413 2627 cf.
1435 2590 1606 2628 Maaezeqoldi
1629 2594 1667 2620 acl
1683 2593 1768 2620 Gebe-

118 2647 239 2675 bardum
261 2648 333 2674 liber
355 2657 379 2675 c.
397 2647 445 2680 65,
469 2647 571 2675 Libell.
588 2647 612 2681 I,
632 2657 664 2682 p.
681 2648 751 2674 417.
786 2648 818 2675 S.
923 2647 952 2681 2)
975 2648 1063 2674 Immo
1086 2656 1119 2673 ex
1143 2647 1248 2674 Goncil.
1272 2647 1391 2674 Laodic.
1412 2656 1435 2673 c.
1456 2646 1503 2673 12.
1525 2646 1571 2672 13.
1596 2654 1630 2671 ex
1645 2644 1770 2671 Martini

120 2700 246 2727 Bracar.
265 2699 378 2727 Collect.
395 2708 532 2726 canonum
555 2709 578 2726 c.
594 2700 620 2733 1,
643 2699 780 2727 Hardnin
796 2699 854 2732 III,
875 2709 906 2734 p.
922 2699 1000 2734 391,-
1023 2699 1140 2726 concilio
1157 2699 1334 2726 Bracarensi
1349 2698 1505 2725 attribuunt
1522 2697 1603 2723 etiam
1621 2696 1726 2723 Buri-12.
1744 2696 1768 2727 J,

72 2757 100 2777 45
121 2760 144 2778 c.
163 2751 220 2784 105
242 2751 294 2778 Ivo
316 2750 346 2784 V,
369 2760 393 2778 c.
412 2751 470 2785 64,·
492 2751 682 2786 Maneyoldus
705 2760 728 2778 c.
748 2751 796 2786 65,
819 2751 921 2778 Libell.
938 2751 962 2784 I,
981 2760 1014 2785 p.
1031 2750 1103 2777 417.
1137 2750 1170 2779 S.

1786 343 1818 362 ΕΖ
1837 343 1869 366 12,
1881 344 1913 361 111,
1927 344 1960 361 11.

1785 1031 1844 1053 Exc
1865 1029 1978 1054 concilio

1799 1066 1957 1090 Laodicensi
1968 1063 1980 1082 d

1837 1111 1858 1127 c.
1874 1103 1925 1126 ve,

1787 1407 1885 1431 Paulus
1892 1403 1908 1430 ¹.

1788 1512 1938 1536 Tit.1,5-9.
