2132 3067
549 160 600 187 DE
623 159 794 187 UNITATE
818 161 1029 187 ECCLESIAE
1052 159 1348 187 CONSERVANDA.
1713 159 1774 191 ‘279

122 249 291 289 Chrz'stus;
323 251 380 291 qui
403 251 497 281 etiam
522 261 594 280 cum
618 251 739 280 veritas
762 251 814 289 sit,
840 254 961 291 mque‘*
986 250 1125 289 veritas,
1155 250 1276 291 inquit,
1307 251 1377 281 sine
1407 251 1500 282 modo
1530 263 1631 293 neque
1660 253 1775 284 modus

118 302 188 332 sine
210 303 345 332 veritate
367 313 514 343 unquam
527 301 612 342 fuit,
635 306 662 331 et
683 301 757 332 ideo
780 313 890 332 verum
915 313 1006 332 omne
1029 301 1114 342 quod
1130 301 1294 342 loquimur
1311 302 1375 333 Dei
1390 314 1456 332 esse
1469 303 1642 344 probatur.
1679 303 1775 335 Unde

118 357 150 382 et
165 352 327 383 Dominus
343 353 488 384 excitans
506 353 538 383 in
555 352 648 382 nobis
665 352 875 391 intellectum,
899 352 954 383 ubi
979 351 1072 382 homo
1097 351 1136 382 ad
1162 353 1333 394 imaginem
1356 353 1417 384 Dei
1442 354 1545 385 factus
1569 360 1633 385 est:
1657 355 1776 396 Estote,
1798 367 1826 384 x1.
1828 367 1869 385 ιιιι
1884 367 1904 388 5
1912 368 1946 386 45

117 404 230 445 inquit,
256 404 406 445 perfectu
435 406 519 435 sicut
549 404 648 434 Pater
675 409 776 434 vester
800 404 945 435 caelestis
962 404 1132 444 perfectus
1155 406 1373 435 est.()1nnia
1405 406 1488 436 enim
1513 406 1545 436 in
1570 417 1721 438 mensura
1745 414 1775 438 et
1797 431 1850 454 q„
1857 402 1896 453 js,
1906 432 1939 450 2,

88 467 101 486 5
118 466 253 486 numero
277 460 309 486 et
331 456 475 497 pondele
500 456 621 486 creavit
645 455 744 486 Deus.
792 455 944 496 Optimus
978 461 1027 485 est
1057 461 1162 486 autem
1188 456 1220 486 in
1245 457 1330 486 omni
1355 468 1388 486 re
1412 457 1527 488 modus
1551 464 1582 489 et
1604 458 1775 490 laudabilis

119 507 238 549 ubique
263 518 426 546 mensura3
452 508 508 538 sed
532 509 565 538 in
589 508 682 538 bonis
706 518 830 548 quoque
853 507 947 537 rebus
968 507 1126 547 quicquid
1144 508 1271 537 modum
1289 510 1461 539 arcesserit
1477 510 1590 540 vitium
1613 515 1668 550 est,
1692 511 1774 541 sicut

119 559 355 599 Hieronymus·
382 559 436 590 ait.
481 558 544 589 Per
573 558 839 589 consuetudinem
871 563 978 588 autem
1007 565 1101 599 turpe
1125 559 1231 599 coepit
1254 569 1317 589 non
1342 559 1456 600 videri,
1488 561 1573 602 quod
1597 568 1646 593 est
1671 568 1774 604 turpe,

118 611 194 651 quia
217 610 338 640 recedit
361 610 465 652 pudor
488 609 672 641 blandiente
697 609 943 648 consuetudine,
975 609 1113 651 ideoque
1145 621 1202 650 pro
1236 611 1412 641 virtutibus
1441 612 1605 644 ducuntur
1633 625 1670 644 ea
1693 625 1773 656 quae

117 667 192 692 sunt
215 662 339 698 vitiosa,
367 667 398 692 et
422 673 478 702 pro
504 661 670 692 honestate
695 673 776 703 quae
800 667 875 692 sunt
898 661 1077 701 inhonesta,
1109 672 1190 702 quae
1215 663 1321 692 omnia
1346 669 1531 704 peccatores
1556 671 1586 695 et
1609 672 1774 707 apostatae

70 723 96 742 10
116 712 223 754 angeli
252 716 319 744 suis
350 713 472 744 artibus
503 712 725 755 prodiderunt,
756 713 885 754 quando
916 713 956 743 ad
988 719 1114 743 terrena
1146 714 1294 753 contagia
1323 714 1464 746 devoluti
1496 726 1514 745 a
1545 717 1675 748 caelesti
1700 719 1774 758 iugo

117 772 329 796 recesserunt.
376 765 462 805 Ergo
492 764 646 805 templum
678 770 710 795 et
737 764 837 796 altare
868 770 898 795 et
929 765 1100 796 adorantes
1125 765 1155 795 in
1179 775 1217 796 eo
1242 773 1485 803 mensurantur,
1517 769 1599 799 sicut
1631 770 1662 799 in
1694 768 1774 800 libro

117 816 332 859 Apocalypsis
356 816 488 858 legitur,
513 817 629 846 atrium
655 822 778 856 autem,
802 816 888 858 quod
912 816 988 847 foris
1013 815 1167 857 templum
1194 822 1258 855 est,
1290 818 1349 848 eici
1374 818 1459 849 foras
1484 820 1626 855 iubetur,
1656 826 1689 851 ut
1712 832 1773 851 non

117 869 276 899 metiatur.
319 868 470 898 Latitudo
495 869 616 910 quippe
641 868 818 909 praesentis
842 868 926 898 vitae
952 879 1009 909 per
1031 869 1148 899 atrium
1173 868 1381 909 significatur,
1406 876 1502 912 atque
1526 872 1597 902 ideo
1623 873 1774 903 metiendi

117 931 179 951 non
204 926 277 951 sunt
302 921 355 962 qui
380 920 455 950 foris
478 919 632 961 templum
658 925 746 959 sunt,
780 920 833 961 qui
867 931 923 961 per
944 921 1060 950 atrium
1086 920 1310 961 designantur,
1342 922 1417 963 quia
1440 929 1579 963 angusta
1602 930 1695 965 porta
1719 932 1775 955 est.
1799 938 1867 956 mmm
1885 939 1946 957 πη.

70 982 96 1001 1⁶
116 982 198 1013 quae
222 972 310 1002 ducit
334 971 374 1002 ad
397 972 506 1011 vitam,
531 978 561 1002 et
584 971 720 1002 latitudo
744 972 829 1002 vitae
853 982 1026 1013 pravorum
1052 982 1115 1002 non
1139 972 1321 1003 admittitur
1343 973 1383 1003 ad
1409 985 1576 1005 mensuras
1601 982 1632 1005 et
1649 976 1775 1017 regulas

116 1023 300 1057 electorum,
347 1023 440 1054 Unde
463 1024 558 1054 etiam
584 1023 751 1065 praecepit
773 1023 805 1053 in
829 1023 998 1063 euangelio
1023 1023 1184 1054 Dominus
1220 1025 1411 1056 constitutos
1442 1027 1473 1056 in
1503 1037 1580 1067 agro
1611 1033 1640 1057 et
1665 1038 1775 1069 opera·
1797 1041 1948 1062 ›inuit-24³8.

116 1076 201 1107 tione
225 1076 376 1106 virtutum
403 1086 465 1105 non
491 1075 608 1105 reverti
631 1081 716 1106 retro
741 1074 792 1106 vel
816 1074 938 1116 aliquid
962 1075 1001 1105 de
1025 1075 1120 1106 domo
1144 1077 1298 1117 pristinae
1324 1079 1576 1109 conversationis
1600 1078 1720 1117 tollere,
1745 1085 1776 1110 et

116 1138 156 1158 ne
179 1127 312 1158 alteram
339 1126 469 1168 quidem
495 1127 635 1157 tunicam
659 1126 785 1165 tollere,
817 1138 912 1168 quam
936 1127 1074 1168 apostoli
1099 1128 1310 1168 prohibentur
1333 1128 1460 1160 habere.
1507 1131 1570 1160 Sed
1597 1131 1670 1172 quia
1694 1132 1774 1161 ocio·
1796 1143 1916 1167 ib.10,10.

117 1179 194 1210 sitas
218 1179 345 1210 inimica
369 1186 418 1210 est
433 1179 570 1216 animae,
595 1178 668 1209 ideo
693 1184 825 1220 propter
841 1189 939 1220 opera
956 1184 1079 1209 tantum
1097 1181 1263 1210 constituit
1279 1186 1409 1211 sanctus
1427 1181 1624 1212 Benedictus
1641 1183 1773 1213 alteram

70 1242 98 1261 20
118 1229 294 1269 cucullam,
324 1242 406 1272 quae
437 1230 555 1261 dicitur
581 1229 764 1271 scapulare.
795 1241 832 1260 eo
864 1231 949 1272 quod
983 1231 1140 1261 eiusmodi
1173 1232 1271 1262 vestis
1302 1237 1376 1273 apta
1408 1233 1449 1263 sit
1475 1241 1571 1275 caput
1596 1241 1719 1265 tantum
1745 1242 1775 1265 et

118 1282 267 1324 scapulas
291 1288 410 1323 tegere.
450 1282 505 1313 Sic
528 1283 611 1312 enim
637 1282 750 1312 scribit
773 1288 804 1312 et
828 1282 923 1313 docet
945 1281 1056 1313 beatus
1073 1282 1234 1313 Basilius²
1258 1284 1289 1313 in
1315 1283 1424 1324 regula
1441 1296 1498 1315 sua
1516 1285 1554 1316 de
1572 1287 1774 1317 institutione

118 1333 365 1364 monachorum:
389 1334 437 1365 Re
461 1345 554 1374 vera,
576 1334 741 1374 inquienS,
771 1335 992 1365 necessarium
1017 1335 1146 1365 videtur
1169 1347 1255 1374 eunt,
1285 1337 1343 1376 qui
1367 1348 1523 1368 manuum
1549 1349 1641 1379 opere
1666 1340 1715 1370 uti
1737 1340 1771 1369 iu

118 1385 230 1427 aliquo
261 1385 363 1424 debet,
400 1385 580 1426 empeditum
614 1397 681 1415 csse
710 1390 737 1415 et
761 1386 797 1416 in
829 1387 977 1417 omnibus
1010 1391 1248 1427 praeparatum
1283 1399 1320 1418 ac
1349 1389 1420 1418 siue
1451 1389 1515 1419 ullo
1548 1391 1774 1430 impedimento

115 1438 262 1468 inveniri
287 1438 332 1468 acl
355 1448 446 1467 omne
470 1437 545 1468 boni
567 1438 676 1478 operis
698 1438 926 1468 ministerium.
972 1438 1120 1468 Vidimus
1145 1450 1202 1468 nos
1226 1438 1399 1480 aliquando
1423 1446 1543 1471 vestem
1569 1442 1772 1482 cucullatam,

70 1500 97 1520 25
116 1499 250 1530 parvam
281 1488 428 1530 quidem,
460 1488 515 1519 sed
546 1489 589 1519 ita
620 1488 835 1524 moderatam,
870 1495 903 1520 ut
932 1489 1070 1531 desuper
1092 1501 1195 1532 usque
1219 1490 1271 1520 ‘ad
1301 1502 1392 1521 renes
1417 1496 1538 1522 tantum
1564 1493 1721 1524 deflueret
1744 1500 1773 1525 et
1796 1503 1891 1528 mue.

118 1541 279 1582 utrimque
302 1551 404 1582 usque
427 1540 467 1571 ad
492 1539 696 1570 humerorum
722 1540 861 1571 confinia
885 1542 1096 1583 pertingeret,
1128 1541 1230 1583 qualis
1263 1549 1347 1574 certe
1379 1543 1481 1575 forma
1504 1551 1601 1586 atque
1625 1556 1774 1577 mensura

117 1592 248 1634 proprie
272 1591 390 1623 dicitur
413 1591 595 1633 scapulare,
624 1592 710 1633 quod
734 1592 900 1623 monachis
925 1598 1058 1634 propter
1081 1604 1180 1634 opera
1203 1599 1326 1624 tantum
1351 1597 1535 1636 assignatur
1559 1608 1598 1626 ex
1623 1597 1773 1628 mandato

116 1643 256 1685 regulae,
281 1645 356 1686 quia
379 1644 424 1675 ibi
447 1644 641 1686 exprimitur
664 1645 836 1686 utrimque,
861 1650 896 1674 ut
919 1650 949 1676 et
974 1645 1150 1675 monachus
1174 1645 1406 1687 singularitatis
1427 1658 1504 1678 suae
1521 1648 1700 1679 custodiam
1719 1660 1775 1690 per

117 1701 240 1726 vestem
273 1695 463 1726 cucullatam
494 1695 640 1726 attendat
669 1700 701 1726 et
723 1707 782 1738 per
804 1696 994 1727 brevitatem
1019 1697 1087 1727 eius
1112 1697 1205 1728 simul
1228 1704 1259 1728 et
1283 1709 1341 1739 per
1366 1699 1569 1730 brachiorum
1594 1700 1772 1732 nuditatem

71 1758 97 1778 so
117 1748 222 1788 magis
252 1747 424 1788 explicitus
456 1752 488 1778 et
518 1748 657 1788 impiger
688 1747 727 1778 ad
759 1758 856 1788 opera
887 1748 951 1778 fiat.
998 1748 1082 1778 Rara
1113 1755 1218 1779 autem
1252 1757 1300 1780 est
1323 1762 1408 1781 nunc
1432 1752 1517 1793 apud
1543 1753 1716 1783 monachos
1744 1760 1773 1783 et

117 1800 269 1830 inusitata
291 1799 448 1830 eiusmodi
472 1800 587 1839 vestis,
619 1800 695 1841 quia
725 1800 818 1840 pauci
842 1804 898 1830 aut
921 1800 1051 1830 omnino
1075 1800 1152 1830 nulli
1178 1801 1269 1831 istius
1293 1804 1448 1844 temporis
1472 1803 1621 1834 monaehi
1645 1804 1774 1835 student

117 1862 206 1882 more
230 1856 356 1893 patrum
382 1850 484 1881 labori
506 1857 563 1882 aut
586 1851 741 1881 exercitio
766 1851 886 1891 operis,
911 1861 983 1881 cum
1008 1851 1095 1892 apud
1120 1854 1268 1894 antiquos
1294 1860 1402 1895 patres
1426 1855 1521 1886 fuerit
1545 1856 1714 1896 usitatum,
1740 1862 1774 1887 ut

117 1902 238 1933 nullum
263 1903 462 1944 susciperent
484 1903 516 1932 in
540 1904 733 1933 consortium
761 1914 867 1942 suum,
898 1903 957 1932 nisi
990 1903 1144 1944 probatus
1177 1905 1236 1934 hoc
1267 1907 1420 1936 meruerit
1444 1918 1500 1948 por
1524 1908 1630 1948 operis
1654 1909 1772 1939 exerci-

117 1954 213 1993 tium,
245 1955 331 1996 quod
362 1955 542 1985 orationum
574 1955 680 1985 studia
710 1960 806 1996 atque
830 1955 1002 1984 lectionum
1027 1956 1201 1997 praecipue
1225 1956 1354 1988 valentb
1378 1964 1489 1988 eontra
1512 1959 1772 2000 impugnationes

70 2017 97 2036 ³5
116 2006 280 2037 vitiorum.
325 2006 419 2037 Unde
443 2012 474 2037 et
498 2006 685 2038 Sarabaitas
696 2013 718 2039 θ,
742 2006 802 2036 hoc
825 2014 872 2036 est
895 2006 955 2037 sibi
980 2007 1136 2041 viventes,
1161 2007 1301 2049 appellat
1325 2014 1453 2040 sanctus
1474 2009 1688 2041 Benedictus-³
1712 2017 1771 2041 ter-

116 2059 196 2088 tium
220 2069 322 2099 genus
339 2058 586 2088 monachorum:
613 2058 774 2094 Quoniam
793 2058 898 2098 nulla,
922 2059 1036 2099 inquit,
1060 2059 1174 2100 reyuZa
1194 2060 1373 2100 approbati
1389 2063 1593 2102 eoeperz'entia
1608 2064 1770 2103 maqistra

117 2111 202 2140 sicut
233 2121 353 2140 aurum
383 2111 417 2139 in
440 2110 604 2150 fornace;
641 2110 698 2140 sed
735 2111 768 2140 in
798 2109 926 2151 plumbi
954 2115 1110 2141 naturam
1142 2111 1257 2142 mollia·
1284 2111 1394 2142 adhuc
1424 2113 1575 2154 operibus
1605 2120 1771 2145 servantes

117 2160 247 2192 saeculo
261 2161 365 2200 fidem
388 2162 520 2192 mentiri
542 2161 611 2192 Deo
632 2173 693 2201 per
714 2166 880 2191 tonsuram
911 2167 1102 2201 noscuntur,
1129 2162 1246 2204 quihus
1274 2174 1336 2203 pro
1364 2164 1433 2205 leye
1461 2169 1505 2195 est
1533 2167 1770 2198 desideriorum

117 2212 279 2253 voluptas,
303 2224 375 2243 cum
399 2213 557 2254 quicquid
579 2214 770 2253 putaverint
794 2212 841 2243 vel
864 2213 1019 2254 eleqerint
1043 2214 1100 2244 hoc
1124 2214 1238 2244 dicant
1261 2220 1424 2256 sanctum,
1447 2222 1475 2247 et
1499 2219 1584 2258 quod
1608 2218 1771 2250 noluerint

72 2275 100 2294 ιο
117 2265 174 2295 hoc
193 2269 315 2305 putant
339 2276 405 2295 ἠοη
429 2264 534 2295 licere.
578 2264 664 2294 Hinc
694 2263 808 2295 beatus
831 2264 1073 2305 Hieronymus⁴
1105 2265 1217 2296 scribit
1246 2266 1286 2296 ad
1318 2277 1440 2298 sacram
1471 2269 1629 2310 virginem
1656 2270 1770 2302 Eusto-

117 2315 241 2347 chium:
279 2316 376 2356 Tria,
405 2316 568 2357 inquiens,
598 2321 674 2346 sunt
702 2327 822 2358 genera
846 2317 1098 2357 monachorum,
1129 2329 1168 2348 ew
1195 2318 1311 2360 quibus
1341 2320 1469 2350 tertium
1493 2326 1538 2351 est
1561 2321 1768 2353 deterrimum

118 2372 213 2409 atque
236 2368 430 2409 neglectum,
461 2372 490 2398 et
513 2368 600 2409 quod
622 2369 658 2398 in
683 2373 798 2399 nostra
820 2370 997 2408 provincia
1022 2374 1080 2400 aut
1102 2369 1205 2400 solum
1229 2375 1274 2401 est
1298 2375 1354 2400 aui
1375 2372 1534 2412 primum,
1565 2373 1656 2413 apud
1679 2385 1768 2414 quos,

117 2418 224 2460 inquit
252 2417 404 2460 affectata
427 2423 504 2450 sunt
526 2421 646 2459 omnia,
669 2418 768 2450 lamae
792 2422 954 2461 manicae,
984 2421 1113 2463 caliyae
1127 2421 1332 2462 follicantes,
1357 2424 1452 2453 vestis
1475 2425 1632 2464 syros-sior,
1656 2425 1769 2456 crebra

1812 814 1883 838 Apcw.

1799 845 1862 864 11,1.
1873 845 1892 864 2.

229 2528 256 2548 a]
277 2525 368 2556 sicque
391 2526 419 2554 13
441 2523 589 2549 schardius
609 2524 766 2549 emendavit.
843 2526 869 2556 b)
892 2527 963 2550 valet
986 2527 1008 2551 1.
1085 2528 1109 2557 c)
1130 2527 1284 2552 Sarabattas
1308 2530 1331 2551 1.

71 2628 99 2648 ⁴⁵
225 2622 252 2653 1)
275 2623 442 2655 Hieronymi
467 2622 613 2651 Commeat,
639 2623 667 2648 in
694 2624 799 2649 Isaiam
823 2624 840 2649 Z.
859 2625 913 2656 IX,
938 2634 961 2651 ο.
980 2625 1037 2656 30;
1064 2624 1134 2659 opp.
1153 2624 1205 2658 IV,
1230 2626 1281 2653 col.
1300 2625 1371 2652 411.
1460 2627 1489 2660 2)
1513 2628 1544 2653 S.
1565 2627 1671 2653 Basilii
1687 2628 1766 2661 Κεφ,

117 2681 191 2707 resp.
216 2673 265 2706 23,
292 2673 385 2707 Opera
408 2674 449 2706 Il,
471 2683 502 2708 p.
527 2674 598 2700 368.
623 2674 702 2708 369;
733 2675 770 2707 ef.
796 2675 1032 2708 Helmsdiivsbrl.
1049 2677 1067 2702 l.
1088 2685 1118 2710 p
1137 2676 1270 2702 85—90.
1318 2678 1364 2703 De
1386 2678 1485 2704 vestita
1509 2678 1703 2703 monachorum
1729 2678 1766 2710 cs.

117 2723 267 2757 Mabfflw,
290 2725 349 2751 ΑΔ.
373 2725 428 2751 SS.
452 2734 526 2751 saec.
543 2725 596 2759 IV,
622 2745 648 2758 ..,
670 2727 765 2760 praef.
785 2736 816 2761 p
836 2727 883 2752 fl.
909 2730 933 2752 et
955 2736 1030 2753 ..saec
1054 2727 1080 2759 V,
1101 2728 1198 2761 praef
1217 2737 1248 2762 p
1268 2728 1323 2761 30,·
1347 2729 1474 2762 Ger-bert,
1499 2729 1632 2755 Historia
1656 2729 1766 2763 Nigrae

118 2774 216 2801 Silvae
239 2775 264 2809 I,
284 2785 314 2809 p.
332 2775 409 2810 340,-
439 2776 573 2809 Hadten,
598 2778 766 2803 Benedictus
795 2778 961 2810 ilhcsstatus,
992 2779 1131 2813 Anluerp.
1160 2779 1249 2806 1644.
1368 2779 1397 2805 3)
1421 2780 1568 2806 Benedicti
1595 2781 1664 2813 Rea.
1689 2789 1711 2806 c.
1739 2782 1764 2812 1

117 2825 155 2858 cs.
178 2835 265 2860 supra
286 2836 316 2860 p.
335 2826 455 2863 276371.
481 2828 508 2853 5.
596 2828 626 2862 4)
652 2829 767 2856 Hieron.
791 2829 884 2863 Epist.
903 2829 951 2856 22.
976 2831 1014 2856 ad
1038 2831 1217 2856 Eustochium
1243 2834 1256 2861 ξ
1281 2831 1329 2863 34,
1358 2834 1449 2865 Opera
1474 2831 1498 2866 I,
1523 2832 1575 2858 col.
1602 2832 1669 2857 116.
1698 2832 1764 2857 117.
