2132 3067
607 147 722 174 LIBER
744 148 795 174 DE
818 148 974 176 HONORE
997 149 1214 177 ECCLESIAE.
1670 148 1731 178 603

92 247 148 278 pro
172 245 249 266 suae
273 233 458 266 ambitionis
482 236 617 267 avaritia
641 237 770 267 investit
795 243 825 268 et
848 237 1038 277 dominatur,
1068 250 1171 270 nonne
1195 239 1369 281 Symonis³
1393 239 1554 271 maliciam
1579 241 1730 280 imitatur,

91 287 141 318 vel
165 287 259 317 etiam
284 286 504 318 transcendit?
546 287 650 318 Namb
674 288 795 329 Symon
827 290 885 319 etsi
913 290 1014 330 pretio
1043 302 1148 321 emere
1173 291 1282 330 voluit,
1314 297 1419 322 tamen
1445 302 1506 322 non
1530 292 1560 321 vi
1585 293 1730 322 extorsit.

92 338 185 379 Quod
209 339 235 369 si
257 337 383 380 aliquis,
412 349 430 368 a
454 337 536 368 malo
559 339 736 370 invasionis
767 341 918 371 immunis
949 348 979 372 et
1002 352 1065 372 non
1089 343 1243 374 avaritiae
1273 343 1481 384 pecuniarum
1507 344 1642 381 inhians,
1674 343 1731 374 sed

91 399 196 421 tamen
227 389 423 420 sublimitate
454 391 570 421 terreni
601 390 730 421 honoris
755 401 851 432 supra
878 392 1006 423 modum
1039 393 1193 433 ambiens,
1225 404 1307 435 quae
1335 394 1468 425 ambitio
1498 406 1568 426 esse
1596 396 1730 426 avaritia

62 454 109 475 sa
135 441 229 473 beato
254 448 344 482 patre
375 440 535 482 Gregorio
566 442 767 483 apertissime
798 442 985 484 diffinitur¹,
1017 444 1206 475 aecclesiam
1238 446 1388 476 investire
1424 457 1481 488 pro
1516 457 1573 477 suo
1604 453 1730 478 terreno

88 494 206 525 honore
223 493 407 535 praesumit,
425 494 544 523 vicium
562 493 786 534 symoniacaea
804 493 924 526 heresis
940 506 1004 526 non
1024 496 1142 528 evadit.
1181 497 1256 528 Ideo
1274 498 1357 527 enim
1376 497 1520 538 symona
1537 497 1730 539 dampnatus

89 551 146 586 est,
175 546 250 588 quia
278 556 334 586 per
363 545 530 575 avaritiam
562 543 680 575 donum
709 544 772 575 Dei
804 556 837 576 se
868 546 1035 587 possidere
1064 549 1271 579 existimavit.
1318 548 1441 579 Eodem
1475 550 1582 591 itaque
1616 549 1730 592 laqueo

88 605 233 629 terrenae
254 596 440 628 ambitionis
465 595 517 626 ille
549 596 604 637 qui
626 607 684 637 per
705 597 872 627 avaritiam
897 598 945 628 sui
978 603 1008 629 et
1037 610 1100 629 non
1123 599 1185 630 Dei
1210 599 1338 631 honoris
1361 600 1600 632 aecclesiastica
1624 601 1731 632 officia

91 649 159 681 dari
192 647 244 680 vel
277 648 380 689 accipi
413 658 509 689 posse
543 648 707 678 existimat
743 649 894 679 astrictus
931 654 1068 681 tenetur.
1123 651 1295 693 Accipiens
1329 657 1446 691 autem,
1481 653 1604 683 etiarnsi
1639 652 1731 683 bonis

43 714 69 733 ιο
91 700 224 743 polleret
245 699 389 730 moribus
421 705 452 731 et
474 698 552 730 alias
577 701 733 730 canonice
756 699 875 731 electus
898 700 1021 741 fuisset,
1051 708 1183 744 propter
1205 702 1310 734 dantis
1339 709 1443 735 tamen
1469 703 1642 734 secularem
1667 715 1732 735 am·

90 752 242 784 bitionem
275 758 306 782 et
329 762 419 782 suam
443 750 603 781 infidelem
628 752 910 792 existimationem,
941 764 1003 794 qua
1034 764 1091 794 per
1112 755 1279 785 avaritiam
1303 754 1508 786 sublimitatis
1537 761 1568 786 et
1591 756 1732 787 domina-

92 804 186 835 tionis
220 815 254 834 se
285 803 404 833 donum
436 802 498 833 Dei
529 804 677 845 accipere
705 814 799 845 posse
829 803 968 843 confidit,
1004 805 1179 836 sacrandus
1214 807 1344 837 minime
1378 812 1436 837 est.
1481 807 1564 846 Quia
1599 808 1623 837 si
1659 807 1731 838 talis

91 860 245 894 sacratur,
275 853 458 896 exemplum
484 855 568 885 beati
591 855 680 885 Petri
710 866 773 885 non
797 860 932 886 tenetur.
976 855 1058 887 Nam
1087 867 1159 887 cum
1192 858 1262 899 quis
1294 869 1357 888 non
1388 869 1445 900 pro
1474 857 1574 889 salute
1605 859 1731 890 animae

88 917 163 939 suae
186 907 374 949 episcopum
399 905 528 946 eligere,
559 906 614 936 sed
638 906 849 945 investiendo,
880 906 911 937 id
936 912 984 938 est
1007 907 1212 947 dominando,
1243 909 1382 950 insignia
1405 909 1606 951 praesulatus
1636 910 1732 941 alicui

41 972 68 991 15
87 959 162 990 dare
186 957 348 989 desiderat
377 962 409 988 et
438 968 511 988 eum
540 958 661 989 sacrari
692 958 825 1000 expetit,
856 958 935 1000 quid
966 958 1052 990 aliud
1082 959 1159 998 vult,
1189 961 1251 991 nisi
1278 966 1322 999 ut,
1352 962 1404 992 cui
1433 962 1503 1003 ipse
1533 973 1646 992 manus
1676 963 1730 992 im-

86 1010 239 1053 posuerit,
272 1008 305 1040 id
340 1014 388 1041 est
420 1014 612 1051 potestatem
644 1014 844 1041 terrenarum
883 1021 988 1041 rerum
1022 1011 1196 1042 aecclesiae
1230 1012 1364 1053 dederit,
1401 1013 1542 1055 accipiat
1575 1014 1730 1055 Spiritum

87 1061 256 1094 sanctum?
311 1060 406 1100 Quod
441 1072 504 1091 non
539 1061 568 1092 ei
603 1072 674 1091 esse
710 1061 950 1093 concedendum
986 1067 1122 1094 testatur
1155 1063 1341 1105 exemplum
1376 1063 1461 1094 beati
1497 1064 1643 1105 apostoli,
1677 1065 1731 1106 qui

87 1114 221 1156 Symoni
245 1113 304 1144 1100
327 1113 446 1144 volenti
469 1113 551 1144 ait2:
575 1113 720 1144 Pecunia
745 1118 802 1144 tua
826 1119 927 1145 tecum
951 1115 992 1144 sit
1018 1116 1051 1145 in
1073 1115 1268 1156 perditione,
1292 1118 1369 1157 quia
1392 1117 1589 1146 eaeistimasti
1613 1117 1731 1146 donum

87 1166 151 1197 Dei
163 1166 307 1208 pecunia
319 1165 495 1206 possideri.
541 1164 628 1203 Quid
645 1165 730 1195 enirn
755 1171 786 1196 et
810 1166 869 1196 iste
893 1165 978 1196 aliud
997 1167 1171 1205 existimat,
1196 1167 1255 1198 nisi
1273 1167 1393 1198 donum
1409 1168 1472 1198 Dei
1489 1178 1546 1209 per
1562 1168 1729 1198 avaritiam

40 1230 66 1248 20
88 1217 255 1260 possideri,
279 1227 351 1247 cum
375 1216 541 1247 existimat
563 1227 634 1247 eum
653 1227 747 1258 posse
771 1216 839 1247 fieri
856 1219 1055 1259 episcopum,
1080 1219 1131 1249 cui
1154 1219 1223 1260 ipse
1240 1229 1337 1260 supra
1354 1218 1483 1250 modum
1502 1219 1729 1250 sublimitatem

85 1276 115 1301 et
139 1269 290 1301 honorem
319 1274 481 1299 terrenum
505 1267 650 1299 ambiens
681 1269 904 1299 investituram
935 1269 1135 1310 praesulatus
1159 1269 1292 1309 dederit,
1325 1270 1385 1301 sibi
1418 1271 1526 1313 utique
1557 1271 1730 1302 vendicans

86 1320 170 1364 quod
195 1320 256 1352 Dei
280 1320 349 1351 est?
394 1320 456 1351 Dei
479 1325 585 1351 autem
615 1331 685 1351 esse
708 1331 771 1351 non
796 1319 898 1351 solum
924 1321 1114 1362 spiritualia,
1145 1321 1200 1353 sed
1225 1322 1319 1353 etiam
1345 1322 1533 1364 corporalia,
1556 1333 1637 1364 quae
1661 1333 1731 1353 aec-

85 1372 180 1404 clesia
214 1372 367 1415 possidet,
397 1372 496 1403 satisc
526 1371 741 1413 habundeque
772 1383 868 1414 supra
896 1371 1075 1404 docuimus.
1132 1373 1237 1405 Omne
1267 1374 1350 1404 enim
1382 1373 1467 1416 quod
1497 1375 1569 1406 Deo
1600 1374 1732 1405 offertur

85 1436 211 1456 sacrum
235 1435 315 1465 esse,
339 1430 402 1455 tam
428 1424 544 1454 veteris
563 1434 658 1465 quam
677 1425 752 1454 novi
775 1425 958 1455 testamenti
982 1429 1014 1455 et
1037 1430 1220 1455 sanctorum
1245 1430 1373 1467 patrum
1397 1425 1491 1456 dictis
1512 1425 1730 1467 probavimus

37 1531 64 1551 εει
83 1517 239 1549 LXXXI.
276 1516 510 1562 [Qualiterd
540 1517 813 1558 intelligenda
843 1518 925 1548 sint
957 1517 1154 1559 quaedam
1185 1517 1430 1560 privilegia,
1463 1530 1561 1561 quae
1591 1524 1731 1550 eontra

348 1569 445 1600 hanc
475 1580 591 1611 quam
619 1568 881 1600 defendimus
910 1570 1111 1600 rationem
1143 1581 1228 1601 esse
1260 1570 1471 1614 videntur.]

188 1630 398 1662 Proferuntur
431 1641 450 1660 a
480 1629 672 1672 quibusdam
707 1629 865 1672 quaedam
894 1629 1065 1672 privilegia
1099 1636 1281 1661 sanctorum
1317 1630 1578 1672 apostolicorum,
1613 1631 1730 1673 quibus

83 1683 360 1725 patrocinantibus
385 1693 418 1713 se
441 1687 556 1724 putant
578 1682 768 1713 canonicam
793 1681 882 1721 hanc,
906 1693 1002 1724 quam
1025 1681 1240 1722 defendimus,
1267 1683 1422 1714 rationem
1447 1683 1611 1715 destruere
1635 1690 1665 1714 et
1689 1683 1729 1714 ad

82 1735 236 1766 nichilum
267 1735 349 1765 iuste
372 1745 468 1776 posse
491 1733 648 1775 redigere.
694 1733 822 1773 Quibus
846 1733 905 1764 hoc
929 1733 1068 1775 primum
1093 1733 1264 1764 dicendum
1289 1740 1346 1773 est,
1376 1735 1450 1777 quia
1474 1747 1540 1766 non
1563 1741 1609 1766 est
1633 1735 1730 1766 disci-

35 1799 62 1819 so
79 1787 182 1828 palus
204 1798 301 1829 super
323 1787 527 1828 maqistrum.
582 1785 676 1825 Quod
706 1786 791 1817 enim
816 1786 917 1816 sancti
949 1784 1087 1827 apostoli
1111 1784 1339 1817 ordinaverunt
1368 1786 1473 1817 nullus
1499 1797 1610 1817 eorum
1638 1786 1731 1817 disci-

82 1838 176 1881 pulus
192 1838 358 1869 destruere
374 1842 489 1879 potest.
535 1837 630 1876 Quod
654 1839 680 1868 si
705 1838 777 1879 quis
802 1843 934 1868 conatus
958 1837 1062 1875 fuerit,
1086 1847 1158 1867 eum
1183 1837 1298 1868 iniuste
1321 1837 1428 1868 facere
1452 1837 1626 1869 christiana
1649 1839 1729 1869 ratio

82 1888 207 1921 clamat.
253 1889 287 1921 Si
311 1890 409 1930 igitur
424 1900 537 1920 verum
562 1895 610 1920 est
633 1889 712 1921 haec
735 1889 906 1931 privilegia
929 1893 1056 1920 sanctos
1080 1888 1204 1928 fecisse,
1229 1890 1366 1930 primum
1385 1890 1551 1920 sciendum
1576 1895 1632 1928 est,
1657 1889 1731 1931 quia

82 1952 146 1973 non
168 1941 209 1973 ob
233 1941 321 1973 aliud
349 1941 408 1972 hoc
432 1940 588 1979 fecerunt,
616 1941 676 1972 nisi
705 1948 740 1972 ut
762 1940 934 1979 discordia,
966 1951 1048 1982 quae
1071 1951 1168 1982 saepe
1197 1940 1229 1971 in
1260 1939 1414 1972 electione
1438 1942 1608 1983 provenire
1640 1940 1729 1979 solet,

81 1993 181 2035 regali
212 1993 403 2024 auctoritate
432 1991 614 2034 pelleretur.
665 1992 759 2032 Quod
791 2003 904 2023 verum
932 2003 1002 2023 esse
1031 1993 1102 2034 ipsa
1131 1992 1257 2023 illorum
1288 1993 1408 2034 scripta
1439 1992 1616 2033 declarant,
1648 2003 1729 2034 quae

35 2058 61 2078 ³5
80 2044 154 2076 ideo
177 2044 257 2077 haec
280 2055 334 2076 eos
357 2044 462 2086 egisse
485 2044 635 2083 fatentur,
660 2049 695 2075 ut
717 2055 834 2085 magna
857 2043 1029 2084 discordia,
1054 2055 1136 2086 quae
1160 2055 1256 2086 saepe
1279 2045 1310 2074 in
1335 2044 1491 2075 electione
1510 2045 1728 2086 proveniebat,

81 2095 183 2138 regali
205 2096 410 2138 providentia
442 2095 618 2136 sedaretur,
649 2101 680 2127 et
710 2097 916 2137 symoniaca³
948 2095 1079 2134 heresis,
1109 2106 1192 2138 quae
1223 2095 1397 2137 aliquando
1429 2106 1552 2127 sacrum
1586 2096 1729 2127 ordinem

82 2147 221 2188 fedabat,
249 2147 337 2179 nulla
367 2159 407 2179 ex
438 2153 530 2190 parte
560 2149 722 2189 surripere
749 2153 867 2189 posset.
923 2147 1005 2178 Cum
1038 2158 1115 2178 vero
1146 2147 1216 2187 hoc,
1247 2147 1332 2190 quod
1360 2148 1422 2190 ipsi
1454 2148 1629 2179 remedium
1661 2148 1728 2179 fore

82 2204 284 2242 putaverant,
314 2201 346 2230 in
369 2199 484 2230 letalee
509 2199 623 2230 vulnus
647 2210 815 2240 erumpere
845 2204 876 2230 et
899 2204 1000 2230 totum
1025 2210 1106 2241 pene
1138 2199 1199 2229 iam
1225 2210 1341 2241 corpus
1364 2199 1539 2230 aecclesiae
1570 2210 1727 2241 occupare

82 2252 230 2293 cepisset,
260 2252 342 2282 iuste
370 2251 574 2282 interdictum
600 2262 669 2283 esse
697 2251 902 2282 manifestum
934 2258 991 2282 est.
1046 2250 1124 2281 Ideo
1149 2251 1232 2281 enim
1266 2250 1309 2281 illi
1341 2251 1400 2282 hoc
1429 2256 1663 2289 concesserant,
1693 2256 1728 2282 ut

35 2316 62 2335 «ο
80 2313 177 2345 supra
199 2304 263 2334 iam
288 2302 440 2342 diximus,
465 2309 499 2334 ut
522 2304 640 2334 caritas
662 2303 827 2334 robustius
844 2308 1047 2344 permaneret
1070 2308 1100 2334 et
1124 2303 1332 2344 symoniaca²
1356 2302 1490 2334 ambitio
1513 2303 1618 2334 locum
1641 2304 1727 2344 peni—

81 2361 132 2387 tus
154 2366 217 2386 non
234 2355 376 2386 haberet.
422 2354 503 2386 Cum
527 2360 636 2386 autem
661 2354 734 2386 inde
752 2365 836 2385 mors
861 2355 980 2385 intrare
1004 2355 1152 2396 cepisset,
1177 2355 1261 2386 unde
1278 2354 1397 2396 expelli
1414 2359 1524 2395 putata
1547 2360 1605 2394 est,
1629 2355 1725 2395 digne

82 2412 113 2439 et
134 2407 216 2438 iuste
239 2406 293 2438 alii
318 2407 420 2438 sancti
444 2406 614 2448 apostolici
639 2406 697 2437 hoe
720 2405 961 2448 prohibuerunt,
991 2407 1065 2448 quia
1089 2417 1227 2447 sponsae
1252 2406 1370 2438 Christi
1401 2406 1479 2437 illud
1504 2406 1615 2437 obesse
1638 2407 1726 2437 vide-

80 2464 163 2490 runt.
209 2458 300 2490 SIcut
330 2460 438 2501 itaque
470 2458 513 2489 illi
546 2469 604 2500 pro
628 2458 748 2489 honore
773 2457 848 2496 Dei,
880 2463 910 2489 et
940 2468 1003 2488 non
1035 2459 1211 2497 hominum,
1242 2457 1302 2489 hoc
1325 2463 1567 2499 concesserunt,
1596 2459 1642 2489 sic
1673 2459 1724 2489 isti

193 2574 220 2605 a)
240 2574 297 2598 sim.
319 2571 396 2599 B2b.
473 2573 502 2604 b)
524 2578 550 2598 et
571 2574 644 2603 add.,
665 2573 711 2599 secl
732 2574 782 2598 del.
805 2572 882 2598 B‘23.
960 2573 986 2604 c)
1008 2574 1132 2605 satisque,
1155 2581 1204 2606 quc
1224 2573 1274 2598 del.
1296 2573 1370 2597 Β23.
1441 2573 1468 2605 d)
1488 2573 1558 2598 hanc
1577 2573 1724 2605 inscriptio-

34 2625 62 2645 45
79 2628 137 2645 nem
157 2628 189 2645 ex
203 2620 321 2652 catalogo
338 2620 394 2644 cod.
409 2619 458 2644 Bl
481 2620 589 2652 sumpsi,
610 2629 669 2645 cum
689 2620 754 2648 alia,
774 2628 850 2652 quam
868 2619 892 2643 Β
904 2620 918 2642 2
941 2619 1030 2644 classis
1051 2619 1126 2645 codd.
1143 2619 1272 2651 praebent
1294 2620 1405 2650 <Contra
1418 2633 1452 2637 -—
1467 2620 1595 2651 fuerunt),
1616 2619 1643 2644 iu
1658 2619 1683 2644 Β
1695 2620 1724 2642 :2²

81 2666 109 2691 in
127 2665 247 2699 margine
266 2666 423 2698 suppletam,
444 2666 481 2690 ad
501 2674 611 2698 sequens
631 2670 710 2698 caput
726 2665 868 2698 pertineat,
890 2674 959 2689 nunc
980 2667 1007 2689 in
1028 2669 1136 2697 ueroque
1157 2666 1243 2691 codice
1263 2666 1338 2690 titulo
1354 2666 1500 2698 privatum.
1599 2668 1622 2697 e)
1645 2666 1724 2696 letale

82 2712 107 2736 B
118 2713 160 2743 '2³5
181 2713 280 2737 lethale
299 2712 324 2736 B
335 2710 376 2737 2¹).

188 2816 216 2850 1)
240 2815 284 2848 of.
307 2815 387 2849 infra
410 2825 435 2842 c.
453 2816 502 2848 83,
523 2825 553 2849 p.
572 2815 641 2843 606.
730 2815 759 2849 2)
785 2814 828 2848 cf.
853 2815 996 2841 Humbm.
1014 2815 1038 2847 J,
1063 2824 1086 2840 c.
1104 2814 1131 2847 3,
1158 2815 1259 2841 Liboni
1282 2815 1306 2848 1,
1327 2824 1356 2850 p.
1378 2816 1444 2841 106.
1481 2816 1512 2841 s.

1440 2870 1489 2892 76²*

1752 1129 1800 1148 Act.
1812 1129 1831 1148 8.
1842 1130 1875 1148 20.

1751 1748 1902 1771 Mammam.
