2132 3067
45 1019 72 1039 15

41 1539 68 1560 25

37 2055 65 2076 ³⁵

35 2313 64 2333 40

241 145 474 173 TRACTATUS
499 148 550 174 DE
572 148 693 175 REGIA
716 149 937 178 POTESTATE
960 153 1009 179 ET
1032 154 1298 183 SACERDOTALI
1324 158 1544 186 DIGNITATE.
1580 161 1601 187 Ι.
1682 158 1742 188 477

95 235 231 277 amplius
259 234 352 266 solito
384 237 506 267 servire
538 236 700 268 nolebant.
755 238 846 277 Quae
875 246 980 271 tamen
1013 245 1118 274 omnia
1149 245 1179 274 vi
1211 246 1342 276 rationis
1373 258 1449 278 suae
1480 250 1585 290 caepit
1614 249 1740 280 demum

95 287 247 330 paulatim
273 287 334 318 sibi
358 287 530 329 subigere³
555 295 585 319 et
608 289 647 320 ad
669 301 744 320 suos
760 301 836 321 usus
853 294 1021 334 exquisitis
1038 295 1160 326 artibus
1178 303 1372 338 retorquere.
1419 299 1531 341 Itaque
1556 301 1622 342 pari
1648 301 1742 332 modo

95 339 161 381 regi
187 338 255 369 Deo
279 339 440 369 contrario
471 339 610 380 populus
639 340 700 371 sibi
730 341 894 374 subiectus
924 344 1114 376 multociesh
1144 348 1256 389 incipit
1284 349 1440 380 adversus
1469 361 1541 382 eum
1574 352 1740 393 insurgere

95 397 125 424 et
147 391 243 422 variis
266 401 304 420 ac
327 389 560 431 multiplicibus
584 392 709 422 insidiis
733 391 820 423 illum
845 401 997 436 appetere
1028 404 1058 428 et
1091 398 1198 429 multis
1228 400 1478 432 adversitatibus
1502 402 1646 443 fatigare.
1691 404 1742 434 Ad

95 454 189 486 quam
213 453 279 473 rem
303 442 464 483 pertinere
488 442 626 481 videtur,
660 443 744 485 quod
770 444 859 475 Deus
885 457 993 487 regem
1016 448 1220 480 Babilonium
1253 462 1315 481 11011
1349 452 1458 483 bestiis
1482 454 1654 496 ferocibus,
1686 455 1739 486 sed

93 495 212 526 muscis
235 500 266 525 et
289 493 495 534 serpentibus
519 495 635 535 punire
659 495 812 533 decrevit,
837 503 871 527 ut
895 497 1051 539 intelligat
1075 499 1216 532 humana
1240 502 1399 543 superbia.
1425 505 1509 545 quod
1535 516 1592 546 per
1608 506 1743 537 humiles

93 552 124 578 et
144 545 271 576 infimos
287 545 432 576 homines
450 545 551 576 soleat
567 557 644 588 sepe
662 548 803 578 tumidos
827 555 858 578 et
883 551 1041 590 superbos
1065 563 1210 594 quosque
1233 555 1444 595 comprimere
1467 562 1498 586 91
1521 567 1539 586 a
1565 568 1622 588 sua
1646 557 1739 588 subli-

95 597 203 628 mitate
226 596 398 638 deponere.
444 596 555 628 Solent
571 598 674 628 etiam
699 598 844 630 homines
866 600 1051 632 huiusmodi
1081 604 1296 644 ignominiosa
1322 612 1422 638 morte
1446 608 1542 638 vitam
1568 610 1740 639 terminare

91 655 146 680 aut
173 649 204 679 in
233 649 321 690 turpi
350 654 539 690 paupertate
570 649 716 690 deficere,
747 651 829 682 sicut
853 652 998 683 Herodes
1023 659 1053 684 et
1077 654 1216 693 Pilatusg
1248 667 1381 697 quorum
1408 658 1555 690 Herodes
1579 661 1741 691 vermibus

91 701 307 732 scaturriensc
338 700 566 732 miserabiliter
596 702 769 743 expiravit,
800 708 831 733 et
859 703 982 745 Bilatus
1014 704 1110 736 exilio
1142 707 1405 749 condempnatus,
1438 721 1562 752 pauper
1590 718 1621 742 et
1650 712 1741 743 inobs

90 752 258 784 defunctus
274 757 331 782 est.
377 751 426 783 Illi
445 763 584 794 quoque,
609 754 662 794 qui
683 761 770 784 recta
789 761 977 796 pervertunt
1000 756 1113 787 iuditia
1137 769 1256 795 amore,
1282 760 1364 797 odio,
1390 768 1487 800 metu,
1513 763 1741 803 misericordia,

90 804 222 842 incuria,
251 803 442 842 temeritate,
471 810 527 835 aut
549 805 652 845 gratia
677 811 820 847 questus,
845 807 930 838 circa
955 807 1049 838 11119111
1073 810 1158 840 vitae
1183 809 1389 842 horribilibus
1414 813 1652 844 infirmitatibus
1679 827 1742 845 mo-

88 855 197 888 lestari
221 854 333 895 solent,
356 854 408 885 vel
431 854 554 887 vilitate
577 855 630 886 vel
654 857 764 898 inopia
789 869 907 898 rerum,
929 866 984 890 aut
1008 860 1234 891 menbrorumd
1260 862 1415 903 lang-nore
1439 875 1579 896 suorum.

555 949 604 980 10.
650 949 708 980 De
733 950 948 991 dignitate
973 953 1273 985 sacerdotum&

193 1008 312 1040 Verum
343 1010 420 1051 quia
448 1010 512 1040 iam
541 1010 618 1041 satis
643 1011 682 1042 [19
706 1012 763 1052 1115,
793 1012 875 1043 sicut
899 1024 980 1051 reor,
1011 1014 1189 1045 secundum
1214 1016 1335 1056 ingenii
1361 1017 1421 1047 mei
1446 1017 1629 1049 facultatem
1655 1020 1740 1049 visus

90 1070 160 1092 sum
189 1071 367 1102 perorasse,
396 1067 496 1092 restat
524 1072 619 1100 nunc,
650 1068 683 1093 ut
713 1063 776 1094 des
800 1063 849 1094 his
875 1075 956 1106 quae
984 1065 1024 1096 ad
1049 1067 1239 1107 episcopum
1262 1068 1424 1108 pertinent
1449 1079 1550 1110 pauca
1575 1068 1740 1101 subiciam.

90 1112 193 1154 Igitur
221 1112 376 1154 episcopo
405 1124 422 1144 a
448 1113 518 1143 Deo
546 1119 577 1144 et
606 1113 736 1144 domino
766 1115 840 1146 lesu
864 1115 993 1147 Christo
1024 1117 1230 1159 privilegium
1261 1125 1308 1150 est
1337 1130 1526 1150 concessum
1556 1122 1681 1162 aperire
1710 1128 1740 1153 et

89 1163 237 1196 claudere
254 1163 377 1195 caelum
395 1164 591 1195 horninibus.
637 1165 724 1196 Huic
748 1168 843 1198 etiam
868 1179 960 1209 reges
985 1175 1015 1200 et
1039 1180 1149 1200 01111195
1174 1176 1318 1202 terrenae
1343 1178 1517 1212 potestates
1542 1183 1600 1214 pro
1619 1173 1737 1204 Christi

89 1227 196 1247 amore
224 1217 330 1257 capita
360 1215 520 1247 subdunt:
550 1217 625 1258 quia
652 1218 728 1248 licet
753 1230 809 1249 rex
834 1219 884 1250 vel
907 1221 1083 1262 imperator
1107 1221 1246 1252 culmine
1270 1224 1361 1264 regni
1386 1224 1427 1253 sit
1450 1223 1625 1265 praeditus,
1654 1225 1739 1256 nodo

87 1273 193 1299 tamen
215 1267 291 1299 fidei
314 1274 440 1299 tenetur
463 1268 649 1299 adstrictus.
693 1269 756 1300 Hic
780 1282 908 1313 quoque
930 1279 1062 1314 propter
1078 1273 1318 1304 condimentum
1337 1275 1512 1313 doctrinae,
1537 1286 1600 1317 quo
1617 1282 1738 1307 mentes

88 1319 255 1350 fidelium&
277 1319 372 1351 debet
395 1319 537 1359 condire,
571 1320 616 1352 sal
646 1326 750 1352 terrae
774 1330 917 1363 vocatur,
949 1330 980 1355 et
1010 1336 1067 1355 rex
1099 1331 1231 1367 propter
1261 1325 1424 1367 ducatum,
1456 1338 1550 1368 quem
1583 1328 1738 1369 praebere

87 1371 228 1414 populoh
260 1371 366 1411 debet,
398 1377 429 1403 et
459 1371 603 1413 angelus,
637 1374 711 1415 quia
744 1375 827 1404 bona
857 1376 993 1416 nuntiat,
1025 1381 1055 1407 et
1086 1384 1205 1417 pastor,
1238 1378 1312 1419 quia
1344 1378 1445 1408 divini
1477 1378 1566 1409 verbi
1598 1378 1736 1420 dapibus

89 1423 234 1454 homines
263 1423 383 1465 explet.
428 1423 555 1463 Quibus
585 1426 680 1456 etiam
713 1426 855 1457 moribus
885 1427 1001 1458 debeat
1031 1427 1148 1469 pollere
1173 1435 1204 1459 et
1228 1429 1345 1470 quibus
1369 1431 1542 1460 virtutibus
1573 1430 1737 1471 effulgere,

87 1474 251 1517 apostolus
268 1475 388 1506 Paulus
412 1475 555 1507 declarat
578 1477 609 1507 in
627 1477 764 1519 epistola
788 1489 845 1508 sua
864 1477 991 1509 dicens:
1016 1480 1156 1520 Oportet,
1180 1481 1293 1522 inquit,
1319 1482 1502 1522 episcopum
1529 1483 1735 1524 inreprehen-

86 1527 207 1558 sibilem
223 1537 300 1567 esse,
322 1527 477 1567 sobrium,
499 1528 670 1569 pudicum,
695 1529 897 1570 hospitalem,
917 1531 1122 1572 prudentem,
1148 1544 1212 1562 non
1234 1533 1431 1574 neophitum,
1450 1544 1511 1563 11011
1532 1533 1737 1573 vinolentzm,
1759 1543 1778 1560 1³1

1762 681 1812 701 Aa.
1824 666 1857 702 1'2'.
1869 682 1902 701 23.

1759 1325 1909 1379 Maniliana.

1760 1495 1908 1519 1.'r1m.3,10.

87 1590 151 1610 non
169 1590 405 1620 percussorem,
434 1591 500 1610 'non
530 1579 722 1621 Zitiyz'osum,
750 1582 806 1612 secl
831 1583 1016 1613 modestum.
1067 1584 1199 1624 Oportet
1229 1585 1322 1614 etiam
1356 1584 1445 1615 illum
1476 1585 1591 1615 habere
1619 1585 1736 1616 bonum
1759 1596 1807 1613 11»ss

86 1631 301 1662 testimonium
333 1631 372 1662 ab
397 1631 467 1662 hisi
495 1633 552 1673 qui
571 1632 666 1672 soris
692 1638 778 1664 snut.
825 1633 917 1674 Nam,
949 1636 1033 1666 sicut
1062 1634 1124 1665 alio
1157 1636 1338 1665 continetur
1369 1636 1399 1665 in
1430 1634 1511 1674 loco,
1543 1637 1612 1677 ipsc
1643 1636 1738 1667 debet

86 1681 264 1723 exemplum
281 1682 435 1714 bonorum
455 1694 598 1724 operum,
623 1694 686 1714 non
711 1684 812 1715 solum
838 1685 899 1716 sibi
924 1686 1068 1717 subiecto
1094 1686 1222 1728 populo,
1247 1686 1302 1717 sed
1328 1687 1422 1717 etiam
1449 1686 1578 1717 discolis
1603 1687 1735 1718 homini-

86 1733 154 1773 bus,
176 1734 208 1765 id
232 1738 282 1766 est
302 1734 487 1776 gentilibus,
505 1735 588 1765 vitae
605 1735 745 1766 melioris
762 1737 941 1776 ostendere,
966 1744 1000 1769 ut
1025 1738 1078 1769 fiat
1102 1739 1133 1768 in
1159 1749 1204 1777 eo⁷
1229 1739 1314 1780 quod
1340 1739 1370 1768 111
1390 1738 1560 1779 euangelio
1578 1739 1735 1770 Dominus

85 1786 150 1816 suis
165 1785 319 1827 apostolis
336 1787 539 1828 praecipiens
557 1786 654 1817 dixit:
680 1787 717 1818 Si
739 1789 845 1820 luceat
869 1789 928 1819 lua:
955 1795 1057 1821 vestm
1075 1802 1185 1821 coram
1204 1790 1395 1829 hominibus,
1422 1796 1454 1820 ut
1478 1791 1611 1822 videant
1635 1803 1733 1832 opera

85 1842 191 1869 vestra
214 1837 298 1869 bona
321 1842 349 1869 et
370 1838 555 1880 ‚qlorificent
574 1844 700 1880 patrem
724 1846 863 1872 vestrum
888 1843 944 1882 qui
968 1843 1000 1872 z'n
1020 1841 1119 1872 caelis
1142 1847 1196 1873 est.
1242 1841 1305 1872 Hic
1323 1852 1450 1882 quoquc
1467 1841 1562 1872 debet
1579 1841 1734 1873 divitibus

84 1889 270 1932 praecipere
293 1901 358 1921 non
382 1890 516 1921 sublime
539 1902 656 1932 sapere
680 1904 735 1922 nec
759 1904 894 1933 sperare
918 1894 953 1923 in
979 1894 1098 1924 incerto
1123 1894 1350 1927 divitiarumh,
1374 1894 1430 1923 secl
1456 1894 1487 1923 in
1514 1893 1582 1924 Deo
1608 1895 1677 1923 rit-0
1702 1899 1732 1924 ct

85 1951 170 1980 vero,
200 1943 257 1983 qui
273 1947 426 1983 praestat
450 1942 598 1973 omnibus
623 1945 732 1974 omnia
759 1944 1014 1985 adfruendum,
1044 1945 1119 1975 bene
1150 1956 1256 1986 aqere,
1286 1946 1403 1975 ‹lit-ires
1424 1945 1503 1984 fieri
1526 1946 1561 1975 in
1586 1946 1733 1987 operibus

84 1992 186 2034 bonis,
204 1993 314 2034 facile
342 1993 493 2034 tribuere,
524 1994 751 2026 thesaurizare
779 1996 842 2026 sihi
860 1996 1119 2036 fundamentum
1152 1997 1267 2027 bonnm
1299 1997 1332 2026 in
1358 1995 1519 2034 futurum,
1554 2001 1585 2026 ut
1603 1997 1733 2038 possint

84 2044 330 2086 apprehendere
345 2046 445 2076 vitam
461 2050 637 2077 aeternam.
673 2046 843 2078 Caeterum
868 2052 978 2078 contra
1001 2059 1111 2089 regem
1130 2047 1318 2078 catholicum
1344 2047 1441 2077 armis
1458 2047 1611 2077 dimicare
1636 2047 1733 2078 nulla-

82 2100 175 2127 tenus
190 2095 318 2135 debet¹,
342 2096 416 2127 licet
439 2097 609 2129 ministerii
626 2098 783 2139 dignitate
801 2098 935 2130 multum
960 2098 1002 2129 illi
1029 2100 1226 2141 praemineat
1237 2105 1257 2139 2,
1283 2106 1406 2130 tantum
1431 2098 1553 2130 scilicet
1577 2106 1731 2140 quantum

83 2147 188 2178 officia
215 2147 326 2179 divina
354 2159 413 2179 sua
441 2151 612 2181 sanctitate
640 2157 818 2182 noscuntur
846 2151 984 2192 negotiis
1011 2150 1209 2181 secularibus
1235 2151 1385 2181 9111111919.
1430 2150 1510 2181 Nam
1535 2156 1566 2181 et
1589 2150 1729 2191 regalem

82 2197 271 2241 dignitatem
297 2200 417 2232 habere
441 2207 572 2232 sanctae
596 2203 776 2243 scripturae
801 2203 984 2233 testimonio
1009 2203 1134 2233 videtur
1158 2202 1342 2244 episcopus.
1387 2202 1441 2232 Ait
1470 2203 1553 2232 enim
1583 2202 1730 2232 dominus

81 2249 171 2282 Iesus
194 2250 342 2282 Christus
365 2252 432 2283 suis
455 2252 611 2294 apostolis
635 2264 809 2295 corumque
834 2254 1044 2295 sequacibus:
1074 2254 1142 2295 Eyo
1167 2254 1308 2296 dispono
1332 2254 1429 2292 vobis,
1457 2255 1541 2285 sicut
1568 2253 1731 2294 disposuit

81 2302 163 2334 mihi
184 2302 283 2335 Pater
304 2315 394 2335 meus
415 2316 563 2346 regnum.
609 2305 651 2336 Et
674 2305 856 2346 apostolus:
887 2305 944 2336 Vos
974 2307 1048 2337 estis
1074 2317 1178 2347 yemis
1203 2306 1343 2344 electum,
1372 2305 1482 2346 reyule
1504 2305 1728 2336 sacerdotium.

83 2353 186 2395 Unde,
215 2356 242 2386 si
269 2355 449 2397 contigerit,
479 2361 515 2386 ut
537 2356 708 2398 episcopus
733 2356 993 2398 reprehensibilis
1018 2358 1201 2388 inveniatur
1226 2376 1263 2380 —
1288 2367 1351 2387 11011
1376 2363 1423 2387 951
1447 2357 1531 2387 9111111
1557 2356 1651 2387 1101110
1676 2357 1729 2399 qui

83 2415 144 2436 non
166 2412 279 2448 peccet
302 2426 350 2447 —‚
373 2418 438 2438 non
461 2407 493 2438 in
518 2409 607 2439 curia
629 2408 775 2449 seculari,
799 2409 854 2439 sed
880 2409 911 2439 in
937 2409 1061 2450 synodo
1084 2409 1224 2449 generali
1250 2419 1300 2439 res
1324 2407 1508 2438 huiusmodi
1532 2409 1728 2439 terminetur.

83 2455 156 2499 Ipse
179 2458 313 2499 proinde
337 2460 509 2501 episcopus
533 2461 616 2490 inter
640 2471 745 2500 regem
772 2466 802 2491 et
826 2471 903 2491 oves
928 2461 988 2491 sibi
1014 2461 1152 2491 creditas
1176 2460 1318 2491 officium
1337 2461 1450 2502 optimi
1475 2461 1612 2501 pastoris
1635 2459 1730 2491 debet

82 2518 235 2551 peragere
259 2515 290 2542 et
312 2522 370 2552 pro
393 2523 493 2553 grege
516 2511 577 2543 sibi
602 2512 774 2543 commisso
799 2513 977 2543 discrimini
1003 2524 1036 2543 59
1061 2524 1180 2555 pronus
1205 2511 1343 2543 obicere.
1390 2512 1473 2553 Ipse,
1498 2512 1639 2553 inquam,
1663 2516 1728 2542 toto

191 2619 220 2651 a)
240 2621 381 2653 subbigere
401 2621 426 2646 2.
516 2621 545 2652 b)
568 2622 725 2645 multociens
746 2622 771 2645 2.
858 2624 883 2649 e)
904 2623 1052 2646 scaturiens
1070 2623 1093 2647 2.
1186 2622 1214 2653 d)
1237 2622 1344 2646 membr.
1367 2622 1391 2646 2'..
1479 2623 1503 2651 e)
1523 2621 1681 2646 sacerdotali
1703 2623 1726 2645 ²2

82 2663 106 2695 f)
126 2667 152 2689 et
171 2665 204 2690 de
222 2665 274 2691 hiis
294 2667 319 2690 2.
393 2668 423 2699 g)
444 2667 525 2691 filium
549 2668 573 2691 2.
651 2668 677 2697 h)
699 2667 778 2692 debet
799 2668 897 2699 populo
919 2668 943 2691 2.
1019 2668 1039 2693 11
1061 2668 1111 2692 hiis
1132 2669 1157 2692 2.
1235 2668 1265 2698 k)
1286 2668 1442 2692 diviciarum
1464 2668 1488 2691 ’.2.

190 2763 218 2798 1)
242 2763 287 2796 Cf.
308 2764 450 2798 Siqeberei
478 2765 558 2799 epist.
582 2766 621 2791 a!
649 2765 811 2791 Pasclzalem
841 2774 929 2799 supra
949 2775 980 2799 p.
1000 2766 1070 2792 461.
1201 2767 1230 2800 2)
1260 2766 1304 2799 Cf.
1329 2767 1408 2800 episc.
1433 2766 1565 2800 Greqorz'z'
1597 2765 1658 2793 Vll,
1689 2766 1726 2790 ari

84 2811 285 2841 Herimannum
309 2816 414 2848 datam,
437 2816 525 2849 ιῙαθίἱ,
552 2817 627 2843 Bibe.
654 2817 694 2849 ΙΙ,
714 2826 744 2850 p.
764 2817 823 2842 458
841 2826 898 2851 sq.,·
922 2817 1007 2851 Huyo
1031 2818 1112 2846 Flav.
1137 2818 1155 2844 l.
1179 2818 1198 2844 l.
1219 2827 1250 2852 p.
1269 2818 1338 2843 455.

1757 1700 1801 1718 111.
1811 1700 1830 1723 9,
1841 1699 1861 1718 7.

1757 1803 1833 1822 Matth.
1845 1803 1905 1826 5‚1G.

1756 1892 1872 1915 ii'rimsts,

1771 1922 1821 1940 17-
1831 1922 1862 1941 19.

1750 2265 1803 2283 Luc.
1821 2265 1855 2288 212,
1865 2265 1892 2283 ΣΒ

1753 2320 1769 2337 1,
1780 2318 1840 2337 Ρ911.
1851 2319 1870 2341 2,
1879 2319 1898 2337 9,
