2132 3067
66 699 92 719 10

63 958 89 978 15

59 1215 86 1234 20

57 1473 83 1492 25

54 1730 82 1749 30

53 1989 80 2008 35

51 2246 79 2265 40

49 2503 76 2522 45

49 2803 76 2823 5⁰

535 137 572 163 X.
609 137 660 163 DE
683 137 1027 167 EXCOMMUNICATIS
1052 141 1237 169 VITANDIS
1261 143 1342 171 ETC.
1703 143 1758 173 137

115 224 290 256 Eusebium
316 225 356 255 de
381 225 521 267 quadam
546 236 648 266 parva
671 226 800 257 civitate
825 227 1066 260 Alexandriam.
1113 230 1176 261 Sed
1208 231 1289 262 hanc
1320 232 1537 264 diversitatem
1571 235 1614 264 ita
1642 235 1760 276 simpli-

113 278 193 307 citer
216 275 395 317 intelligere
419 287 596 318 possemuS,
626 282 662 307 ut
690 276 768 308 illud
792 280 975 310 necessitati
1000 283 1240 323 persecutionis,
1269 284 1353 314 istud
1377 290 1483 315 autem
1509 285 1648 316 libertati
1674 288 1759 327 pacis

113 328 354 366 asscriberetur,
386 328 412 358 si
443 339 602 370 nusquam
627 334 658 359 et
682 329 712 359 in
738 331 827 370 pacis
851 336 995 372 tempore
1022 332 1202 364 huiusmodi
1228 338 1420 375 permutatio
1451 337 1534 368 faeta
1558 339 1759 378 reperiretur.

112 379 206 419 Quod
232 381 308 422 quia
331 390 467 421 persepe
491 386 523 411 et
546 379 641 410 modo
665 379 745 411 solet
768 382 908 422 evenire,
932 382 1026 412 aliam
1052 385 1262 424 expositionis
1286 390 1532 429 competentiam
1551 389 1759 430 inquiramus,

112 431 266 473 precipue
289 430 386 471 illam,
410 442 475 473 qua
498 433 601 462 saneti
625 436 733 473 patres
756 437 787 462 et
811 433 841 462 in
867 444 947 474 pace
971 440 1002 464 et
1025 434 1056 464 in
1081 437 1301 475 persecutione
1325 439 1363 468 ad
1390 439 1522 470 invicem
1548 441 1759 471 concordasse

112 489 337 514 monstremus.
383 482 479 514 Dicat
503 494 579 524 crgo
604 488 734 514 sanctus
752 484 946 525 Antherus1,
972 484 1047 526 quid
1072 485 1111 516 de
1135 489 1311 519 mutatione
1335 491 1558 532 episeopoiann
1577 492 1636 523 sibi
1654 492 1758 524 videa-

112 542 178 566 tur:
209 534 285 566 Non
315 535 435 565 transit
460 534 498 565 de
521 536 652 565 ciuitate
678 537 711 566 in
735 536 897 566 civitatem
923 548 980 566 nec
1004 538 1206 578 tran-<fertur
1230 540 1267 569 (le
1292 543 1412 573 minori
1436 544 1480 573 ad
1505 546 1668 583 maiorem,
1701 546 1757 585 qui

112 587 169 618 hoc
197 597 261 617 non
290 586 414 617 ambitu
445 598 502 616 nec
529 587 670 627 propria
701 587 864 618 voluntate
884 588 985 628 facit,
1018 589 1073 619 sed
1106 595 1162 619 aut
1195 592 1226 620 υἱ
1255 604 1273 621 a
1302 595 1440 633 propria
1465 595 1537 624 sede
1559 595 1677 635 pals-ns
1701 602 1758 626 aut

111 638 298 668 necessitate
322 643 454 668 coactus
482 642 539 667 aut
569 637 710 669 utilitate
739 637 801 669 loci
831 637 879 669 vel
905 640 1034 679 populi,
1066 651 1130 671 non
1155 643 1297 682 superbe,
1328 645 1382 675 sed
1414 645 1579 676 humiliter
1610 646 1648 676 ab
1681 647 1757 677 aliis

111 689 295 720 translatus
318 694 346 719 et
369 688 612 720 inthronizatus
635 694 688 720 est.
741 689 829 720 Nam
854 691 937 720 sicut
962 692 1111 731 episcopi
1135 692 1251 723 babent
1273 701 1459 734 potestatem
1484 698 1640 728 ordinare
1664 709 1756 739 reyn-

109 740 227 771 lai-iter
260 741 428 782 episcopos
459 744 487 770 et
515 739 659 782 reliquos
687 741 886 781 sacerdotes,
920 743 966 772 sie
999 744 1122 784 quoties
1153 744 1279 774 utilitas
1310 752 1366 776 aut
1400 750 1572 778 necessitas
1607 751 1756 789 taneya-it.

110 792 303 833 supradicto
326 792 418 822 modo
442 796 470 822 et
494 797 619 822 mutare
650 797 678 822 et
706 793 910 824 intronizare
936 799 1120 834 potestatem
1144 795 1281 835 habent,-
1316 808 1379 828 non
1412 803 1516 829 tamen
1547 801 1617 830 sine
1648 812 1755 831 saci-0-

109 849 239 875 sanctae
256 844 426 875 Romanae
449 844 535 874 sedis
560 845 753 874 auctoritate
769 848 795 874 et
812 844 956 877 licentia.
992 845 1071 876 Alia
1095 847 1208 876 etenim
1235 852 1278 877 est
1303 860 1401 879 caasa
1427 850 1579 881 'utilitatis
1602 857 1629 881 et
1655 864 1755 882 neces-

109 897 228 934 sitatis,
251 900 278 926 et
302 895 371 926 alia
395 896 560 926 avaritiae
583 899 611 925 et
631 896 892 937 presumptionis
916 901 974 926 aut
992 899 1154 937 propriae
1181 898 1366 930 voluntatis.
1419 900 1504 931 Ecce
1529 913 1622 942 quam
1648 910 1756 943 aperte

110 947 158 977 vir
186 947 245 978 iste
275 945 472 988 apostolicus
503 946 597 977 nobis
627 947 778 985 insinuat,
811 947 889 989 quid
921 947 960 978 de
989 949 1165 979 mutatione
1194 950 1418 991 episcoporum
1444 952 1619 994 intelligere
1644 953 1755 984 debea-

108 1010 190 1038 mus,
213 997 364 1029 videlicet
387 1003 421 1029 ut
444 1003 724 1039 presumptuosam
749 1004 780 1029 et
802 998 1008 1029 ambitiosam
1031 1001 1241 1031 mutationem
1267 1012 1338 1032 euin
1356 1002 1478 1034 Niceno
1496 1004 1630 1034 concilio
1648 1005 1756 1047 damp-

108 1061 234 1082 nemus:
258 1051 471 1081 necessariam
495 1060 571 1081 vero
595 1054 627 1080 et
649 1049 781 1081 utilema
805 1061 877 1081 cum
900 1050 1078 1092 apostoliea
1101 1053 1292 1083 auctoritate
1316 1055 1519 1096 recipiamus.

212 1101 294 1132 Item
317 1107 446 1132 sanctus
470 1100 634 1132 Calistus2
658 1112 759 1143 papa:
790 1102 986 1141 Mutandus,
1016 1103 1130 1144 inquit,
1161 1105 1333 1145 episcopus
1357 1118 1418 1136 non
1446 1118 1508 1147 per
1531 1119 1561 1138 se
1586 1108 1642 1138 hoc
1667 1114 1755 1149 aqut,

107 1153 164 1184 sed
176 1153 351 1194 fratribus
374 1154 594 1185 invitantibus
617 1165 688 1185 eum
713 1155 909 1185 auctoritate
926 1155 1025 1185 huius
1042 1161 1176 1186 sanctae
1194 1156 1279 1187 sedis
1293 1157 1419 1197 faciat,
1443 1170 1507 1189 non
1531 1164 1634 1191 tamen
1658 1161 1756 1191 wabi-

106 1210 158 1236 tas
188 1216 300 1245 causa,
331 1205 387 1236 sed
419 1210 477 1235 aut
509 1207 698 1236 necessitate
729 1210 786 1236 aut
810 1206 959 1237 utilitate.
1005 1206 1084 1237 Item
1109 1214 1237 1238 sanctus
1261 1208 1468 1239 Evaristus³=
1492 1211 1687 1253 Episcopus,
1710 1212 1755 1242 in-

106 1257 185 1298 quit,
216 1267 282 1288 non
307 1257 449 1288 dimittat
473 1256 659 1288 aecclesiam
686 1258 804 1300 absque
830 1258 1012 1289 inevitabili
1036 1260 1221 1290 necessitate
1250 1265 1307 1290 aut
1332 1261 1512 1301 apostolica
1537 1263 1583 1293 vel
1606 1263 1756 1304 regulari

106 1309 294 1348 mutatione,
324 1313 352 1338 et
383 1307 480 1338 alteri
510 1319 541 1338 se
569 1310 689 1351 iungat
720 1309 860 1340 ambitus
889 1321 1004 1341 causa.
1057 1309 1098 1341 Et
1129 1310 1160 1340 hi
1191 1311 1301 1353 utique
1332 1311 1498 1353 apostolici
1530 1325 1601 1344 cum
1633 1313 1752 1344 Niceno

106 1358 242 1390 concilio
273 1360 303 1390 in
336 1360 513 1390 mutatione
544 1361 770 1402 episcoporum
803 1361 1012 1392 ambitionem
1045 1361 1317 1403 dampnaverunt:
1350 1365 1573 1396 necessitatem
1602 1376 1688 1406 vem,
1723 1372 1753 1397 et

105 1411 274 1442 utilitatem
297 1410 529 1442 admittendam
554 1423 625 1443 esse
649 1412 837 1444 docuerunt.
883 1413 950 1443 Nec
974 1413 1166 1452 mirandum,
1191 1414 1276 1456 quod
1303 1414 1459 1446 Nicenum
1484 1417 1665 1458 concilium,
1690 1428 1751 1448 non

106 1469 168 1494 tam
193 1463 366 1503 signanter,
390 1468 425 1494 ut
447 1464 572 1505 antiqui
596 1469 714 1505 patres,
739 1465 962 1495 necessitatem
988 1470 1019 1496 et
1043 1465 1212 1496 utilitatem
1237 1468 1415 1508 exceperit3
1447 1478 1518 1498 cum
1543 1469 1750 1499 mutationem

105 1515 331 1556 episcoporum
361 1520 426 1545 tam
460 1514 648 1556 simpliciter
678 1515 889 1557 prohibuerit.
942 1516 1023 1547 Nam
1055 1522 1128 1548 ante
1153 1517 1311 1548 Nicenum
1341 1518 1511 1549 concilium
1542 1520 1752 1551 creberrimae

105 1566 343 1608 persecutiones
366 1567 537 1608 episcopos
561 1567 600 1598 de
623 1567 693 1598 loco
717 1568 749 1598 in
772 1567 876 1598 locum
895 1569 1011 1599 mutari
1029 1570 1196 1610 sepissime
1213 1569 1444 1611 compulerunt.
1491 1571 1557 1602 Nec
1580 1571 1622 1601 ibi
1649 1571 1750 1602 locum

103 1617 237 1649 ambitio
257 1617 376 1650 habere
393 1624 529 1660 poterat,
554 1619 608 1650 ubi
625 1620 829 1661 potissimum
854 1617 906 1649 ille
930 1619 967 1648 ad
995 1621 1182 1661 martyrium
1201 1621 1387 1661 ducebatur,
1413 1623 1466 1663 qui
1483 1622 1554 1653 aliis
1573 1624 1750 1664 preminere

103 1669 280 1701 videbatur.
328 1670 396 1700 Hoc
422 1671 531 1712 utiquc
556 1672 659 1702 sancti
681 1671 817 1702 Romani
841 1671 1010 1712 pontifices
1033 1683 1143 1702 verum
1168 1684 1238 1702 esse
1262 1679 1428 1713 testantur,
1459 1675 1511 1716 qui
1536 1685 1617 1715 pene
1642 1685 1750 1704 omnes

103 1727 175 1753 ante
191 1721 350 1753 Nic-enum
376 1721 545 1753 concilium
568 1724 722 1763 martyrio
748 1723 891 1753 coronati
915 1722 1075 1764 leguntur.
1122 1726 1172 1754 A⁴
1195 1729 1340 1765 tempore
1357 1731 1465 1756 autem
1484 1725 1595 1756 Nieeni
1612 1725 1749 1763 concilii,

103 1775 163 1804 iam
187 1773 300 1805 sedata
323 1775 544 1814 persecutione
567 1773 813 1816 aliquantulum,
844 1785 906 1804 non
938 1781 1000 1805 tam
1026 1776 1207 1806 necessaria
1232 1776 1404 1807 videbatur
1427 1778 1560 1808 mutatio
1584 1778 1749 1818 episcopo>

103 1836 184 1864 rum,
215 1835 288 1856 cum
319 1825 382 1855 iam
414 1824 549 1856 liberum
582 1831 667 1857 esset
697 1825 874 1868 quemlibet
897 1827 962 1856 suis
987 1826 1101 1857 ovibus
1126 1827 1290 1868 presidere
1313 1827 1374 1865 vel,
1406 1828 1461 1858 ubi
1486 1829 1620 1866 deesset,
1651 1829 1746 1859 alium

101 1876 281 1908 seeundum
304 1887 442 1907 canones
467 1876 626 1908 ordinare.
672 1877 744 1908 Non
769 1889 845 1919 ergo
871 1878 1064 1917 mirandum,
1089 1879 1113 1908 si
1133 1879 1247 1909 Niceni
1272 1884 1390 1920 patres,
1413 1891 1474 1910 non
1492 1886 1526 1911 ut
1542 1881 1747 1921 antiquiores,

102 1931 133 1960 in
163 1939 222 1959 sua
251 1928 468 1970 prohibitione
498 1928 619 1971 aliquid
651 1931 848 1971 exceperint,
880 1941 952 1960 cum
986 1931 1048 1960 iam
1080 1941 1142 1960 non
1175 1936 1238 1961 tam
1270 1930 1491 1962 rationabilem
1503 1932 1515 1951 b
1546 1932 1746 1972 exceptionis

100 1991 229 2012 causam
254 1979 435 2018 habuerint,
465 1982 634 2022 presertim
665 1992 737 2012 cum
768 1982 947 2013 necessario
972 1983 1034 2012 iam
1059 1981 1198 2012 ambitus
1222 1988 1418 2022 notarentur,
1450 1983 1631 2025 quicunque
1662 1983 1745 2013 iamc

101 2043 162 2063 non
178 2032 359 2063 necessario
375 2032 513 2063 alienam
531 2033 639 2063 sedem
657 2032 782 2064 ambire
799 2033 992 2064 viderentur.
1026 2033 1089 2063 Sed
1108 2033 1160 2076 [et]
1176 2033 1366 2064 Sardicense
1387 2034 1568 2074 concilium,
1585 2035 1635 2064 cui
1649 2034 1745 2065 Osius

101 2095 246 2125 magnus,
270 2090 306 2115 ut
326 2083 450 2114 Niceno
471 2083 618 2124 concilio,
643 2085 802 2126 prefuisse
825 2084 951 2126 legitur,
975 2085 1165 2115 sententiam
1191 2084 1334 2115 eiusdem
1359 2085 1484 2116 concilii
1507 2086 1546 2116 de
1570 2087 1744 2117 mutatione

100 2136 324 2177 episcoporum
356 2136 400 2166 ita
428 2137 617 2177 exposuisse
646 2136 789 2167 videtur:
824 2136 972 2178 prohibet
1003 2138 1086 2167 enim
1120 2136 1260 2178 capitulo
1292 2136 1316 2173 I,
1348 2148 1386 2166 ne
1418 2138 1489 2178 quis
1521 2138 1744 2178 episcoporum

101 2193 202 2218 mutet
223 2198 281 2228 per
303 2188 476 2227 ambitum3
501 2199 652 2230 cumque,
677 2189 731 2229 qui
756 2189 799 2219 ita
823 2189 1006 2227 mutaverit,
1030 2189 1126 2219 etiam
1150 2188 1231 2219 laica
1254 2189 1478 2218 communione
1503 2190 1620 2230 privat.
1663 2189 1745 2219 Hine

100 2239 210 2269 beatus
226 2237 312 2269 Leo-‘²
336 2250 420 2281 papa
444 2239 468 2272 I.
492 2240 664 2271 Anastasio
681 2239 962 2271 Thessalonicensi
987 2241 1139 2281 episcopo
1164 2239 1310 2270 scribens
1334 2239 1498 2280 deliberat,
1523 2246 1556 2271 ut
1580 2241 1742 2282 proprium

99 2290 201 2321 locum
225 2290 341 2332 perdat
364 2298 395 2322 et
417 2291 557 2322 alienum
582 2302 645 2322 non
669 2291 822 2332 detineat,
852 2292 1037 2333 quicunque
1066 2290 1220 2332 despecto
1248 2292 1378 2333 proprio
1404 2291 1542 2322 alienum
1568 2303 1623 2332 per
1645 2292 1744 2322 ambi-

98 2342 218 2373 tionem
243 2340 388 2374 obtinere
411 2343 582 2374 desiderat.
629 2343 663 2374 Si
688 2354 765 2385 ergo
789 2344 833 2374 ita
857 2344 1046 2374 sententiam
1066 2342 1178 2374 Niceni
1195 2342 1321 2373 concilii
1342 2342 1604 2383 intellexerimus,
1627 2354 1743 2384 nequa-

99 2404 193 2435 quam
217 2394 249 2424 in
273 2394 334 2425 hoc
356 2394 472 2426 alicuid
496 2394 679 2426 rationabili
702 2395 929 2436 episcoporum
955 2395 1125 2425 mutationi
1156 2394 1424 2435 contradicemus,
1455 2394 1557 2426 sicubi
1588 2395 1683 2426 etiam
1713 2396 1742 2425 in

98 2450 205 2476 nostro
229 2451 374 2487 tempore
398 2446 579 2477 huiusmodi
605 2447 782 2478 necessitas
806 2447 950 2487 exegerit
974 2452 1004 2477 et
1027 2446 1205 2487 apostolica
1235 2446 1408 2476 auctoritas
1440 2446 1506 2477 fieri
1537 2447 1743 2477 consenserit.

202 2496 304 2528 Item⁶
329 2498 430 2528 sancti
452 2504 560 2540 patres
583 2498 842 2540 frequentissime
859 2497 1041 2539 prohibent,
1064 2508 1103 2527 ne
1127 2508 1203 2528 oves
1227 2508 1318 2528 suuni
1345 2502 1516 2538 pastorem,
1540 2498 1601 2528 nisi
1624 2499 1655 2528 in
1680 2497 1742 2528 tide
1763 2510 1795 2533 (ἢ

96 2549 260 2588 erraverit,
290 2553 452 2589 accusent,
482 2548 693 2591 subditosque
723 2554 929 2580 accusatores
961 2548 1154 2590 prelatorum
1190 2548 1520 2579 excommunicandos
1551 2554 1580 2579 et
1612 2548 1741 2579 infamia

206 2630 234 2660 a)
255 2631 369 2656 utilitate
390 2631 414 2655 7.
491 2632 516 2662 b)
537 2635 563 2656 et
582 2635 630 2656 rat.
654 2632 677 2656 7.
753 2631 780 2659 ς)
801 2632 826 2655 ia
848 2632 871 2656 7.
949 2632 976 2656 di
998 2639 1029 2655 ea:
1049 2631 1129 2655 alicui
1151 2640 1217 2655 coz-r.
1240 2631 1263 2655 7.

204 2695 232 2730 1)
253 2696 408 2724 Hinschius
427 2706 457 2731 p.
474 2697 543 2724 152.
561 2697 628 2724 153.
695 2698 724 2731 ⁶2)
748 2697 902 2724 Hinscltias
921 2706 951 2730 p.
969 2697 1037 2723 140.
1103 2697 1132 2729 3)
1156 2697 1229 2723 Ibid.
1242 2706 1272 2730 p.
1289 2696 1337 2723 90.
1404 2696 1433 2728 4)
1459 2695 1502 2728 Cf.
1519 2705 1603 2729 supra
1626 2705 1653 2729 p.
1672 2696 1739 2720 125».

97 2746 127 2781 5)
151 2746 196 2780 Cf.
220 2756 263 2782 ep.
283 2748 329 2780 14,
353 2757 376 2774 c.
395 2748 422 2780 8,
447 2748 489 2775 ed.
514 2748 623 2775 Butler.
640 2752 659 2775 t.
677 2749 701 2782 I,
725 2749 777 2775 col.
796 2748 873 2781 689;
895 2748 981 2781 Jasfe'
1003 2757 1046 2774 nr.
1064 2748 1136 2774 411.
1205 2748 1234 2781 6)
1258 2747 1328 2773 Item
1352 2747 1443 2773 sancti
1465 2763 1499 2766 —--
1527 2755 1584 2772 non
1608 2754 1738 2772 veremur

96 2797 136 2832 (p.
157 2798 225 2831 139,
249 2799 268 2825 l.
287 2799 340 2832 28)
363 2808 396 2825 ex
419 2799 575 2826 Hincmaro
599 2809 621 2826 c.
640 2800 678 2826 52
702 2799 854 2834 (Turrian.
879 2800 897 2826 l.
918 2799 974 2832 III,
997 2808 1021 2825 c.
1043 2799 1088 2830 13,
1109 2807 1139 2832 2).
1158 2798 1218 2825 322
1235 2800 1299 2832 κρῖ).

168 2853 266 2878 Libelli
285 2854 318 2879 de
337 2854 391 2879 lite.
425 2855 459 2878 11.
1476 2852 1506 2875 18

1773 1432 1809 1451 (5ιὶ

1815 1438 1820 1455 )
