2132 3067
167 1328 306 1350 aem-uis:

224 1355 258 1380 ⁴1·.
269 1357 316 1375 105.

174 1548 222 1567 ιυιι4
238 1548 271 1572 1-1,
282 1548 316 1566 zi*

338 158 401 187 ‘254
768 159 818 185 DE
842 158 1014 185 UNITATE
1038 158 1245 185 ECCLESIAE
1268 157 1562 185 CONSERVANDA.

336 256 382 280 tes
401 250 541 286 Osanna,
567 259 649 290 quae
672 254 704 279 et
727 248 915 278 sternebant
939 248 967 278 ei
991 248 1022 278 in
1046 248 1098 278 via
1119 248 1310 278 vestimenta
1333 257 1399 286 sua,
1422 246 1613 278 humilitatis
1629 254 1659 279 et
1675 248 1816 280 iustitiae
1834 249 1985 290 insignia,

337 300 430 331 simul
462 306 492 330 et
520 310 626 330 ramos
657 300 850 340 palmarum,
881 298 1127 340 praetendentes
1159 300 1287 341 pietatis
1315 309 1422 339 opera.
1474 298 1538 329 Sed
1565 298 1724 331 Adelbero
1748 300 1891 332 introivit
1914 311 1985 332 cum

337 353 414 381 viris
437 352 629 392 sanguinum
655 351 686 381 in
711 351 874 382 civitatem
900 351 1088 392 XVirzibnrg
1098 356 1120 391 ⁸,
1144 351 1254 391 fugato
1279 349 1352 380 inde
1377 348 1588 390 Meginhardo
1612 351 1778 393 episcopo,
1802 362 1987 384 successore

336 414 404 441 sno,
433 408 529 444 atque
559 403 764 444 imperatoris
796 402 968 443 praesidio.
1014 402 1096 433 Tum
1123 402 1251 444 quidem
1283 401 1428 432 decimus
1459 407 1527 432 erat
1554 412 1668 441 annus,
1699 408 1870 445 postquam
1902 403 1986 434 idem

336 453 497 485 Adelbero
530 454 658 495 fugerat
688 454 727 485 de
754 454 1013 494 wirziburgensi
1044 453 1188 493 ecclesia,
1220 453 1319 483 immo
1343 452 1382 483 de
1414 452 1574 483 catholica
1604 453 1749 494 ecclesia,
1779 459 1811 485 et
1839 455 1987 497 quamvis
2007 468 2020 487 5

336 516 434 547 saepe
466 505 507 536 ab
537 505 683 545 ecclesia,
715 516 811 546 saepe
841 505 882 536 ab
914 506 1108 546 imperatore
1139 504 1178 536 ad
1209 505 1380 546 pristinum
1412 504 1580 545 dignitatis
1610 516 1686 536 suae
1709 505 1816 536 locum
1841 507 1883 537 sit
1904 508 1986 537 rein-

336 558 465 597 vitatus,
491 557 605 588 reverti
623 561 729 587 tamen
747 556 857 595 noluit,
882 558 941 587 nisi
958 557 1093 588 sortasse
1118 568 1166 596 eo,
1190 567 1253 598 quo
1278 556 1398 586 dictum
1424 562 1454 586 et
1478 556 1597 587 factum
1622 562 1681 597 est,
1705 556 1802 588 modo
1820 559 1989 600 episcopa-

336 614 403 639 tum
428 620 519 640 suum
545 609 704 649 sanguine
724 608 898 639 multorum
915 608 1079 639 hominum
1096 609 1254 640 redimere
1276 608 1458 648 contigerit.
1506 608 1590 639 Ecce
1614 607 1673 639 de*¹
1698 609 1858 641 eiusmodi
1875 611 1989 642 scribit

336 660 520 701 Cyprianus
544 661 718 702 episcopus
749 660 790 691 de
822 661 943 692 unitate
975 660 1149 691 catholicae
1180 659 1374 691 ecclesiae¹z
1398 660 1613 690 Aversmzdus
1637 665 1692 700 est,
1721 660 1883 703 inquiens,
1911 661 1988 693 talis

336 717 430 753 atque
453 712 655 753 suffiendas,
687 714 835 754 quisquis
858 712 968 752 fuerit
999 713 1038 743 ab
1069 712 1202 743 ecclesia,
1232 717 1425 753 separatus;
1459 723 1636 753 perversus
1667 717 1712 742 est
1742 712 1932 744 huiusmodi
1961 718 1989 744 e!
2009 725 2036 744 ιο

331 768 445 805 peccat
469 769 495 794 et
520 769 563 794 est
588 776 608 794 ιι
632 769 727 795 semet
749 766 821 805 'ipso
845 765 1033 796 damnatus.
1087 765 1139 795 An
1173 764 1235 794 sibi
1265 764 1396 805 aliquid
1427 775 1493 794 esse
1517 775 1588 794 cnm
1615 763 1741 794 Christo
1764 764 1904 806 videtur,
1932 766 1989 806 qui

336 816 496 846 adversus
513 816 694 847 sacerdotes
713 816 836 847 Christi
849 815 941 855 facit
957 820 983 845 et
1001 817 1059 857 qui
1075 828 1107 846 se
1124 828 1143 846 a
1161 815 1244 846 clero
1261 816 1332 846 eius
1353 821 1381 846 et
1401 816 1507 856 plebis
1524 816 1676 846 societate
1692 815 1849 846 secernit?
1883 816 1986 847 Arma

337 866 389 897 ille
413 871 526 898 contra
549 868 716 898 ecclesiam
736 873 859 908 portat,
883 872 998 898 contra
1019 867 1081 898 Dei
1097 868 1342 909 dispositionem
1361 871 1532 909 repugnat,
1556 866 1658 897 lzostis
1676 865 1805 907 altaris,
1830 867 1988 899 adversus

335 918 536 958 sacrificium
571 918 693 950 Christi
723 919 860 959 rebellis,
888 930 950 960 pro
974 919 1042 957 fide
1069 919 1236 960 perfidus,
1265 931 1328 960 pro
1361 919 1518 960 religione
1548 919 1741 960 sacrilequs,
1775 919 1989 961 inobsequens

335 981 457 1007 seruuS,
473 970 568 1009 filius
592 971 727 1011 impius,
746 970 857 1009 frater
874 972 1039 1010 inimicus,
1064 971 1252 1010 contemptis
1276 972 1439 1012 episcopis
1455 975 1481 1001 et
1499 970 1563 1001 Dei
1578 971 1800 1002 sacerdotibus
1817 969 1988 1010 derelictis,
2009 983 2036 1003 15

336 1022 528 1052 constituere
553 1022 650 1052 audet
675 1021 770 1053 alind
790 1022 904 1062 altare,
925 1030 1052 1063 precem
1071 1021 1204 1052 alteram
1225 1021 1349 1053 illicitis
1368 1022 1495 1053 vocibus
1509 1022 1638 1062 facere,
1662 1023 1848 1053 dominicae
1864 1023 1988 1054 hostiae

335 1074 501 1104 veritatem
522 1084 584 1113 per
597 1074 696 1114 falsa
719 1074 889 1113 sacrificia
911 1074 1107 1114 profanare,
1138 1074 1296 1113 nescii-ee,
1327 1075 1495 1115 quoniam,
1525 1075 1583 1116 qui
1611 1079 1722 1104 contra
1747 1074 1986 1105 ordinationem

337 1125 400 1155 Dei
424 1125 591 1163 innititur,
616 1125 651 1154 ob
674 1126 863 1155 temeritatis
887 1126 1067 1155 audaciam
1091 1125 1208 1155 divina
1232 1125 1518 1156 animadversione
1539 1126 1693 1166 punitur.
1740 1125 1829 1156 Haec
1857 1130 1889 1156 et
1914 1124 1987 1164 alia,

336 1187 418 1217 quae
443 1175 581 1216 plurima
605 1175 716 1206 scribit
740 1182 873 1207 sanctus
897 1176 1080 1217 Cyprianus
1112 1177 1286 1217 episcopus
1310 1177 1341 1206 in
1366 1175 1449 1207 libro
1473 1175 1512 1207 de
1536 1177 1659 1206 unitate
1683 1176 1861 1207 catholicae
1886 1175 1987 1208 eccle-

337 1227 412 1267 siae,
444 1226 532 1267 hacc,
564 1228 706 1269 inquam,
737 1227 831 1258 valde
862 1228 1043 1258 necessaria
1074 1233 1147 1258 sunt
1181 1233 1293 1258 contra
1326 1238 1392 1267 eos,
1427 1228 1482 1269 qui
1516 1239 1579 1259 non
1615 1227 1717 1259 solum
1749 1239 1839 1268 voce,
1871 1228 1925 1259 sed
1957 1232 1989 1260 et
2007 1240 2036 1260 20

336 1280 498 1320 scriptura
521 1278 712 1319 profitentur
739 1290 774 1309 se
798 1279 969 1310 defendere
993 1285 1117 1320 partem
1143 1279 1192 1309 sui
1217 1279 1366 1320 Gregorii
1391 1290 1504 1321 papae,
1552 1279 1693 1321 Reliquit
1716 1290 1793 1321 ergo
1816 1279 1986 1312 ecclesiam

338 1329 510 1371 Adelbero,
535 1329 661 1372 qualem
679 1330 803 1361 scilicet
819 1330 987 1361 ecclesiam
1005 1330 1178 1372 despondit
1195 1330 1314 1362 Paulus
1331 1331 1495 1372 apostolus
1512 1333 1572 1362 ἰιπί
1589 1333 1659 1362 viro
1675 1332 1850 1373 virginem*
1867 1336 1986 1363 castam

335 1382 483 1413 exhibere
509 1382 648 1422 Christo,
672 1388 702 1413 et
726 1383 858 1413 secessit
882 1382 955 1413 inde
979 1382 1019 1413 ad
1043 1383 1266 1424 supradictam
1292 1383 1512 1421 munitionem,
1541 1394 1624 1425 quae
1647 1382 1766 1414 dicitur
1790 1383 1988 1422 Mons-vini,

336 1434 390 1465 ubi
416 1440 446 1464 et
470 1433 646 1465 celebravit
669 1433 861 1464 sacrificium
880 1441 910 1465 et
927 1435 1103 1465 orationem
1126 1440 1252 1476 praeter
1267 1434 1367 1465 altare
1385 1440 1415 1466 et
1432 1436 1691 1466 communionem
1709 1434 1864 1466 ecclesiae
1880 1434 1987 1466 catho-

336 1484 413 1516 licae
430 1486 504 1516 Dei.
544 1486 577 1515 Si
602 1486 686 1516 enim
711 1485 872 1517 hereditas
894 1485 1047 1517 ecclesiae
1071 1491 1119 1517 est
1143 1498 1207 1527 pax
1231 1491 1262 1517 et
1286 1487 1391 1528 patria
1414 1487 1482 1517 eius
1506 1492 1554 1518 est
1576 1497 1653 1528 pax,
1677 1487 1776 1528 igitur
1799 1492 1830 1518 et
1852 1497 1986 1528 regnum
2008 1499 2036 1519 2⁵

337 1536 414 1567 illud
432 1537 492 1568 Dei
519 1538 627 1578 patris,
652 1538 738 1579 quod
763 1538 880 1570 cotidie
904 1543 996 1579 rogat
1017 1537 1152 1569 ecclesia
1175 1544 1210 1570 ut
1233 1537 1394 1578 adveniat,
1419 1544 1466 1569 est
1490 1549 1566 1580 pax.
1606 1538 1729 1577 Pacem,
1754 1538 1867 1580 inquit,
1890 1537 1987 1570 relin-

337 1601 396 1630 quo
422 1589 518 1627 vobis,
538 1601 655 1629 pacem
679 1602 781 1620 meam
807 1590 846 1621 (Io
872 1590 967 1622 robis.
1014 1589 1109 1621 Unde
1134 1596 1262 1621 constat
1284 1601 1412 1632 precem
1435 1590 1567 1622 alteram
1590 1589 1709 1621 illicitis
1725 1589 1858 1621 vocibus
1874 1589 1988 1621 fecisse

337 1647 368 1671 ct
391 1640 571 1671 dominicae
595 1641 717 1672 hostiae
741 1642 907 1672 veritatem
934 1653 990 1683 per
1014 1641 1094 1672 falsa
1117 1642 1277 1673 sacrificia
1294 1652 1366 1673 eum
1392 1642 1588 1683 profanasse,
1613 1642 1667 1684 qui
1684 1652 1747 1672 non
1766 1647 1914 1683 precatur
1930 1653 1988 1684 pro

338 1703 417 1733 pace
441 1692 606 1723 eeclesiae.
656 1694 760 1731 Quam
793 1692 916 1724 scilieet
945 1704 1057 1734 pacem
1089 1693 1193 1724 noluit
1221 1693 1266 1724 illi
1291 1693 1456 1724 Adelbero
1487 1693 1538 1724 vel
1569 1700 1646 1724 tunc
1676 1694 1829 1735 recipere,
1859 1693 1988 1736 quando

336 1744 419 1774 intra
437 1744 597 1774 civitatem
615 1744 800 1785 Wirziburg
817 1745 968 1776 obsessus
985 1746 1092 1786 potuit
1115 1746 1186 1787 capi
1211 1745 1342 1787 quidem
1369 1745 1417 1775 vel
1442 1745 1555 1781 occidi,
1580 1744 1635 1777 sed
1661 1744 1747 1776 nullo
1772 1745 1866 1777 modo
1890 1745 1988 1785 flecti,
2006 1757 2033 1777 so

337 1802 370 1825 nt
395 1795 492 1826 vellet
516 1797 741 1837 imperatorem
766 1796 875 1827 videre
899 1796 949 1827 vel
974 1796 1105 1839 alloqui,
1132 1808 1188 1838 per
1212 1797 1298 1839 quod
1324 1796 1445 1827 destrui
1470 1808 1598 1839 quoque
1622 1798 1764 1829 cernitur
1786 1798 1891 1839 gratia
1915 1798 1989 1835 Dei,

337 1858 400 1889 qua
432 1848 529 1878 creati
561 1859 683 1887 sumus,
718 1859 814 1889 quam
846 1853 877 1879 et
908 1859 980 1878 cum
1013 1849 1122 1890 impiis
1152 1859 1280 1890 quoque
1311 1850 1538 1879 communemd
1570 1848 1735 1888 habemus,
1765 1860 1838 1880 cum
1870 1849 1988 1891 quibus

337 1898 483 1929 homines
507 1911 628 1932 snmus,
652 1905 747 1941 atque
771 1900 857 1937 idm,
881 1900 1026 1941 quisquis
1051 1901 1191 1941 priorem
1216 1901 1391 1931 contemnit
1414 1901 1561 1941 gratiam,
1585 1912 1649 1944 qna
1673 1902 1771 1932 creati
1796 1911 1919 1940 sumuS,
1944 1901 1988 1932 in-

241 1969 245 1977 i
336 1956 446 1991 gratus
471 1962 600 1992 qnoque
624 1952 734 1982 existit
758 1951 917 1982 secundae
942 1952 1075 1991 gratiae,
1100 1963 1163 1993 qua
1186 1953 1321 1983 recreati
1347 1963 1457 1982 sumus
1480 1958 1577 1995 atque
1601 1952 1725 1992 salvati,
1754 1964 1827 1984 cum.
1850 1963 1989 1984 essemus

182 2478 258 2496 Manli.
269 2477 317 2500 ἴῃὶ).

336 2003 454 2032 mortui
482 2004 636 2042 peccatis,
667 2003 749 2034 sicnt
778 2003 857 2034 dicit
885 2003 1061 2044 apostolus.
1118 2004 1166 2034 Ex
1196 2003 1255 2034 hoc
1287 2004 1383 2043 enim,
1413 2004 1499 2045 quod
1528 2004 1683 2036 adversae
1713 2005 1812 2046 partis
1840 2004 1988 2046 episcopi
2009 2014 2037 2035 ³⁵

337 2054 426 2083 iuxta
450 2060 569 2084 sectam
587 2054 849 2085 Manichaeorum
876 2055 1059 2096 despiciunt
1081 2056 1112 2085 in
1137 2067 1212 2095 rege
1232 2054 1393 2085 llenricho
1418 2055 1590 2095 hominem,
1614 2061 1793 2087 creaturam
1810 2055 1883 2095 Dei,
1908 2055 1990 2087 refu-

336 2106 461 2145 gientes
485 2117 557 2136 cnm
582 2106 691 2137 videre
717 2106 766 2137 vel
790 2106 920 2148 alloqui,
944 2118 1001 2148 per
1025 2106 1110 2137 illam
1135 2107 1258 2138 scilicet
1277 2106 1542 2150 [excusationisv]
1560 2108 1772 2147 occasionem,
1798 2117 1863 2149 qua
1879 2106 1990 2138 dicunt

337 2167 408 2186 eum
434 2168 506 2187 csse
530 2159 857 2197 excommunicatum,
882 2170 922 2189 ex
947 2158 1017 2197 hoc,
1048 2159 1189 2201 inquam,
1220 2163 1321 2189 totum
1347 2165 1395 2190 est
1417 2159 1494 2190 illud
1519 2158 1717 2198 scandalum,
1743 2158 1829 2201 quod
1853 2157 1988 2200 relique—

337 2215 409 2239 runt
432 2208 583 2239 ccclesias
614 2220 688 2239 suas
717 2216 748 2241 et
779 2221 887 2242 curam
917 2210 1152 2241 dominicarum
1183 2211 1301 2249 ovium,
1331 2216 1363 2241 et
1386 2210 1472 2252 quod
1503 2222 1559 2252 per
1583 2211 1752 2252 parochias
1781 2221 1855 2241 suas
1886 2209 1987 2241 multo

337 2260 398 2289 iam
425 2266 568 2300 tempore
593 2260 691 2291 multa
715 2261 794 2293 tiunt
820 2262 1003 2300 homicidia,
1026 2262 1158 2303 rapinae
1182 2267 1213 2293 et
1236 2262 1385 2294 incendia
1407 2273 1466 2304 pro
1491 2263 1538 2293 his
1561 2274 1642 2304 quae
1667 2269 1741 2293 sunt
1759 2263 1986 2304 episcoporum
2006 2273 2035 2291 ιο

337 2310 500 2342 solemnia,
525 2312 593 2341 sivo
618 2312 649 2342 in
674 2312 865 2344 celebrando
891 2313 1095 2355 baptismate,
1119 2314 1186 2344 sive
1210 2314 1241 2344 in
1267 2313 1485 2345 consecrando
1503 2314 1686 2354 chrismate,
1710 2314 1776 2345 sive
1793 2314 1825 2344 in
1841 2313 1988 2344 docenda

338 2361 511 2391 christiana
536 2362 638 2403 plebe.
693 2364 756 2394 Sed
787 2376 827 2395 ex
857 2372 969 2405 gestae
1001 2366 1044 2395 rci
1077 2365 1333 2396 consideratione
1364 2366 1491 2407 pensari
1520 2366 1636 2407 poterit
1659 2375 1757 2396 causa
1779 2364 1828 2396 vel
1853 2365 1987 2407 impera-

339 2413 415 2443 toris
439 2413 487 2443 vel
513 2413 594 2444 illins
619 2416 762 2457 episcopi
783 2416 995 2447 Adelbcronis
1020 2416 1070 2448 vel
1094 2423 1304 2455 caeterorum,
1328 2417 1382 2459 qui
1407 2423 1480 2447 sunt
1503 2417 1533 2447 in
1558 2423 1647 2458 parte
1671 2418 1739 2447 eius
1762 2417 1987 2449 contentionis.

338 2463 437 2494 Nam:
465 2464 560 2495 Beati
584 2468 727 2506 pacifici,
752 2470 905 2507 qnoniam
935 2470 1000 2509 ipsi
1025 2468 1311 2508 vocalmnturfilii
1328 2469 1400 2499 Dei.
1449 2469 1534 2509 Ergo
1559 2469 1709 2500 obsessus
1732 2474 1800 2500 erat
1822 2468 1875 2500 ille
1892 2468 1987 2500 Adel·

340 2515 414 2545 bero
447 2516 477 2545 in
505 2516 690 2557 Wirzihurg
714 2519 842 2550 civitate
867 2519 907 2549 ab
933 2521 1137 2561 imperatore,
1169 2526 1200 2550 et
1223 2531 1285 2550 non
1311 2525 1434 2561 poterat
1459 2519 1523 2551 ulla
1547 2521 1669 2551 ratione
1691 2519 1810 2552 adduci
1834 2520 1873 2552 ad
1898 2521 1988 2563 pacis
2006 2530 2034 2550 ⁴⁵

339 2566 554 2598 conditionem
584 2569 650 2599 sive
683 2581 738 2610 por
769 2572 939 2612 episcopos
970 2572 1038 2603 sive
1067 2583 1124 2613 per
1155 2572 1314 2613 principes
1343 2573 1443 2611 regni.
1476 2573 1529 2614 qui
1561 2577 1653 2603 erant
1680 2583 1751 2603 cum
1782 2573 1986 2614 imperatore,

339 2618 460 2657 dicens,
492 2630 525 2649 se
557 2620 685 2660 quidem
718 2632 811 2662 posse
842 2623 932 2661 mori,
961 2634 1024 2652 non
1053 2629 1158 2654 autem
1184 2622 1280 2661 flecti,
1309 2629 1344 2654 ut
1374 2623 1469 2655 vellet
1493 2635 1632 2666 unquam
1657 2630 1772 2665 sponte
1795 2635 1853 2655 sua
1876 2635 1984 2666 regem

449 2701 476 2732 n)
499 2701 615 2726 Wirtzib.
636 2704 646 2725 1
671 2711 875 2735 nonnnmqrmm.
947 2704 972 2731 b)
995 2713 1026 2728 ex
1044 2706 1066 2729 1.
1137 2705 1163 2729 οἳ
1184 2713 1233 2729 nec
1254 2706 1321 2730 scire
1342 2705 1421 2738 Cypr.
1491 2706 1518 2737 d)
1541 2707 1579 2731 ita
1598 2705 1708 2738 εον-ἱροῦ
1729 2707 1941 2732 communionem
1961 2707 1984 2732 l.

339 2746 365 2776 c)
385 2746 456 2771 dces!
480 2749 507 2777 ¹3
528 2747 561 2778 “s-
583 2756 603 2772 c.
626 2749 660 2771 :³0
682 2749 716 2772 in.
736 2758 763 2780 p.
786 2749 847 2773 256.

447 2823 473 2856 1)
499 2823 543 2848 De
566 2823 638 2850 cath.
664 2824 728 2849 eccl.
754 2824 822 2850 unit.
847 2829 860 2855 ξ
887 2825 933 2857 17,
960 2825 1097 2858 Cypriani
1123 2827 1214 2859 Upern
1238 2835 1267 2860 p.
1287 2827 1356 2853 2:²5.
1375 2826 1447 2853 226.
2011 2832 2039 2852 5⁰
