2132 3067
214 422 243 441 ‘L
256 423 301 441 ¹³32*

334 170 373 197 Sti
733 163 884 192 LIBELLI
910 161 1105 188 BERNALDI
1130 159 1365 187 PRESBYTERI
1390 158 1576 186 MONACHI.

334 259 505 290 institutis³
531 255 746 295 indignentur,
771 253 801 282 in
827 262 961 293 quornm
987 249 1243 291 promulgatione
1267 248 1447 279 nullatenus
1470 259 1489 278 a
1512 249 1632 278 sanctis
1649 251 1795 290 patribus
1819 252 1980 295 discrepa-

335 312 413 347 vit¹',
444 314 580 348 excepto
612 307 642 336 in
675 305 734 334 hoc
765 309 899 342 tantum,
930 301 1015 343 quod
1041 312 1102 331 non
1134 305 1198 330 tam
1229 311 1348 338 severe,
1380 305 1414 330 ut
1437 299 1490 337 illi,
1521 303 1797 342 contemptoribus
1821 314 1979 335 canonum

334 361 486 391 obviavit.
533 357 607 388 Illos
639 356 722 386 enim
754 354 886 385 clericos
911 353 1038 383 officioc
1063 358 1187 383 tantum
1213 352 1361 393 privavit,
1385 351 1502 392 quibus
1526 352 1627 382 sancti
1657 360 1764 394 patres
1795 365 1858 386 non
1885 355 1980 387 modo

333 412 486 449 osticium,
511 408 586 439 sed¹¹
611 409 736 437 veniam
760 413 788 436 et
814 404 1083 435 aecclesiasticam
1107 404 1366 434 communionem
1385 402 1617 442 denegaveree.
1656 404 1708 436 Nil
1725 405 1864 448 denique
1888 408 1982 438 ‘novi

334 468 441 493 noster
472 458 668 501 apostolicus
701 457 793 488 nobis
824 455 1063 486 observandum
1095 455 1245 493 iniunxit,
1275 454 1359 496 quod
1384 454 1507 484 etiamsi
1531 453 1668 495 fecisset,
1697 463 1891 489 nontamen
1916 459 1983 490 sine

334 512 473 555 periculo
509 511 576 540 cius
609 508 790 540 contemnis
822 512 1010 549 preceptum
1043 512 1159 547 posset⁴
1205 506 1286 536 Nam
1318 504 1497 546 apostolica
1529 505 1621 536 sedes
1651 517 1692 537 ex
1721 507 1830 540 divina
1861 510 1983 541 confes—

334 566 444 595 sioncss
476 563 558 593 lmnc
589 572 716 602 semper
747 559 885 590 obtinuit
917 564 947 589 et
979 557 1138 588 obtinebit
1168 558 1352 599 primatum,
1385 562 1418 587 ut
1450 556 1546 587 totius
1577 557 1687 589 mnndi
1719 559 1891 592 aecclesias
1920 572 1983 592 non

334 616 434 647 solum
459 614 600 654 antiquis
625 611 789 649 institutis,
813 610 868 640 scd
894 609 988 640 ctiam
1014 610 1105 640 novis
1129 609 1287 651 disponat,
1313 608 1426 650 p1·0ut'¹
1444 607 1647 640 diversorum
1668 612 1844 642 necessitas
1861 617 1983 654 tempo—

335 679 402 699 rum
428 664 644 707 expostulati:
678 665 804 703 Coymzt
828 662 922 701 enim,
947 661 992 690 ait
1016 661 1236 701 Augustinus¹
1263 661 1302 691 ad
1330 660 1542 699 Bonifacium,
1575 660 1694 692 'nmltos
1718 664 1867 694 invenire
1889 664 1986 696 medi-

335 721 428 750 cinas
462 717 633 747 multorum
664 715 886 754 eoeperimenta
913 712 1105 743 morborum.
1153 712 1222 742 Hoc
1252 712 1362 753 utique
1392 711 1522 742 diversa
1546 712 1762 744 Romanorum
1795 715 1984 756 pontificum

335 772 464 801 ‹lecreta
488 772 653 805 testantur,
679 766 709 795 in
735 764 852 806 quibus
877 764 939 805 ipsi
963 763 1099 794 diversis
1123 768 1304 805 temporum
1332 762 1578 794 necessitatibus
1603 764 1803 796 consuluisse
1825 766 1985 807 leguntur.

442 819 552 850 XXII.
600 818 764 848 Incassum
799 821 906 846 autem
943 815 1063 857 publici
1099 810 1338 857 contemptores
1372 813 1568 855 apostolicae
1602 815 1811 848 institutionis
1846 817 1986 849 indutias

336 884 412 903 suae
441 870 657 901 damnationis
690 879 709 898 a
738 874 845 898 nostro
876 867 1053 908 apostolico
1086 871 1233 908 querunt,
1264 876 1354 907 quos„
1385 872 1419 896 ut
1450 865 1631 906 predictum
1663 872 1720 907 est,
1750 869 1852 899 sancti
1879 874 1986 910 patres

337 924 458 964 absque
482 920 630 952 omnibus
654 919 792 950 induciis
809 918 1058 958 damnaverunt,
1083 919 1113 948 in
1139 917 1244 948 dubiis
1268 917 1373 948 enimk
1392 916 1499 954 rebus,
1523 917 1597 949 licet
1613 920 1697 949 veris
1714 919 1855 950 nondum
1880 926 1987 952 tamen

337 974 518 1017 publicatis,
550 971 731 1002 necessario
757 969 979 1001 conceduntur
1002 969 1154 1007 indutiae,
1185 975 1219 1000 ut
1246 970 1337 999 iuxta
1364 969 1546 999 sanctiones
1571 970 1821 1010 apostolicorum
1844 972 1986 1003 virorum

339 1026 453 1057 Felicis
478 1030 508 1055 et
534 1023 603 1054 lulii
627 1029 659 1053 et
682 1022 879 1063 reliquorum
904 1022 973 1063 ipse
997 1026 1167 1052 accusatus
1191 1021 1295 1062 possit
1324 1032 1357 1051 se
1381 1026 1492 1051 contra
1515 1023 1735 1053 accusatores¹
1759 1023 1897 1064 pleniter
1920 1034 1988 1065 pre-

339 1089 452 1120 parare
482 1076 520 1107 ad
551 1073 711 1106 abluenda
735 1073 878 1106 erimina.
925 1073 1018 1104 Unde
1042 1078 1073 1103 et
1095 1072 1209 1103 beatus
1236 1071 1467 1102 Eleutheriusm
1499 1082 1517 1102 a
1540 1072 1633 1103 beato
1659 1074 1752 1105 Petro
1777 1074 1990 1106 duodecimus

340 1131 370 1160 in
401 1129 557 1159 decretis2
589 1127 655 1156 suis
687 1124 833 1166 kapitulo
860 1125 881 1155 l.
907 1130 1054 1155 testatur:
1090 1124 1243 1154 ludariae
1267 1135 1333 1154 nou
1358 1124 1503 1154 modicae
1527 1125 1571 1154 ad
1595 1125 1831 1166 inquirendum
1855 1127 1990 1158 dandae

341 1186 426 1218 sunt,
451 1193 489 1210 rne
513 1178 642 1220 aliquid
663 1188 886 1218 praqtropere
912 1177 970 1217 αἷμ’
993 1188 1011 1205 ιι
1036 1187 1236 1217 quacumque
1254 1180 1353 1215 parte
1376 1175 1536 1215 rideatur,
1559 1177 1715 1218 quiapeo·
1731 1178 1991 1218 subreptionemn

340 1232 439 1263 mulla
468 1231 674 1272 proveniunt.
723 1228 794 1258 lure
825 1238 901 1267 ergo
933 1226 977 1257 illi
1009 1226 1133 1268 absque
1164 1226 1296 1256 indutiis
1327 1226 1530 1266 damnantur,
1561 1228 1615 1268 qui
1647 1227 1774 1269 culpam
1806 1239 1896 1260 suam
1926 1229 1988 1259 iam

339 1283 459 1314 dudum
485 1293 503 1312 a
527 1281 646 1312 sanctis
671 1280 815 1321 patribus
831 1278 967 1309 diffinite
984 1278 1167 1309 damnatam
1193 1289 1255 1308 non
1272 1288 1401 1318 negare,
1425 1277 1482 1308 sed
1507 1277 1656 1318 publice⁰
1680 1286 1790 1310 contra
1812 1279 1991 1321 apostolica

341 1340 459 1366 statuta
483 1339 639 1364 conantur
662 1331 841 1362 defensare.
881 1330 1005 1371 Nempe
1030 1329 1142 1361 beatus
1163 1329 1353 1369 Gregorius,
1378 1328 1418 1359 ab
1443 1330 1529 1359 omni
1555 1328 1713 1360 catholico
1731 1337 1860 1372 pastore
1876 1332 1991 1362 merito

341 1386 525 1425 imitandus,
550 1389 786 1424 contemptores
811 1382 895 1413 sedis
919 1381 1117 1423 apostolicae
1141 1382 1236 1412 etiam
1261 1386 1334 1411 ante
1358 1386 1521 1422 peractam
1541 1380 1669 1422 culpam
1695 1381 1840 1414 solebatv
1863 1393 1992 1414 excom-

342 1438 517 1468 municare.
564 1436 618 1466 Sic
641 1436 725 1465 enim
750 1434 929 1465 Maximum
962 1445 1018 1475 per
1042 1432 1250 1464 ambitionem
1275 1431 1482 1463 Salonitano‘l
1513 1433 1715 1474 episcopatui
1744 1434 1993 1465 intronizatum‘

341 1496 371 1521 et
401 1500 511 1520 omnes
542 1489 610 1518 eius
641 1486 841 1517 ordinatores
870 1485 1172 1525 excommunicavit,
1201 1495 1282 1525 quos
1306 1484 1417 1514 eadem
1442 1485 1732 1516 excommunicatio
1757 1485 1898 1516 nondum
1921 1497 1992 1527 per-

342 1546 414 1572 aeta
445 1540 547 1581 culpa„
580 1550 637 1581 pro
667 1549 730 1580 qua
762 1537 1032 1568 excommunicati
1056 1541 1139 1574 sunt,
1164 1535 1328 1577 obligavit.
1375 1535 1457 1567 Nam
1482 1536 1571 1576 prius
1598 1547 1695 1578 quam
1719 1536 1803 1568 idem
1828 1537 1992 1568 Maximus

342 1592 554 1630 ordinaretur,
579 1591 638 1621 sub
663 1589 997 1620 excommunicatione
1021 1588 1187 1630 probibuit
1210 1592 1340 1617 sanctus
1357 1586 1545 1627 Gregorius,
1571 1592 1629 1618 ne⁵
1654 1587 1714 1618 hoc
1732 1591 1993 1631 presumeretur‘.

341 1643 435 1683 Quod
474 1648 664 1684 preceptum
696 1645 937 1672 contemnentes
971 1640 1124 1680 episcopi,
1159 1650 1230 1669 cum
1261 1638 1447 1669 ordinarent
1477 1637 1641 1669 cundemu
1677 1639 1854 1670 Maximum
1866 1646 1889 1679 V,
1919 1645 1993 1671 ante

342 1700 504 1736 peractam
529 1693 762 1723 ordinationem
788 1698 879 1722 crant
896 1691 1168 1722 excommunicati
1186 1691 1277 1721 iuxta
1295 1691 1532 1721 attestationem
1558 1691 1659 1721 saneti
1677 1690 1837 1732 Gregorii.
1876 1690 1996 1723 Scribit

344 1747 428 1777 enim
454 1747 485 1776 in
510 1744 667 1786 epistola³
693 1744 731 1774 ad
757 1743 893 1774 eundem
918 1743 1096 1774 Maximum
1108 1749 1127 1762 w
1144 1747 1401 1784 presumptorem
1435 1742 1478 1772 ita
1502 1741 1664 1772 detestans
1691 1743 1760 1773 eius
1783 1743 1994 1774 consecratio-

344 1809 426 1829 nem.
474 1798 576 1833 Quam
608 1808 682 1836 rem,
715 1796 827 1837 inquit,
856 1806 921 1826 non
950 1795 1224 1825 consecrationem
1249 1794 1354 1824 dicere
1384 1793 1568 1824 nullomodo
1593 1805 1779 1835 possumus,
1819 1796 1899 1836 quia
1930 1790 1994 1826 αὖ*

345 1849 632 1880 ancorum»micatis
659 1847 818 1886 celebrata
842 1851 894 1877 esi.
940 1845 1011 1876 Non
1039 1846 1123 1877 enim
1149 1851 1220 1886 post
1244 1845 1477 1876 ordinationem
1511 1845 1852 1884 excommunicandos,
1883 1845 1939 1877 sed
1962 1845 1995 1876 in

346 1902 415 1942 ipsa
456 1899 656 1930 ordinatione
696 1899 778 1929 dixit
812 1897 1152 1929 excommunicandos.
1199 1897 1254 1927 Sic
1294 1896 1379 1927 idem
1418 1895 1637 1938 apostolieus⁴
1669 1907 1727 1938 per
1761 1896 1993 1928 subdiaconem

343 1963 435 1982 suum
461 1950 604 1981 Natalem
631 1950 875 1981 SalonitanumY
898 1950 1088 1990 episcopum
1113 1949 1235 1990 absque
1260 1947 1400 1987 indutiis,
1426 1949 1452 1978 si
1476 1952 1630 1989 precepto
1654 1948 1723 1978 eius
1739 1959 1801 1979 non
1826 1948 1998 1987 obedisset,

347 2002 441 2044 pallio
466 2008 497 2033 et
520 2003 746 2032 conmmniono
770 2001 897 2032 censuit
921 1999 1136 2042 privandumz
1166 2011 1246 2031 esse.
1292 1999 1357 2039 Sic,
1388 2000 1530 2041 inquam,
1567 2000 1636 2040 ipse
1660 2004 1692 2030 et
1716 1999 1831 2041 reliqui
1853 1999 1997 2031 eiusdem

347 2055 431 2085 sedis
466 2054 611 2094 episcopi
647 2052 810 2094 quoslibet
843 2058 895 2083 eta
930 2053 1053 2093 absque
1088 2051 1221 2083 indutiis
1254 2050 1509 2089 damnaverunt,
1550 2051 1604 2092 qui
1643 2050 1784 2092 aliquam
1825 2062 1891 2082 rem
1940 2051 2000 2082 sub

2010 727 2034 745 10

2010 983 2034 1002 15

2013 1498 2040 1517 2⁵

2015 1754 2044 1774 ³0

2016 2011 2045 2031 ³⁶

348 2105 684 2135 exeoinmuniratione
713 2103 762 2134 vcl
796 2103 891 2134 officii
927 2104 1138 2144 suspensione
1180 2102 1372 2144 prohibitam
1415 2102 1584 2133 temerarie
1623 2108 1870 2143 usurpaverunt.
1930 2102 2018 2136 Has⁴

349 2157 446 2196 igitur
477 2161 508 2186 et
540 2155 723 2186 huiusmodi
755 2154 917 2185 rationesb
953 2154 1097 2185 moderni
1134 2159 1376 2196 presumptores
1412 2159 1504 2184 caute
1534 2153 1748 2193 considerent,
1778 2165 1817 2185 ne
1849 2154 2002 2196 deinceps

350 2207 463 2238 iniuste
495 2218 528 2237 se
557 2208 680 2248 absque
711 2206 842 2237 indutiis
874 2206 1063 2237 damnatosc
1093 2217 1162 2237 esse
1189 2206 1385 2237 existiment.

460 2327 485 2346 a)
510 2322 615 2345 statutis
636 2322 660 2345 3.
682 2322 706 2345 4.
783 2322 810 2352 1))
833 2321 978 2352 discrepuit
998 2321 1022 2345 2.
1104 2322 1129 2351 c)
1150 2321 1183 2345 ab
1204 2320 1247 2345 off.
1269 2320 1299 2349 ἒς
1321 2323 1387 2344 tant.
1409 2320 1453 2344 off.
1474 2319 1499 2343 4.
1584 2320 1612 2350 d)
1633 2325 1659 2344 et
1679 2320 1744 2345 add.
1765 2319 1798 2344 G.
1875 2319 1902 2351 e)
1923 2320 2003 2344 dene-

352 2371 481 2397 gaverunt
502 2368 525 2390 3.
549 2368 571 2391 ⁴.
647 2367 668 2395 f)
690 2375 715 2398 p.
736 2375 757 2391 c.
781 2368 803 2391 3.
826 2368 852 2391 4.
927 2366 956 2397 g)
977 2367 1135 2390 conessione
1156 2367 1180 2392 3.
1257 2366 1285 2391 ln
1307 2369 1335 2390 ut
1355 2374 1402 2398 pro
1423 2366 1448 2390 2.
1524 2366 1542 2397 i)
1565 2367 1687 2398 exposcit
1706 2367 1731 2390 4.
1819 2365 1848 2397 k)
1868 2368 1956 2390 autem
1978 2366 2003 2391 4.

353 2413 370 2441 l)
393 2421 466 2436 acus.
485 2414 509 2436 ’2.
586 2419 621 2442 ιιι)
646 2413 702 2437 1-1111.
725 2413 748 2437 ⁶2.
828 2413 858 2440 n)
886 2411 981 2436 abhinc
1002 2412 1028 2435 in
1049 2412 1064 2435 3
1086 2411 1177 2436 tertius
1199 2411 1326 2436 librarius
1344 2411 1523 2443 prosequitur.
1599 2412 1624 2443 o)
1655 2411 1770 2444 publicie
1791 2411 1816 2437 4.
1892 2411 1920 2444 p)
1946 2419 2003 2436 exc.

353 2459 401 2482 sul.
423 2459 447 2482 4.
525 2458 550 2490 q)
574 2461 598 2481 ct
620 2458 683 2482 mid.
705 2460 730 2481 ⁸2.
821 2459 845 2488 r}
866 2458 980 2483 inthron.
1001 2459 1032 2487 3;
1053 2457 1068 2481 h
1090 2458 1148 2482 ead.
1167 2466 1200 2482 m.
1221 2466 1352 2489 superscr.
1429 2457 1451 2488 s)
1474 2465 1523 2481 nec
1547 2457 1571 2482 2.
1649 2458 1668 2489 t)
1692 2460 1876 2489 presumerent
1895 2457 1938 2488 0.,
1957 2457 2004 2482 ned

354 2507 547 2536 presurnerctur
571 2503 598 2526 lt.
615 2504 645 2528 G.
735 2504 763 2531 u)
785 2504 878 2528 eudem
901 2505 924 2528 2.
1005 2503 1032 2531 v)
1053 2503 1149 2528 abhinc
1168 2504 1262 2528 ilerum
1279 2508 1390 2535 quartus
1411 2503 1548 2528 librarius.
1647 2503 1680 2534 w)
1703 2503 1774 2528 deest
1794 2503 1835 2534 G..
1854 2503 1901 2527 sed
1921 2505 2005 2528 exulat

353 2551 378 2573 in
403 2549 432 2574 le.
456 2550 487 2574 G.
559 2551 584 2579 x)
608 2550 641 2573 ab
663 2558 718 2573 cxc.
741 2554 779 2573 est
800 2549 950 2574 hominibus
971 2549 1020 2574 cel.
1041 2549 1074 2574 G.
1144 2549 1171 2580 y)
1195 2550 1352 2574 Solotanum
1374 2550 1404 2580 2;
1426 2549 1538 2574 Solouit.
1561 2550 1585 2573 4.
1656 2548 1680 2580 z)
1703 2557 1726 2574 e.
1746 2557 1772 2581 p.
1793 2549 1819 2574 4.
1885 2549 1914 2579 a)
1934 2548 2004 2574 deese

353 2597 378 2620 3,
401 2596 426 2619 4.
497 2594 522 2626 b)
545 2595 701 2619 traditiones
721 2596 745 2618 4.
823 2596 847 2626 c)
870 2603 902 2619 e:
922 2595 1088 2619 damnandos
1108 2603 1174 2620 corr.
1195 2595 1221 2620 3.

463 2711 490 2745 1)
520 2712 574 2745 Ep.
603 2711 670 2743 185,
702 2712 718 2744 ᾗ
744 2710 792 2743 45,
817 2711 859 2737 ed.
885 2711 989 2736 Bened.
1014 2714 1032 2736 t.
1057 2711 1098 2743 II,
1128 2711 1179 2739 col.
1205 2711 1295 2750 661„
1364 2711 1394 2746 2)
1418 2712 1472 2745 Ep.
1497 2719 1574 2746 spur.
1599 2720 1621 2740 c.
1647 2711 1674 2745 3,
1699 2709 1854 2737 Himchius
1877 2718 1909 2744 p.
1937 2709 2006 2736 126.

355 2762 385 2797 3)
409 2763 471 2789 Lib.
496 2762 548 2794 IV,
579 2771 620 2796 ep.
646 2762 695 2794 20,
724 2762 767 2788 ed.
792 2762 893 2788 Ewald
916 2762 940 2794 I,
967 2771 996 2795 p.
1023 2762 1099 2795 2555
1125 2762 1204 2795 Jaffe'
1226 2772 1268 2789 ην.
1290 2762 1378 2789 1292.
1489 2763 1518 2797 4)
1542 2762 1605 2790 Lib.
1629 2762 1671 2795 11,
1695 2771 1738 2797 ep.
1763 2761 1813 2795 22,
1837 2761 1880 2788 ed.
1906 2760 2008 2787 Ewald

356 2814 380 2848 I,
401 2823 429 2848 p.
452 2814 528 2846 119,·
550 2813 629 2846 Jaffd
652 2822 694 2840 nr.
716 2813 805 2841 1175.

2020 2330 2050 2349 Ao

2021 2553 2050 2574 4⁶
