2132 3067
473 156 662 186 LIBELLUS
685 160 839 189 CONTRA
864 163 1080 194 INVASORES
1105 170 1153 196 ET
1176 170 1432 202 SYMONIACOS.
1717 177 1778 208 347

128 241 294 272 ministros
316 242 485 283 infamare
503 254 708 286 presumunt.
755 250 906 283 Nicotaus
929 253 1095 287 Ludovieo
1119 259 1305 301 imperatori
1320 269 1344 294 ¹:
1370 264 1409 295 Si
1431 265 1469 296 de
1491 266 1645 300 Domini³
1669 281 1774 302 saeer-

127 291 268 333 dotibus,
291 295 349 335 qui
370 294 442 326 iure
462 302 576 336 patres
600 299 772 338 dicuntur,
801 303 955 345 aliquodb
982 319 1036 338 vos
1060 311 1178 342 audire
1202 315 1404 355 cont1‘9e7·1't⁰,
1437 318 1524 358 quod
1553 319 1772 360 confusionem

121 344 190 384 piis
212 345 370 377 mentibus
393 348 533 389 inyerat,
565 362 631 382 non
656 352 856 393 infrunitum
867 356 891 396 d,
919 358 977 388 sed
997 360 1200 400 pudoratos⁰
1224 364 1294 395 Noe
1309 367 1400 406 filios
1424 370 1598 411 imitantes,
1624 374 1770 412 patriam

125 396 355 428 verecundiam
386 401 558 442 contegite,
595 407 629 433 ut
660 403 827 446 affluenti,
866 410 1135 449 quemadmodum
1167 421 1194 445 et
1226 415 1291 456 illi,
1330 419 1547 452 benedictione
1579 434 1599 453 a
1628 423 1771 456 Domino

89 458 104 477 5
122 446 243 487 repleri
264 452 466 485 mereamini.
512 453 608 493 Item,
640 460 674 486 ut
702 456 746 486 ait
770 456 931 490 Eusebius
960 461 992 492 in
1017 462 1149 495 historia
1172 466 1407 509 ecelesiastica,
1437 472 1468 502 in
1495 471 1616 504 Nicena
1646 476 1769 516 synodo

121 497 294 539 imperator
311 499 542 535 Constantinus
558 507 804 540 accusatoribus
821 511 1023 543 sacerdotum
1043 514 1163 547 dixitz:
1194 517 1266 550 Vere
1283 521 1312 551 si
1331 524 1482 564 propriis
1499 526 1600 557 oculis
1618 528 1766 559 vidissem

120 551 316 583 sacerdotem
340 553 405 585 Dei
435 561 492 586 aut
523 556 665 598 aliquem
695 570 822 600 eorum,
856 564 914 603 qui
943 566 1141 598 monaeheof
1172 569 1281 601 habitu
1313 574 1425 605 amicti
1453 581 1543 616 sunt,
1572 584 1767 620 peccantem,

118 599 310 633 clamidem&
339 616 441 636 meam
473 608 671 649 emplicarem
703 616 730 641 et
760 615 955 654 cooperirem
985 628 1071 657 eum,
1103 631 1142 650 ne
1172 621 1211 651 ab
1244 622 1355 664 aliquo
1387 626 1562 658 videretur.
1613 628 1767 662 silvester

117 663 211 695 papa,
235 660 270 686 ut
291 656 324 686 in
346 658 447 698 gestis
470 659 538 690 eius
555 659 721 701 habeturss,
744 674 763 693 a
786 663 1023 698 detractoribus
1047 680 1139 701 aures
1164 682 1237 703 suas
1261 675 1353 715 quasi
1377 687 1394 706 a
1418 679 1622 720 serpentibus
1638 692 1764 723 separa-

70 715 97 734 ιο
117 703 169 734 bat
192 704 312 746 dicens,
336 709 423 750 quod
447 710 506 741 hoc
529 723 688 744 venenum
714 725 771 756 per
793 726 887 747 aures
909 718 1092 760 ingressum
1118 724 1276 756 occideret
1292 727 1455 758 animamh
1471 730 1642 762 audientis.
1689 733 1763 765 Hie-

113 766 266 798 ronymus
279 759 311 789 in
325 761 526 802 expositione
539 764 653 804 psalmi
669 765 836 798 XXVIIII
847 768 894 799 5⁴:
908 769 1062 803 Pro-rimo
1074 784 1133 804 suo
1147 775 1363 809 detrahentem
1375 779 1399 819 ¹¹,
1413 780 1430 810 h
1438 792 1498 812 unc
1512 785 1760 825 persequebar¹.

113 807 152 838 In
175 813 303 842 tantum
326 823 391 843 non
416 820 538 854 oportet
562 818 744 848 consentire
768 830 828 850 nos
852 820 1048 863 detrahenti,
1072 830 1107 855 ut
1122 827 1218 858 etiam
1235 835 1391 870 quantum
1411 833 1444 862 in
1464 833 1556 864 nohis
1573 841 1627 875 est,
1649 848 1757 876 perse-

112 870 253 900 quamur
274 862 390 903 talem;
411 866 623 905 providentes
645 869 681 900 in
704 874 840 912 utroque
864 873 1047 916 utilitatem,
1072 882 1105 906 ut
1129 889 1185 908 nec
1208 878 1344 912 libenter
1368 884 1555 923 audiamus,
1586 899 1642 918 nec
1667 888 1755 919 illum

106 913 334 951 permittamus
362 927 511 957 peccare.
559 920 665 951 Tanta
695 923 779 952 enim
807 923 969 956 distantia
993 932 1037 957 est
1062 929 1146 959 inter
1166 937 1383 970 peccautemm
1407 939 1434 964 et
1459 936 1692 977 detrahentem,
1724 947 1759 971 ut

63 973 90 992 1⁵
109 962 161 993 ille
183 965 241 1006 qui
252 965 451 1006 fornicatur
473 980 505 1000 se
522 972 669 1011 occidat;
692 972 747 1004 ille
769 980 874 1006 autem
899 978 956 1018 qui
972 977 1124 1019 detrahit,
1148 986 1175 1012 et
1191 994 1222 1013 se
1239 989 1267 1014 et
1285 983 1373 1015 illum
1399 987 1457 1027 qui
1473 989 1578 1029 audit,
1602 990 1755 1033 demergit

107 1014 166 1045 in*¹
188 1016 369 1057 infernum.
413 1021 615 1062 Augustinus
627 1029 653 1054 ⁵:
676 1024 752 1056 Non
767 1026 882 1066 fratri
903 1040 962 1060 suo
986 1030 1084 1062 dicit:
1107 1032 1239 1074 Tame)
1262 1037 1468 1079 quicunque⁰
1493 1039 1549 1070 hoc
1573 1040 1662 1079 dicit,
1688 1054 1752 1074 non

105 1066 327 1110 ipsifratriP,
349 1072 464 1110 [sedq]
485 1080 617 1114 peccato
638 1077 707 1107 eius
724 1078 898 1118 infensusr
915 1085 968 1112 est.
1013 1082 1171 1125 Alioquin
1196 1098 1270 1117 reus
1293 1089 1353 1119 erit
1374 1089 1543 1130 ⁸qehennae
1566 1094 1666 1134 iynis.
1712 1094 1754 1126 Et

104 1123 178 1158 post
200 1127 340 1160 pauea⁶:
372 1122 411 1154 Si
433 1127 508 1166 quis
532 1134 777 1169 preoccupatus
790 1130 902 1170 fuerit
931 1132 988 1164 hoc
1012 1133 1143 1176 delicto,
1175 1142 1209 1167 ut
1221 1138 1335 1178 fratri
1357 1152 1415 1171 suo
1440 1142 1550 1182 dicat,·
1573 1145 1693 1186 fatue,
1718 1148 1752 1178 id

103 1173 158 1208 est,
187 1182 255 1202 ‘non
285 1174 376 1205 eius-⁵
396 1181 568 1216 peccatum
599 1178 709 1210 volens
740 1181 884 1224 auferre,
915 1187 1136 1218 convicietur²
1168 1190 1308 1230 iniuste;
1336 1203 1459 1232 parum
1483 1199 1527 1225 est
1552 1196 1602 1226 illi
1624 1198 1669 1228 ad
1693 1198 1750 1229 hoc

57 1233 83 1252 2⁰
101 1221 324 1256 redimendum
346 1226 552 1260 elemosinam
566 1230 694 1271 facere,
719 1234 787 1264 nisi
802 1235 909 1274 etiam,
933 1237 1021 1277 quod
1037 1238 1082 1270 ibi
1097 1241 1253 1281 sequitur,
1278 1244 1451 1274 remedium
1470 1248 1750 1281 reconciliationis

101 1273 275 1316 adiungat.
321 1277 499 1319 Sequituru
522 1283 628 1314 enim:
657 1283 708 1315 ‘Si
730 1283 824 1326 offers
846 1299 966 1318 munus
989 1293 1079 1321 tuum
1104 1291 1148 1322 ad
1171 1293 1276 1323 altare
1299 1299 1327 1324 et
1351 1295 1396 1326 ibi
1418 1298 1608 1330 recordatus
1622 1300 1747 1340 fueris,
1768 1312 1918 1339 Matth.5‚23.

99 1326 178 1366 quia
193 1328 309 1367 frater
330 1334 405 1360 tuus
425 1331 518 1363 habet
535 1333 665 1376 aliquid
688 1336 848 1368 adversus
869 1339 908 1368 te'
930 1345 962 1370 et
985 1346 1120 1381 caetera,
1145 1354 1248 1385 usque
1272 1350 1347 1376 tune
1363 1348 1504 1380 veniens.
1550 1350 1601 1382 Ita
1622 1363 1745 1393 parum

98 1381 142 1407 est
171 1381 391 1418 quantaslibet
420 1383 613 1417 elemosinas
634 1387 753 1427 facere
779 1400 843 1430 pro
867 1401 1059 1434 quocunque
1087 1395 1202 1426 scelere
1224 1401 1253 1427 et
1277 1399 1310 1428 in
1334 1401 1567 1433 consuetudine
1590 1403 1742 1435 scelerum

93 1439 295 1468 permanere.
339 1433 429 1465 Idem
441 1441 465 1466 ⁷:
495 1437 615 1468 Odium
645 1451 702 1470 nec
727 1442 887 1481 passione
914 1443 1084 1484 adimitur,
1115 1458 1172 1477 *nec
1202 1451 1361 1491 martyrio
1385 1452 1551 1493 eoepiatur,
1583 1466 1640 1486 nec
1661 1456 1744 1496 fuso

49 1491 76 1510 2⁵
95 1483 260 1522 sanquine
282 1484 416 1518 deletur.
460 1487 642 1521 Detrahere
673 1496 778 1523 autem
803 1505 867 1534 per
897 1495 1005 1526 odium
1037 1497 1076 1528 de
1106 1498 1206 1529 altero
1238 1501 1293 1530 sui
1322 1503 1480 1534 commodi
1508 1516 1612 1536 eausa
1638 1509 1744 1549 mayis

94 1537 138 1562 est
160 1539 275 1566 eontra
298 1542 464 1579 naturam,
495 1551 594 1582 quam
623 1553 720 1583 mors,
751 1555 847 1584 quam
871 1546 974 1588 dolor,
1003 1548 1051 1579 vel
1083 1555 1211 1581 caetera
1243 1552 1434 1584 huiusmodi
1464 1555 1562 1587 mala.
1608 1557 1667 1588 His
1699 1560 1743 1590 ita

91 1586 257 1624 premissis
281 1587 321 1619 de
344 1589 602 1623 diffamatoribus
631 1594 699 1624 sive
729 1594 963 1629 detractoribus
987 1600 1206 1632 ministrorum
1229 1602 1307 1643 Dei,
1338 1605 1537 1646 pensandum
1569 1616 1617 1639 est
1648 1609 1742 1642 valde

91 1641 122 1666 et
143 1639 242 1670 menti
265 1639 361 1671 altius
384 1642 596 1685 infigendum,
628 1646 655 1676 si
678 1647 715 1686 is,
744 1648 799 1689 qui
823 1648 963 1682 detrahit
985 1651 1183 1693 quibuslibet
1206 1654 1280 1685 vel*
1305 1655 1382 1687 dicit
1404 1656 1482 1688 illis:
1513 1659 1644 1701 ‘Fatue’,
1676 1668 1739 1693 tam

88 1689 280 1728 gravissime
310 1693 456 1734 punitur,
491 1705 554 1737 qua
587 1696 774 1738 plectendus
805 1701 846 1731 sit
875 1713 895 1732 a
922 1702 1095 1734 Dominow
1125 1705 1424 1739 animadversionex
1459 1711 1512 1751 qui
1543 1710 1738 1746 diffamando

43 1747 70 1767 ³⁰
88 1739 226 1772 detrahit
255 1743 418 1786 patribus,
453 1747 576 1778 scilieet
599 1748 661 1780 Dei
693 1751 914 1784 sacerdotibus
945 1760 977 1785 et
1008 1754 1140 1798 reliquis
1171 1758 1240 1788 eius
1268 1759 1438 1799 ministris:
1473 1767 1504 1792 et
1526 1773 1590 1794 non
1614 1770 1736 1796 tantum

88 1790 163 1824 dicit
185 1793 267 1826 illir:
292 1796 423 1836 ‘Fatue',
448 1798 504 1829 sed
528 1798 650 1842 aliquid
675 1801 775 1833 multo
799 1803 1097 1846 incomparabiliter
1119 1811 1260 1849 gravius.

660 1898 795 1928 QUINTA
812 1901 858 1925 ET
879 1901 994 1927 SEXTA
1014 1903 1159 1930 DIVISIO.

188 1943 217 1975 7.
262 1943 356 1976 Nunc
379 1945 419 1977 de
443 1947 502 1988 his,
526 1949 580 1990 qui
603 1949 749 1982 districto
774 1952 835 1983 Dei
860 1954 979 1985 iudicio
1002 1956 1069 1987 sive
1092 1957 1206 1989 timore
1229 1961 1409 2000 postposito
1433 1961 1561 1992 eosdem
1586 1962 1636 1993 vel
1660 1974 1731 2005 per-

82 1995 172 2036 sequi
199 1995 320 2028 audent
349 1997 402 2028 vel
436 1998 590 2040 iudicare,
624 2001 697 2033 Deo
729 2003 823 2044 duce,
858 2016 1099 2048 persequamur.
1152 2009 1243 2041 Sicut
1273 2012 1420 2052 superius
1451 2013 1573 2044 dietum
1605 2021 1683 2054 estss,
1712 2027 1729 2046 a

36 2094 64 2115 ⁸⁶
189 2096 218 2128 a)
239 2097 353 2123 dominis
374 2099 452 2124 codd.
519 2101 545 2132 b)
568 2102 668 2135 aliquid
688 2103 751 2128 ΒΞ.
820 2105 848 2137 e)
869 2108 1031 2139 contingerit
1053 2109 1130 2134 132«.
1203 2111 1229 2142 d)
1253 2112 1289 2136 ita
1312 2112 1388 2137 Ninu:
1408 2114 1434 2137 in
1456 2114 1579 2140 srenitum
1601 2116 1626 2139 B
1640 2118 1667 2146 13
1688 2117 1727 2141 in-

81 2141 211 2168 fremitum
231 2143 318 2176 B2a3
338 2146 490 2171 infrumite‘?
510 2147 534 2170 B
546 2147 587 2172 2h.
664 2153 688 2179 e)
710 2151 841 2183 pudorate
855 2152 916 2178 BQ.
992 2154 1014 2184 f)
1035 2156 1192 2181 monachico
1206 2157 1232 2181 Β
1245 2159 1275 2188 1;
1294 2159 1434 2184 monadico
1452 2159 1477 2183 Β
1489 2160 1530 2185 Ξό.
1605 2164 1633 2194 g)
1655 2162 1726 2187 chla-

80 2188 184 2219 mydem
198 2189 224 2213 B
235 2189 259 2215 2.
335 2191 362 2223 h)
385 2193 488 2217 animas
502 2193 528 2217 Β
539 2194 562 2218 2.
640 2195 661 2227 i)
682 2198 839 2222 centesimi?
859 2198 884 2222 Β
896 2198 936 2224 Ξὸ.
1012 2201 1042 2229 k)
1064 2200 1100 2225 ito
1114 2202 1205 2232 Hier.,·
1226 2204 1375 2229 detrahenti
1390 2206 1466 2230 codd.
1542 2207 1560 2231 1»
1584 2216 1725 2241 perseque—

78 2233 154 2259 batur
172 2234 250 2261 B2a.
344 2238 382 2268 m)
402 2238 577 2264 fornicantem
598 2240 674 2266 Hier.
696 2242 772 2267 Bet.
868 2245 898 2277 n)
919 2246 945 2270 in
966 2247 1013 2271 inf.
1035 2247 1088 2273 des.
1108 2247 1200 2274 Hier..-
1226 2250 1362 2283 demergat
1380 2251 1458 2277 Hier.
1547 2258 1572 2284 0)
1601 2255 1645 2286 qui
1666 2263 1725 2280 cum

77 2278 127 2304 hoe
144 2280 212 2314 Auq.
287 2282 317 2315 p)
337 2284 497 2310 fraternitati
516 2285 584 2318 Auq.
661 2288 687 2320 q]
708 2289 779 2313 deest
795 2291 870 2315 codd.
945 2294 969 2321 r)
986 2301 1019 2317 ez
1038 2294 1151 2319 infessus
1171 2304 1204 2320 m.
1222 2297 1246 2320 ⁶2.
1267 2296 1292 2320 Β
1306 2299 1328 2321 1.
1395 2297 1420 2328 s)
1440 2299 1462 2323 is
1482 2298 1508 2322 Β
1521 2301 1544 2324 1.
1619 2304 1640 2329 t)
1661 2310 1723 2326 eou-

32 2324 60 2344 ⁴0
76 2326 188 2352 vincitur
207 2327 266 2354 B1.
281 2329 335 2353 2αἱῖ
348 2329 372 2355 ὀ.
438 2332 468 2361 u)
488 2332 530 2356 Ibi
551 2334 620 2357 enim
641 2335 760 2367 sequitur
772 2336 840 2369 Aug.
909 2338 937 2370 v)
958 2339 1028 2363 deest
1042 2339 1098 2364 Be.
1166 2342 1198 2373 w)
1223 2343 1265 2367 dffi
1280 2343 1337 2367 Bi.
1406 2346 1434 2374 x)
1455 2345 1612 2371 adversione
1627 2347 1652 2371 B
1663 2349 1684 2372 1.
1698 2348 1722 2373 2.

76 2370 104 2403 y)
123 2372 168 2397 ille
190 2373 266 2399 3212.

181 2463 209 2497 1)
231 2463 331 2491 Μαηεί
354 2466 419 2498 XV,
444 2467 495 2494 col.
513 2467 590 2502 443;
611 2469 698 2503 Jafse'
722 2471 814 2498 2791.
903 2473 931 2507 2)
956 2474 1042 2501 Immo
1062 2475 1245 2503 Tleeoclorelus
1268 2479 1296 2504 in
1322 2480 1397 2507 Hist.
1421 2481 1486 2508 eccl.
1509 2481 1532 2514 I,
1557 2491 1581 2508 c.
1601 2483 1635 2508 11
1661 2483 1718 2515 (ea'.

74 2510 204 2548 Readiny
222 2514 312 2549 1748,
334 2518 384 2544 col.
402 2518 465 2551 33),
489 2520 538 2546 sed
554 2529 606 2546 non
624 2530 657 2547 ex
676 2521 844 2549 Theodoreto
867 2524 935 2558 ipso,
961 2526 1040 2551 immo
1058 2536 1090 2553 ex
1107 2529 1200 2555 eadem
1217 2530 1337 2557 Nicolai
1359 2532 1474 2565 epistola
1491 2533 1530 2559 ad
1547 2534 1716 2561 Luam-icum

73 2561 266 2597 imperatorem
289 2569 367 2601 data,
390 2569 477 2603 Jafse'
500 2571 590 2603 2791,
623 2573 780 2600 Deusdedit
802 2575 928 2602 hausisse
952 2582 1087 2612 apparet:
1112 2579 1144 2605 In
1168 2580 1318 2615 scripturis
1340 2587 1475 2609 narratur
1497 2584 1716 2612 Constantinum

6 2595 7 2609 ἰ
27 2613 54 2634 ⁴⁵
73 2611 274 2648 imperatorem
298 2618 402 2646 dixisse
427 2625 475 2651 etc.
524 2622 568 2655 Cf.
593 2624 706 2652 Bonitlz.
730 2626 801 2652 liber
823 2628 862 2653 ad
884 2628 1002 2654 amicum
1027 2630 1068 2663 II,
1092 2631 1194 2657 Libelli
1215 2633 1239 2664 J,
1260 2642 1292 2667 p.
1312 2634 1383 2661 574.
1476 2635 1506 2670 3)
1529 2637 1600 2663 Bon.
1625 2637 1714 2663 Mom-

6 2652 9 2686 l
72 2663 170 2692 britius
189 2667 391 2697 Sanctuarium
414 2673 455 2706 II,
473 2673 530 2706 fol.
549 2674 618 2702 279.
686 2676 714 2710 4)
738 2677 920 2705 Brem'arium
944 2680 972 2706 in
992 2682 1089 2715 psalt„
1110 2691 1154 2716 ps.
1174 2683 1202 2716 C,
1231 2683 1301 2719 Opp.
1323 2685 1386 2720 VII,
1410 2687 1460 2715 col.
1479 2687 1548 2715 269.
1616 2689 1645 2722 5)
1670 2690 1715 2715 De

71 2715 182 2745 civitate
204 2720 263 2746 Dei
283 2721 369 2755 XXI,
395 2733 417 2751 c.
436 2724 485 2757 27,
513 2724 583 2759 Opp.
608 2726 671 2761 VII,
695 2729 747 2755 col.
772 2729 827 2755 651
853 2730 890 2757 Ε.
1011 2733 1040 2763 6)
1064 2734 1138 2760 Ιὸίᾱ.
1162 2736 1212 2762 col.
1238 2736 1295 2762 651
1321 2737 1355 2765 F.
1472 2739 1499 2773 7)
1523 2740 1587 2765 Xon
1610 2740 1714 2766 invenit

9 2791 11 2806 1
70 2765 158 2795 Mirbt
181 2770 248 2798 ‘Die
270 2772 398 2808 Stelluny
420 2775 572 2810 Augustius
594 2778 624 2804 in
647 2779 697 2805 der
716 2780 881 2807 Publioistik
903 2783 952 2810 des
975 2784 1228 2819 Greyoriarzz'seherz
1244 2789 1477 2822 Isirchemtmds',
1504 2791 1593 2823 1888,
1614 2800 1644 2825 p.
1663 2792 1711 2818 32.

10 2817 13 2869 l
70 2816 100 2852 8)
119 2819 216 2854 Supra
233 2831 265 2856 p.
283 2824 353 2851 341.

11 2884 13 2909 Ι

11 2939 13 2964 l

1425 2895 1476 2918 44*
