2132 3067
353 160 411 189 140
750 160 901 186 LIBELLI
925 159 1121 186 BERNALDI
1144 159 1381 186 PRESBYTERI
1403 159 1589 187 MONACHI.

351 251 541 282 Macedones
565 250 734 290 episcopos
758 249 941 279 seribcns¹:
973 247 1066 284 Quod
1090 250 1276 289 necessitas,
1298 249 1412 290 inquit,
1434 260 1496 289 pro
1522 249 1660 279 remedio
1683 249 1838 290 repperit,
1862 250 1994 279 necessi-

349 308 412 333 tate
435 307 579 333 cessante
604 301 690 331 debet
716 301 824 342 utique
847 311 973 331 cessare
995 301 1133 341 pariter,
1157 300 1244 342 quod
1268 300 1422 341 uryebat;
1448 301 1527 341 quia
1553 299 1640 331 alius
1665 299 1744 331 ordo
1761 305 1805 330 est
1820 299 1994 341 legitimus,

350 353 419 384 alia
446 353 629 393 usurpatio,
654 363 747 392 quam
773 351 817 382 ad
836 362 974 392 presens
989 351 1069 391 fieri
1091 357 1216 392 tempus
1241 351 1385 393 impellit.
1431 351 1471 381 Et
1503 351 1669 391 aduertite,
1698 351 1784 392 quod
1813 353 1932 394 uti'que,
1963 357 1996 382 ut

349 405 470 444 «licitis,
502 404 675 435 necessitas
706 404 888 444 imperauit,
918 403 953 433 in
979 414 1063 443 pace
1092 404 1159 443 iant
1183 404 1357 434 aecclesias
1381 403 1575 433 constitutas
1598 413 1663 433 non
1682 414 1778 444 posse
1798 413 1994 444 presumere.

351 456 419 486 Hac
444 456 566 486 ratione
591 455 703 485 beatus
729 454 934 485 Innocentius
957 460 1112 485 statutum
1137 454 1249 485 Niceni
1274 453 1401 485 concilii
1432 453 1472 484 de
1503 453 1652 485 hereticis
1683 464 1755 484 cum
1785 453 1896 485 ordine
1918 453 1997 484 reei-
2015 465 2027 484 τι

350 507 474 549 piendis
499 517 561 538 non
586 507 648 536 iam
673 505 912 536 adtendendum
937 507 1084 545 asseruit,
1109 517 1146 538 eo
1170 505 1255 548 quod
1280 507 1343 536 iam
1368 506 1543 536 necessitas
1567 505 1620 536 illo
1644 513 1788 547 tempore
1813 506 1875 536 iam
1896 511 1996 536 trans-

349 559 432 598 ierit,
457 570 539 601 quae
562 557 699 589 Nicenos
722 563 829 599 patres
853 558 897 588 ita
918 556 1115 588 Novatianos
1139 558 1282 599 recipere
1305 556 1508 599 compulerit.
1547 557 1641 589 Unde
1662 562 1693 588 et
1712 557 1866 588 Affricani
1890 562 1997 599 patres

349 621 418 652 cap.
439 610 600 641 XXXIIJ
625 609 848 650 decreverunt,
873 620 912 640 ne
934 609 1127 640 Donatistae
1151 620 1223 640 cum
1249 609 1361 640 ordine
1386 609 1604 651 reciperentur
1627 608 1688 640 illis
1710 614 1817 640 tamen
1841 609 1995 650 exeeptis,

352 673 407 704 per
431 672 566 703 quorum
592 661 827 703 susceptionem
851 660 1110 692 aecclesiasticae
1134 660 1260 692 utilitati
1287 660 1515 693 consuleretur.

458 713 507 744 De
532 712 580 744 his
604 718 722 753 autem,
747 723 829 755 quae
853 723 915 743 non
939 711 1185 754 dispensatorie,
1209 712 1264 743 sed
1288 713 1482 754 generaliter
1498 713 1643 743 instituta
1658 718 1742 750 sunt,
1765 716 1896 743 sanetus
1912 710 1998 742 Leo³
2017 722 2044 742 ιο

352 776 436 807 papa
460 765 484 796 I.
510 764 658 795 omnibus
684 764 845 806 episcopis
869 763 1014 795 scribens
1038 770 1187 795 testatur:
1217 764 1305 805 Non,
1335 765 1449 806 inquit,
1480 765 1515 795 in
1539 765 1734 805 cuiusquam
1754 774 1902 805 persona
1919 773 1996 805 pre-

351 817 588 848 termittendum
612 821 668 857 est,
692 817 778 858 quod
802 817 835 846 in
858 815 1068 857 ycueralibus
1089 817 1222 847 statutis
1245 817 1438 847 continetur.
1485 816 1576 854 Quae
1600 815 1695 846 etiam
1720 813 1892 846 Gelasius⁴
1914 818 1999 856 papa

352 879 479 910 semper
507 868 698 910 regulariter
728 866 939 899 custodienda
969 867 1100 906 iudicat,
1131 867 1190 897 nisi
1215 866 1324 909 aliqua
1346 867 1395 899 vel
1420 878 1525 898 rerum
1550 866 1599 898 vel
1623 872 1804 908 temporum
1827 870 2001 908 perurgeat

351 921 511 961 angustia.
556 919 636 950 Nam
669 926 701 951 et
731 920 770 951 de
801 919 850 950 his
883 930 1112 961 nonnunquam
1143 918 1264 961 aliquid
1297 920 1399 950 sancti
1433 926 1538 960 patres
1569 919 1731 950 remisisse
1760 917 1911 960 leguntur
1941 927 1998 960 pro

351 972 542 1003 necessitate
565 976 762 1013 temporum:
786 976 820 1001 ut
843 971 873 1000 in
899 971 1101 1001 ordinatione
1126 972 1229 1001 saneti
1253 970 1450 1011 Ambrosii⁵,
1474 981 1567 1012 quem
1592 982 1632 1001 ex
1656 969 1809 1012 neophito
1833 969 1999 1001 ordinave—
2020 980 2046 999 ιε

352 1030 435 1063 runt,
469 1022 555 1064 quod
587 1028 693 1054 tamen
726 1021 913 1064 generaliafl
944 1033 1101 1053 canonum
1136 1028 1256 1054 statuta
1290 1022 1534 1064 prohibuerunt.
1591 1022 1669 1053 Item
1700 1021 1785 1053 idem
1815 1021 1914 1062 Leo⁶‚
1944 1022 1999 1064 qui

351 1085 456 1116 supra,
482 1074 638 1116 quosdam
663 1086 704 1105 ex
728 1074 817 1105 laicis
841 1073 1005 1104 ordinatos
1029 1074 1059 1104 in
1083 1074 1272 1116 episcopatu
1296 1074 1507 1113 confirmavit,
1530 1072 1607 1105 licet
1629 1078 1661 1104 et
1682 1073 1743 1104 hoc
1765 1073 1869 1104 sancti
1893 1078 2000 1115 patres

352 1126 544 1167 generaliter
567 1127 628 1156 iam
656 1125 886 1167 prohibuerint.

459 1177 541 1208 Cum
565 1183 671 1208 autem
695 1177 804 1219 aliqua
827 1175 992 1208 rationalis
1022 1187 1119 1207 causa
1148 1177 1332 1215 occurrerit,
1363 1187 1445 1218 quae
1469 1187 1578 1207 sacros
1602 1187 1741 1207 canones
1765 1175 1998 1218 aliquantulum

354 1229 521 1271 temperari
554 1229 707 1270 exegerit,
739 1239 867 1270 semper
897 1227 950 1259 illa
980 1228 1122 1258 eiusdem
1149 1227 1285 1259 Leonis⁷
1311 1229 1469 1259 sententia
1499 1227 1539 1258 ad
1565 1227 1734 1258 Rusticum
1757 1227 2000 1259 Narbonensem
2019 1237 2046 1256 2⁰

353 1281 541 1322 episcopum
567 1280 703 1311 fideliter
726 1287 772 1310 cst
796 1279 949 1311 tenenda:
982 1279 1086 1318 Sicut,
1110 1280 1224 1321 inquit,
1249 1281 1410 1322 quaedam
1435 1285 1522 1320 sunt,
1553 1291 1637 1322 quae
1658 1279 1751 1310 nulla
1776 1281 1904 1311 ratione
1925 1291 1999 1310 con—

355 1332 426 1364 velli
450 1337 603 1374 possunt,
634 1333 680 1362 ita
706 1331 869 1363 nonnulla
893 1336 979 1371 sunt,
1009 1343 1092 1372 quae
1115 1337 1174 1362 aut
1194 1343 1256 1372 pro
1279 1331 1539 1363 consideratione
1564 1336 1705 1362 aetatum
1731 1335 1790 1361 aut
1807 1341 1873 1372 pro
1896 1341 2000 1362 neces—

352 1386 446 1415 sitate
469 1395 578 1415 rerum
602 1388 748 1425 oporteat
772 1385 960 1424 temperari,
990 1382 1049 1414 illa
1077 1393 1203 1425 semper
1226 1383 1419 1414 condicione
1446 1388 1587 1422 servata,
1616 1386 1650 1413 ut
1682 1383 1718 1413 in
1749 1383 1811 1423 his,
1840 1393 1925 1424 quae
1954 1381 2001 1413 vel

353 1435 452 1466 dubia
475 1435 610 1476 fuerint
640 1434 688 1465 vel
719 1435 867 1474 obscura,
898 1435 935 1465 id
963 1436 1150 1466 noverimus
1181 1435 1388 1477 sequendum,
1419 1434 1506 1476 quod
1533 1446 1591 1465 nec
1616 1435 1776 1476 preceptis
1798 1434 2001 1476 euangelicis

353 1488 556 1518 contrarium
580 1498 636 1517 nec
661 1487 795 1518 decretis
818 1491 1005 1518 sanctorum
1029 1491 1163 1527 patruni
1188 1487 1378 1517 inveniatur
1401 1487 1584 1517 ‹ulum-sum.
2019 1495 2047 1514 τε,

460 1538 553 1569 Hanc
577 1545 683 1569 autem
708 1537 889 1569 facultatem
914 1537 1196 1579 temperandorum
1222 1538 1289 1569 sive
1313 1537 1538 1568 mutandorum
1570 1547 1727 1568 canonum
1753 1536 1898 1569 Romano
1924 1547 2001 1579 pon-

354 1590 430 1620 tifici
463 1590 664 1631 potissimum
697 1589 843 1620 adiacere
873 1601 936 1620 non
968 1589 1163 1628 dubitamus,
1196 1595 1231 1620 ut
1260 1590 1361 1620 sancti
1393 1594 1502 1632 patres
1533 1589 1722 1620 docuerunt.
1776 1588 1858 1619 Nam
1889 1588 2001 1620 beatus

355 1640 523 1673 Gelasiusss
548 1647 579 1672 et
602 1641 795 1672 Nicholaus⁹
825 1652 910 1683 papa
941 1642 1065 1683 primus
1095 1642 1125 1671 in
1155 1640 1293 1672 decretis
1323 1652 1443 1680 eorum,
1473 1640 1681 1672 Simachus·⁰
1704 1650 1780 1671 vero
1803 1641 1835 1671 in
1858 1639 2001 1681 generali

353 1693 488 1735 synod0‚
513 1693 641 1724 diverso
658 1693 787 1735 quidem
809 1698 962 1735 tempore7
988 1692 1043 1724 sed
1068 1692 1180 1723 eadem
1205 1704 1294 1730 voce,
1316 1693 1355 1724 de
1372 1693 1507 1724 Romani
1533 1692 1694 1734 pontificis
1717 1692 1907 1723 auctoritate
1930 1702 2001 1734 pro-

353 1745 458 1776 testati
483 1751 569 1776 suut:
593 1745 802 1784 Necessaria,
826 1745 984 1786 inquiunt,
1004 1756 1113 1776 ¹rerum
1131 1745 1345 1786 dispositione
1361 1745 1623 1786 coustrinyimur
1647 1748 1674 1774 et
1696 1742 1896 1785 apostolicae
1916 1744 2001 1775 sedis
2019 1753 2047 1773 so

355 1797 573 1828 moderamine
603 1798 814 1827 convenimur
844 1798 890 1827 sic
921 1808 1085 1828 canonum
1113 1801 1325 1838 paternorum
1355 1797 1483 1828 decreta
1512 1795 1634 1827 librare
1665 1800 1692 1827 et
1720 1799 1804 1826 retro
1830 1795 2000 1837 presulum

353 1849 616 1890 decessorumque
646 1853 827 1879 nostrorum
858 1853 1011 1890 precepta
1041 1848 1164 1888 metiri,
1195 1853 1240 1888 ut,
1271 1859 1354 1889 quae
1382 1849 1583 1889 presentium
1618 1848 1794 1879 necessitas
1827 1851 2000 1888 temporum

355 1901 585 1931 restaurandis
602 1900 788 1931 aecclesiisb
806 1899 959 1941 deposcit,
983 1900 1135 1930 adhibita
1152 1899 1413 1931 consideratione
1429 1900 1592 1941 clilz'yenti'‚
1615 1903 1774 1940 quantum
1794 1903 1896 1940 potest
1911 1899 2000 1939 fieri,

353 1957 568 1993 temperemus.

458 2003 524 2034 Nec
549 2003 683 2043 mireris,
713 2003 738 2033 si
765 2003 896 2033 Romani
922 2002 1092 2044 pontifices
1117 2003 1198 2033 hanc
1222 2014 1350 2044 semper
1373 2002 1579 2044 peculiariter
1607 2001 1776 2032 habuerint
1799 2006 2000 2043 potestatem,
2019 2013 2047 2032 οε»

354 2062 387 2085 ut
412 2066 550 2085 canones
574 2066 631 2096 pro
656 2061 800 2096 tempore
823 2053 1059 2095 dispensarent.
1111 2054 1175 2096 Ipsi
1207 2055 1290 2085 enim
1321 2061 1395 2085 sunt
1418 2061 1566 2085 auctores
1590 2064 1750 2084 canonum
1775 2060 1807 2084 et
1829 2052 1883 2084 illa
1907 2054 2000 2084 sedes

354 2118 480 2148 semper
511 2106 623 2137 habuit
652 2106 711 2136 hoc
742 2105 959 2147 privilegium,
993 2111 1027 2136 ut
1055 2105 1189 2146 ligatum
1224 2105 1273 2136 vel
1309 2105 1446 2136 solutum
1482 2107 1532 2144 sit,
1564 2104 1717 2147 quicquid
1752 2105 1823 2146 ipsa
1852 2104 2001 2147 ligaverit

355 2157 401 2188 vol
426 2157 567 2189 solverit.
620 2157 714 2188 Unde
743 2158 833 2188 iuxta
857 2158 1092 2188 attestationem
1119 2163 1302 2188 sanctorum
1327 2164 1452 2199 patrum
1478 2157 1628 2188 omnibus
1651 2156 1818 2188 aecclesiis
1843 2157 2000 2199 preminet

354 2217 383 2240 ct
408 2209 446 2239 dc.
471 2209 618 2240 omnibus
643 2209 786 2240 iudicare
810 2214 925 2250 potest.
980 2208 1051 2239 Hoc
1082 2210 1193 2251 utique
1224 2209 1430 2251 privilegium
1461 2208 1547 2239 nulla
1570 2209 1745 2250 indignitas
1769 2209 1998 2250 presidentium

355 2262 542 2292 imminuere
566 2261 683 2302 poterit
706 2266 877 2291 attestante
902 2260 1087 2290 beatissimo
1112 2271 1197 2302 papa
1220 2261 1344 2292 Leone:
1370 2261 1451 2298 Etsi,
1475 2261 1587 2302 inquit,
1611 2272 1851 2302 nonnunquam
1869 2261 2001 2292 diversa
2017 2271 2046 2290 «o

355 2318 430 2343 sunt
462 2314 579 2342 merita
609 2311 790 2353 presulum,
827 2313 900 2341 iura
931 2316 1038 2342 tamen
1066 2318 1262 2354 permanent
1297 2313 1438 2351 sedium,
1473 2312 1591 2353 quibus
1625 2316 1763 2353 possunt
1797 2311 1895 2343 emuli
1924 2323 1998 2353 per-

355 2364 566 2394 turbationem
593 2364 737 2404 aliquam
755 2363 918 2404 fortassis
940 2363 1073 2403 inferre,
1100 2375 1161 2394 non
1188 2369 1289 2394 tumen
1315 2368 1452 2404 possunt
1478 2365 1620 2394 minuere
1643 2363 1844 2404 riiynitatem.
1895 2362 1996 2395 Nec¹¹

355 2416 422 2457 ipsc
453 2421 583 2445 sanctus
608 2415 731 2453 Petrus,
762 2414 898 2445 necdum
930 2414 1047 2456 aliquis
1070 2415 1234 2446 Romanae
1265 2415 1349 2445 sedis
1381 2415 1565 2456 episcopus,
1595 2414 1733 2456 aliquem
1758 2424 1850 2445 suum
1877 2424 2000 2446 succes-

354 2478 458 2497 sorem
483 2466 590 2508 aliquo
615 2465 792 2508 proiudicio
816 2478 852 2497 ea
877 2473 1034 2507 potestate
1062 2467 1210 2507 privavit,
1240 2467 1315 2508 quin
1344 2465 1455 2497 eadem
1484 2467 1674 2497 auctoritate
1701 2466 1788 2497 omni
1814 2465 1999 2505 aecclesiae,

464 2551 492 2570 ab
513 2554 544 2569 cs
565 2555 661 2569 rasura
686 2546 708 2570 7.
784 2546 810 2572 l»)
832 2545 977 2568 1·‹-lnxan‹1n
998 2545 1061 2569 add.
1084 2545 1138 2570 Gel.
2017 2555 2046 2574 ⁴5

464 2614 490 2647 l)
515 2614 545 2639 C.
570 2614 597 2639 5.
624 2614 651 2645 (ἱ,
675 2613 773 2638 filati-<i
799 2616 817 2637 t.
843 2613 900 2638 III.
931 2613 980 2638 rol.
1010 2614 1098 2641 10⁸1,
1129 2613 1221 2646 1062,-
1251 2613 1329 2645 Jaffe'
1359 2622 1400 2639 ur.
1425 2612 1494 2638 303.
1616 2613 1645 2646 2)
1670 2611 1755 2637 Immo
1779 2621 1801 2639 c.
1820 2612 1858 2639 35
1882 2611 1998 2647 (Dion.-

359 2666 474 2698 Ναόν),
501 2675 524 2691 r.
547 2673 633 2699 supra
654 2674 683 2697 p,
702 2664 751 2690 56.
854 2664 882 2688 3)
910 2664 960 2697 Iz'p.
985 2673 1061 2697 spur.
1086 2665 1124 2689 ad
1149 2664 1236 2697 Afric.
1261 2673 1313 2698 sp..
1338 2663 1489 2689 Hinscliius
1508 2672 1537 2697 p,
1558 2663 1626 2690 622⁷.
1730 2663 1759 2697 4)
1782 2663 1839 2698 Ep.
1859 2663 1905 2696 14,
1929 2673 1952 2690 c.
1970 2664 1998 2697 2,

357 2718 397 2743 ΠΙ.
426 2717 500 2742 ΤΙιὶεἰ
524 2716 546 2748 I,
566 2725 597 2750 p.
617 2716 692 2747 3⁴32;
718 2715 754 2748 ‘'s-
779 2725 863 2749 supra
886 2725 915 2749 p.
937 2715 1004 2741 117.
1072 2716 1101 2741 ἴῆ
1132 2715 1160 2741 1'.
1184 2724 1270 2749 supra
1291 2725 1322 2749 p.
1342 2715 1410 2741 HT.
1478 2716 1507 2748 6)
1531 2715 1586 2749 Ep.
1607 2715 1652 2747 12,
1677 2724 1699 2741 c.
1719 2715 1746 2747 5,
1769 2724 1858 2749 supra
1877 2724 1907 2750 p.
1928 2715 1998 2742 117.

358 2770 386 2802 T)
412 2770 463 2803 lz'p.
485 2768 552 2801 16'1‘,
576 2768 617 2794 ml.
644 2767 750 2793 muller.
774 2770 792 2794 t.
812 2767 834 2794 J.
859 2767 910 2792 col.
934 2766 1030 2798 1419;
1052 2767 1131 2798 «Ιοχὶίἷ
1154 2776 1196 2792 ur.
1215 2767 1284 2796 54⁴,
1374 2767 1403 2796 S)
1426 2767 1480 2801 Ep.
1502 2767 1548 2799 14,
1572 2776 1594 2793 c.
1615 2767 1640 2798 1,
1665 2767 1707 2792 ed.
1735 2766 1812 2792 Tln'et
1834 2766 1859 2800 I,
1880 2775 1909 2800 p,
1927 2766 1999 2792 362.

357 2824 385 2846 Ην
413 2821 442 2846 Iu
467 2819 585 2846 decretis
609 2819 724 2845 ,x'icolai
747 2828 798 2843 non
823 2818 923 2844 ini-rui.
1015 2817 1063 2843 105
1087 2818 1191 2850 Synod.
1213 2827 1300 2851 spur..
1327 2818 1480 2843 Hiuschius
1500 2827 1528 2851 p.
1547 2818 1616 2844 679.
1719 2819 1767 2852 11)
1789 2817 1850 2844 Nee
1873 2817 1935 2852 ipsc
1959 2832 1997 2837 —
2017 2825 2045 2845 ⁵0

357 2871 526 2906 «Is-posuisse
550 2870 685 2905 leguntur
708 2871 749 2903 (p.
772 2870 838 2901 141,
864 2870 880 2896 Ι,
900 2869 952 2901 28)
975 2878 1008 2894 er
1033 2869 1186 2894 Iliucmaro
1209 2868 1360 2902 (Turi-iau.
1384 2869 1402 2894 l.
1421 2869 1444 2901 Ι,
1469 2879 1491 2896 c.
1510 2870 1558 2902 28,
1581 2879 1610 2903 p.
1631 2869 1713 2902 124).
