2132 3067
334 168 373 199 88
735 167 887 194 LIBELLI
914 166 1110 192 BERNALDI
1135 166 1371 193 PRESBYTERI
1394 165 1579 193 MONACHI.

332 261 463 300 perlinit
481 258 652 296 aecclesiis,
680 261 711 287 ul
730 257 762 286 ιή
778 261 905 298 partem
925 260 1055 287 uocatae
1071 256 1138 286 sint
1154 255 1398 294 sollicitudinis,
1419 267 1479 286 non
1500 256 1533 286 in
1546 255 1788 296 plenitudinem
1802 256 1984 298 potestatis.

336 311 427 341 [mh-
453 309 574 352 liquido
598 308 846 348 demonstratur,
871 308 956 349 quod
981 307 1117 349 quilibet
1139 307 1312 348 episcopus
1334 317 1393 337 nec
1417 317 1514 348 super
1535 318 1666 348 gregem
1692 306 1753 338 sibi
1777 307 1984 338 commissum

334 370 452 393 tantam
480 365 693 402 potestatem³
716 359 842 397 habeat,
867 365 1022 401 quantum
1048 357 1155 400 presul
1179 357 1386 399 apostolicus,
1411 358 1467 399 qui
1491 357 1566 389 licet
1589 369 1697 389 euram
1719 369 1811 389 suam
1829 359 1860 389 in
1878 359 1985 400 singu-

332 414 377 443 los
403 414 575 454 episcopos
598 411 755 449 diviserit,
781 411 967 441 nullomodo
992 418 1097 441 tamen
1115 421 1149 440 se
1166 410 1271 451 ipsum
1297 410 1375 440 suab
1400 409 1577 441 universali
1595 416 1625 441 et
1642 410 1812 452 principali
1829 415 1987 452 potestate

334 466 483 506 privavit,
510 465 593 494 sicut
618 474 675 493 nec
700 473 756 494 rex
781 473 870 494 suam
897 462 1036 503 regalem
1062 463 1237 504 potentiam
1263 461 1423 500 diminuit,
1453 461 1528 492 licet
1551 473 1685 503 regnum
1710 473 1803 493 suum
1828 463 1859 493 in
1883 462 1986 493 diver·
2005 474 2018 493 5

333 528 384 547 sos
415 516 523 554 ‹ltu-es,
555 515 689 545 comites
721 515 787 545 sive
819 513 941 545 iudices
973 513 1130 544 diviserit.
1187 512 1269 544 Cum
1300 519 1400 554 ergo⁰
1432 513 1570 544 domnus
1600 513 1798 555 apostolicus
1832 515 1863 545 in
1898 515 1986 545 omni

333 567 491 599 aecelcsia
514 574 577 598 tam
604 566 813 608 principalem
836 571 1050 606 potestatem³
1075 564 1201 605 habeat,
1226 571 1260 596 ut
1277 565 1371 596 etiam
1389 565 1491 595 invito
1508 565 1661 607 episcopo
1678 565 1850 597 cuiuslibet
1866 565 1986 598 aeccle-

333 621 398 650 siae
423 630 569 661 quamque
596 619 626 648 in
651 629 687 649 ea
712 619 804 648 iuxta
827 618 998 648 canonicas
1022 617 1204 648 sanctiones
1228 617 1331 658 possit
1354 616 1536 658 disponere,
1569 618 1640 659 quis
1673 617 1833 659 denegare
1856 618 1986 659 poterit,

334 672 410 713 quin
436 670 556 712 ubique
579 671 723 710 gentium
749 676 813 700 tam
838 668 985 700 subditos
1008 669 1246 710 episcoporum,
1277 679 1372 710 quam
1404 669 1492 710 ipsos
1523 669 1695 711 episcopos
1718 668 1916 710 apostolicae
1941 670 1986 700 in-

333 723 506 754 stitutionis
530 727 768 763 contemptores
792 721 945 751 damnare
969 720 1091 761 possit?
2005 731 2034 750 10

440 783 583 814 XXIIII.
630 782 690 813 His
713 788 819 813 autem
845 781 1024 812 rationibus
1057 787 1087 812 et
1117 781 1177 811 hoc
1208 780 1399 819 declaratur,
1432 781 1517 823 quod
1542 781 1685 812 cuiusvis
1709 782 1853 823 episcopi
1878 791 1987 823 parro-

332 835 486 866 chianus¹¹
512 835 617 875 potius
641 834 758 865 domno
775 832 953 874 apostolico
977 844 1072 875 quam
1099 833 1229 874 proprio
1247 833 1401 874 episcopo
1418 833 1549 864 obedire
1567 832 1663 864 debet
1673 838 1695 872 ⁸,
1719 844 1793 864 cum
1810 834 1986 865 auctoritas

333 887 454 928 proprii
479 887 645 927 episcopif
669 885 852 916 nullatenus
877 896 949 915 eum
973 885 1013 915 ab
1037 884 1216 926 apostolica
1239 883 1446 915 damnatione
1462 884 1570 916 valeat
1586 883 1732 924 liberare,
1756 885 1783 916 si
1799 885 1987 927 apostolicis

332 939 494 980 preceptis
520 938 708 969 inobediens
732 937 886 968 extiterit.
933 936 974 967 Et
997 941 1127 967 econtra
1151 937 1289 966 domnus
1313 935 1521 977 apostolicus,
1545 937 1570 967 si
1595 937 1624 967 ei
1650 935 1820 977 obedierit,
1848 937 1985 969 eundem

331 991 371 1021 ab
397 991 482 1021 omni
509 990 661 1020 violentia
685 989 805 1031 proprii
831 989 975 1030 episcopi
1000 987 1149 1019 facillime
1174 988 1292 1029 poterit
1314 987 1499 1029 defendere,
1530 987 1684 1019 videlicet
1707 987 1757 1020 vel
1785 988 1892 1030 ipsum
1915 999 1987 1030 par·
2007 999 2034 1018 1⁶

332 1043 540 1073 rochianmn‘*
564 1043 632 1072 eius
656 1041 773 1071 dicioni
797 1041 925 1082 penitus
949 1039 1183 1081 emancipando
1208 1039 1258 1070 vel
1289 1040 1477 1082 episcopum
1509 1039 1550 1071 ab
1581 1040 1698 1072 iniuria
1725 1052 1784 1083 per
1812 1041 1987 1082 correptio-

332 1106 404 1125 nem
431 1094 479 1125 vel
503 1094 740 1124 damnationem
766 1091 943 1134 apostolica
966 1093 1158 1123 auctoritate
1174 1091 1376 1122 refrenando.
1416 1091 1569 1123 Attendat
1586 1103 1662 1123 sane
1680 1092 1824 1123 cuiusvis
1841 1093 1986 1135 episcopi

332 1146 490 1185 subditus,
508 1158 546 1176 ne
564 1144 611 1176 vel
630 1144 760 1186 proprio
773 1145 926 1186 episeopo
942 1149 1054 1174 contra
1067 1142 1245 1185 apostoliea
1259 1148 1413 1185 precepta
1426 1144 1555 1175 obediat
1568 1144 1600 1174 in
1613 1143 1720 1185 aliquo
1728 1150 1751 1184 8,
1765 1154 1838 1175 cum
1854 1149 1986 1175 sanctus

332 1198 508 1237 Gregorius
532 1196 794 1227 archidiaconum
814 1194 1037 1226 Salonitanum
1055 1195 1087 1225 in
1105 1194 1208 1225 locum
1228 1194 1386 1226 Honorati
1404 1195 1466 1225 iam
1489 1195 1629 1237 depositi
1654 1195 1864 1237 subrogatum
1890 1195 1987 1237 depo-

330 1250 440 1286 suerit,
457 1260 494 1280 eo
512 1249 597 1291 quod
616 1248 699 1279 idem
719 1249 851 1289 proprio
870 1248 1025 1289 episcopo
1043 1258 1076 1277 se
1093 1247 1125 1276 in
1143 1245 1248 1277 locum
1267 1246 1351 1277 illius
1368 1246 1510 1278 ordinari
1530 1253 1603 1289 post
1618 1247 1828 1289 apostolicam
1846 1247 1988 1289 prohibi·
2006 1258 2035 1277 20

331 1303 454 1332 cionem
466 1302 478 1321 ¹¹
503 1300 672 1332 obedierit.
711 1300 796 1331 Hine
820 1299 915 1330 etiam
942 1304 1040 1340 patet,
1065 1309 1161 1340 quam
1186 1299 1388 1340 apertissime
1411 1298 1455 1329 illi
1481 1298 1651 1341 desipiant,
1675 1300 1731 1341 qui
1755 1299 1876 1340 dicunt,
1901 1299 1989 1342 quod

330 1353 450 1384 subditi
468 1352 640 1383 cuiuslibet
656 1352 800 1394 episcopi
818 1350 1014 1392 apostolicae
1031 1350 1098 1381 sedi
1117 1349 1297 1381 nullatenus
1315 1350 1447 1382 obedire
1464 1350 1612 1391 debeant,
1637 1351 1663 1382 si
1680 1352 1811 1392 proprio
1827 1351 1985 1382 antistitii

225 1414 310 1433 ‘sit-2⁴1.
332 1404 493 1444 obediant,
518 1416 588 1434 cum
613 1416 631 1434 a
655 1409 767 1434 saneto
791 1403 965 1444 ‘Gregorio
989 1403 1041 1433 etk
1067 1401 1118 1433 ille
1144 1403 1258 1433 merito
1282 1402 1528 1443 degradaretur,
1556 1404 1610 1445 qui
1634 1409 1665 1434 et
1689 1414 1746 1444 per
1769 1402 1986 1435 obedientiam

331 1457 475 1498 episcopi
500 1457 547 1486 sui
572 1455 766 1497 apostolicae
790 1455 859 1486 sedi
882 1454 1037 1485 adversus
1062 1454 1159 1485 fuisse
1182 1454 1352 1495 detegitur.
1392 1454 1517 1496 Nempe
1541 1454 1647 1485 nullus
1669 1453 1810 1485 debitam
1835 1454 1987 1486 obedien-

331 1510 407 1540 tiam
434 1508 563 1549 proprio
587 1508 741 1548 episcopo
766 1506 922 1537 exhibere
946 1507 1075 1548 poterit,
1098 1507 1160 1536 nisi
1181 1506 1234 1548 qui
1251 1506 1303 1536 etf
1319 1505 1515 1548 apostolicae
1533 1506 1600 1537 sedi
1617 1506 1840 1548 principaliter
1856 1507 1987 1539 obedire
2008 1516 2035 1536 25

332 1560 500 1591 studuerit.
540 1560 654 1590 Omnis
678 1559 774 1598 enim,
798 1560 852 1600 qui
877 1558 946 1590 vult
969 1570 1038 1589 esse
1063 1559 1247 1600 episeopus,
1272 1557 1331 1588 hoc
1355 1558 1514 1589 maxime¹
1542 1558 1679 1590 subditis
1696 1559 1762 1589 suis
1779 1558 1928 1598 inculcat,
1952 1565 1988 1590 ut

331 1618 514 1642 sanctorum
541 1616 665 1652 patrum
698 1611 851 1642 institutis
882 1611 1006 1652 absque
1036 1611 1121 1641 omni
1146 1610 1401 1640 contradictione
1424 1609 1588 1650 obediant,
1620 1620 1713 1651 quae,
1743 1616 1777 1641 ut
1804 1609 1985 1652 predictum

331 1669 388 1703 est,
412 1662 607 1704 apostolicae
631 1663 697 1693 sedi
723 1662 944 1704 principaliter
967 1662 1008 1693 ab
1033 1662 1183 1693 omnibus
1207 1661 1420 1692 obediendum
1447 1673 1515 1692 esse
1535 1661 1735 1693 denuntiant.
1781 1662 1988 1704 Quicumque

332 1716 428 1755 igitur
452 1726 509 1744 suo
534 1714 677 1753 legitimo
702 1715 824 1756 pastori
850 1713 991 1745 debitam
1017 1713 1234 1745 obedientiam
1253 1713 1478 1752 exhibueritm,
1502 1713 1596 1745 etiam
1622 1713 1846 1756 principaliter
1869 1713 1987 1745 domno

332 1766 508 1808 apostolico
538 1766 668 1797 obedire
700 1766 851 1798 studebit.
903 1766 984 1796 Nam
1015 1767 1106 1796 iuxta
1135 1766 1236 1807 ipsius
1265 1766 1409 1796 veritatis
1440 1764 1582 1796 edictum
1614 1765 1820 1807 discipulusn
1848 1777 1914 1797 ‘non
1944 1770 1989 1797 est
2008 1775 2034 1794 so

333 1819 547 1849 honorandas
571 1831 671 1859 snper
696 1820 898 1859 mayz'strum.
946 1818 979 1848 Si
1003 1822 1110 1849 autem
1136 1817 1273 1848 domnus
1295 1816 1492 1858 apostolicus
1510 1817 1641 1858 proprio
1657 1822 1689 1848 et
1704 1816 1848 1859 legitimo
1865 1819 1988 1860 pastori

332 1871 399 1901 iure
423 1871 622 1912 preponitur,
647 1876 767 1912 quanto
792 1871 897 1910 magis
921 1869 975 1908 illi,
1001 1870 1055 1911 qui
1079 1880 1137 1900 nec
1161 1869 1272 1899 nititur
1295 1880 1375 1908 esse,
1399 1868 1485 1911 quod
1510 1869 1638 1900 dicitur.

438 1922 506 1952 Has
531 1923 628 1963 igitur
650 1929 680 1953 et
704 1921 888 1953 huiusmodi
912 1922 1053 1952 rationes
1077 1922 1272 1963 quicumque
1295 1920 1408 1951 saltem
1433 1926 1494 1951 ex⁰
1517 1919 1652 1951 rudibus
1675 1919 1813 1952 fideliter
1827 1921 1988 1963 inspicere

332 1973 527 2015 dignabitur,
552 1973 732 2005 nullatenus
757 1974 902 2015 predicta
925 1973 1024 2004 nostri
1047 1972 1215 2014 apostolici
1241 1977 1361 2004 statuta
1383 1972 1585 2014 proscribere
1609 1971 1790 2013 conabitur,
1819 1973 1987 2014 presertim

332 2036 403 2055 cum
436 2026 541 2056 videat
573 2025 814 2056 evidentissime
849 2024 962 2056 eadem
998 2036 1038 2055 ex
1074 2030 1258 2055 sanctornm
1294 2030 1419 2066 patrum
1455 2024 1622 2056 sententiis
1657 2025 1756 2055 immo
1792 2035 1833 2055 ex
1868 2024 1988 2056 divinis
2007 2035 2036 2054 85

332 2077 499 2117 scripturis
524 2089 700 2108 emanasse.
755 2077 927 2107 Poteramp
951 2088 1025 2107 vero
1051 2088 1145 2118 quam
1170 2075 1280 2118 plures
1303 2076 1382 2107 alias
1406 2076 1546 2108 rationes
1570 2075 1792 2117 superioribus
1815 2082 1988 2108 annectere

332 2134 363 2158 et
386 2128 631 2159 innumerabilia
662 2138 844 2159 sanctorum
878 2135 1004 2171 patrum
1035 2128 1186 2170 exempla
1216 2128 1350 2170 prefatis
1380 2128 1508 2159 statutis
1531 2129 1708 2169 assignare,
1739 2127 1795 2159 sed
1819 2133 1879 2160 ea‘l
1904 2127 1986 2159 lioc'

227 1766 252 1783 rt.

163 1795 312 1815 Matili.lo.·.*4,

333 2179 588 2210 consideratione
621 2181 811 2220 pretermisi,
842 2193 879 2211 ne
908 2181 1018 2221 gravis
1047 2191 1150 2211 essem
1182 2181 1299 2217 idiotis,
1331 2180 1450 2222 quibus
1481 2181 1553 2211 liicS
1578 2179 1779 2221 specialiter⁸
1801 2179 1987 2211 satisfacere

334 2231 498 2271 proposui,
529 2232 645 2272 quibus
670 2244 771 2273 pauca
796 2244 835 2263 cx
861 2232 968 2263 multis
992 2238 1055 2263 tam
1081 2231 1303 2263 indubitataeu
1329 2233 1471 2263 veritatis
1495 2232 1641 2263 sufficere
1666 2238 1811 2274 possunt,
1842 2231 1868 2262 si
1899 2230 1987 2262 inda-

333 2282 459 2321 gandae
485 2283 589 2323 potius
614 2284 738 2314 veritati
762 2295 856 2325 quam
882 2284 1099 2315 infructuosae
1124 2285 1321 2314 contentioni
1345 2295 1477 2326 operam
1502 2283 1580 2314 dare
1604 2283 1747 2314 volunt¹.
1792 2283 1915 2314 Finis&
2006 2292 2034 2311 ⁴⁰

445 2383 473 2403 a)
495 2378 518 2402 li.
541 2387 556 2410 p
590 2382 612 2403 1⁴.
635 2381 658 2403 ·1.
736 2380 761 2410 b)
785 2389 833 2404 sua
854 2389 879 2412 p.
902 2389 925 2404 ιι.
949 2384 973 2404 et
996 2389 1032 2412 pr,
1055 2381 1079 2404 4.
1149 2380 1175 2403 υ)
1197 2381 1277 2411 igitur
1298 2381 1321 2404 4.
1344 2380 1375 2405 G.
1444 2380 1472 2407 d]
1494 2379 1631 2412 parroech.
1653 2380 1678 2403 3.
1747 2379 1774 2410 e)
1796 2379 1860 2404 add.
1881 2379 1985 2412 sv'qrmm

338 2424 548 2455 i1ilcrr03,·‹1¹i01n's
571 2426 593 2448 3.
671 2426 689 2449 st
713 2426 782 2449 dics!
805 2428 828 2451 2’,
905 2428 932 2457 g)
956 2427 1045 2458 aliqua
1065 2426 1091 2449 ⁴2.
1168 2426 1196 2455 h)
1217 2427 1395 2458 proditionem
1417 2427 1442 2450 4.
1518 2427 1537 2457 i)
1561 2427 1687 2458 episcopo
1711 2427 1735 2450 4.
1806 2425 1837 2457 k)
1857 2425 1938 2450 etiam
1960 2425 1988 2449 4.

336 2470 355 2493 l»
377 2470 487 2493 subditis
509 2471 561 2494 suis
586 2472 650 2494 (six-1·
673 2474 701 2494 4)
723 2481 791 2497 max.
812 2473 862 2496 ine.
885 2473 909 2496 3.
932 2474 955 2496 4.
1033 2473 1069 2500 m)
1093 2472 1161 2496 oxib.
1184 2473 1208 2496 2.
1280 2474 1307 2500 n)
1331 2482 1383 2496 non
1405 2481 1427 2497 e.
1449 2473 1513 2497 dise.
1535 2481 1556 2496 s.
1578 2480 1647 2503 mag.
1669 2471 1743 2504 Vuly.
1766 2471 1798 2496 G.
1869 2471 1896 2502 ο)
1919 2480 1933 2496 e
1954 2471 1986 2496 G.

335 2517 365 2547 p)
386 2521 505 2547 preterea
527 2519 550 2539 ’3.
647 2519 672 2549 q)
696 2518 760 2541 line«-
783 2526 813 2541 va
834 2527 907 2543 cons.
930 2520 958 2549 33
981 2519 1030 2543 hoe
1052 2527 1083 2543 en
1104 2527 1176 2543 cons.
1199 2520 1223 2543 4.
1319 2520 1343 2545 r)
1364 2519 1406 2543 hic
1427 2518 1458 2543 G.
1554 2520 1576 2549 s)
1594 2517 1613 2542 11
1634 2519 1658 2543 ⁶2.
1763 2518 1783 2549 t)
1805 2517 1832 2542 in
1853 2526 1939 2549 mara.
1961 2518 1986 2542 8.

335 2567 364 2587 n)
385 2563 410 2586 in
433 2563 567 2586 dubietate
589 2564 612 2586 2.
689 2569 717 2586 vt
737 2564 807 2587 ‹lccst
828 2565 853 2588 3.
875 2565 899 2589 4.
2005 2567 2034 2586 45

446 2651 470 2683 1)
496 2653 654 2685 Sequuntur
679 2652 704 2676 ιἰι
730 2652 809 2677 mid.
835 2652 862 2678 4.
889 2653 915 2685 5,
940 2654 988 2679 scal
1011 2653 1039 2678 in
1063 2654 1123 2680 cod.
1150 2654 1178 2679 4.
1201 2654 1261 2680 alia
1284 2663 1369 2680 manu
1391 2654 1509 2688 scripta,
1533 2657 1663 2688 excerpta
1688 2662 1721 2679 ea:
1743 2662 1828 2688 capp.
1850 2652 1985 2679 74-76,

334 2702 401 2728 libri
423 2702 590 2737 Aluneyoldi
614 2704 652 2728 ad
677 2704 880 2736 Gebehardum,
905 2713 928 2729 υ.
951 2713 980 2737 p.
1007 2705 1034 2737 4,
1057 2713 1100 2731 nr.
1127 2706 1153 2730 4.
1177 2705 1207 2731 V.

2102 3026 2116 3061 δέ
