2132 3067
376 153 433 184 116
771 153 923 180 LIBELLI
948 151 1144 178 BERNALDI
1167 152 1403 179 PRESBYTERI
1426 152 1612 179 MONACHI.

371 243 571 284 astipulatur.
615 242 716 283 Apud
738 241 853 280 Deum,
876 241 988 282 inquit,
1013 251 1078 271 non
1102 244 1168 270 tam
1191 251 1345 270 mensura
1368 241 1451 271 valet
1474 242 1636 281 temporis,
1659 251 1758 282 quam
1781 240 1923 280 doloris,·
1953 253 2008 273 nec

372 295 569 325 abstinentia
586 298 718 334 ,tantum
741 292 894 332 ciborum,
918 303 1016 333 quam
1039 291 1244 329 mortificatio
1270 292 1436 330 viciorum,
1455 296 1592 332 propter
1607 297 1725 333 quama
1748 297 1893 332 tempora
1915 293 2008 333 peni—

371 347 489 376 tentiae
504 344 573 383 fide
597 349 624 375 et
647 344 892 374 conversatione
913 343 1127 383 penitentium
1153 342 1381 373 adbrevianda
1405 353 1546 373 canones
1563 343 1757 384 precipiunt
1784 348 1812 373 et
1840 344 2008 385 neyleyen-

370 396 440 427 tiab
462 395 670 436 protelanda.
1953 389 1958 394 ’

476 445 539 477 Sed
564 450 595 476 ct
618 445 697 476 ratio
722 450 901 486 temporum
927 454 1156 485 nonnunquam
1179 444 1321 484 rigorem
1345 454 1503 475 canonum
1528 445 1646 475 remitti
1671 445 1768 486 cogit,
1795 445 1878 475 sicut
1900 444 2012 476 beatus
2031 459 2044 479 ⁵

370 497 596 528 Innocentius¹
630 507 715 538 papa
745 497 776 526 in
808 496 1000 538 quibusdam
1032 494 1218 526 faciendum
1248 494 1405 536 decrevit,
1438 496 1492 537 qui
1524 495 1604 526 hacc
1635 496 1701 527 vita
1732 497 1763 526 in
1793 494 2013 537 voluptatibus

371 553 530 579 transacta
564 548 691 578 demum
729 548 760 578 in
797 547 859 578 fine
891 546 1099 588 penitentiam
1130 546 1245 576 simuld
1276 551 1306 577 et
1337 546 1630 577 reconciliationem
1661 551 1834 588 expetunt:
1868 547 1918 578 De
1951 548 2013 586 his,

372 601 487 641 inquit,
523 599 700 630 observatio
734 600 830 640 prior
861 598 989 637 durior,
1023 598 1186 638 posterior
1216 599 1447 629 interveniente
1477 597 1705 629 misericordia
1735 597 1930 629 inclinatior
1959 603 2012 630 est.
2042 638 2045 640 .

371 652 459 682 Nam
483 650 701 682 consuetudoe
723 651 818 691 prior
840 650 953 687 renuit,
982 653 1016 679 ut
1047 649 1294 680 concederetur‘
1315 649 1512 690 penitentia,
1542 649 1597 679 sed
1621 650 1802 680 communio
1826 654 2012 691 neyaretur.

372 702 456 733 Nam
489 713 559 732 cum
591 702 681 733 illis&
711 701 906 742 temporibus
938 700 1067 730 crebrae
1095 701 1338 741 persecutiones
1369 705 1483 740 essent,
1514 712 1552 731 ne
1579 700 1838 731 comrnunionis'¹
1861 711 2014 731 concessa
2032 715 2057 733 ιο

363 752 532 794 facultasi
560 753 702 783 homines
727 752 764 783 de
787 751 1053 783 reconciliatione
1076 761 1206 781 securos
1229 762 1295 781 non
1319 757 1483 782 revocaret
1507 763 1527 781 a
1550 750 1658 793 lapsu,
1685 753 1797 782 merito
1826 756 1947 793 neqata
1969 756 2015 782 est

374 805 566 842 communio,
590 815 742 835 concessa
762 804 956 844 penitentia,
981 815 1019 833 ne
1039 807 1139 833 ‘totum
1163 803 1297 843 penitus
1320 808 1518 844 neqaretur;
1550 807 1577 832 et
1607 802 1770 833 duriorem
1792 802 2014 833 remissionem

364 856 449 897 fecit
479 857 629 896 temporis
659 855 756 885 ratio.
813 853 879 885 Sed
906 859 1079 895 postquam
1105 854 1267 884 Dominus
1297 859 1404 884 noster
1422 865 1539 895 pacem
1564 853 1710 885 aeclesiis
1733 853 1824 884 suis‘¹
1848 853 2014 884 reddidit*

375 909 440 938 iam
463 907 597 947 depulso
619 911 749 945 terrore,
777 906 1031 936 communionem
1055 905 1133 935 dari
1156 905 1343 935 obeuntibus
1365 905 1502 945 placuit,
1526 909 1553 936 et
1572 909 1710 945 propter
1732 904 1868 935 Domini
1889 905 2012 936 miseri-

373 959 517 989 cordiam
543 959 638 999 quasi
664 958 815 987 viaticum
834 955 1068 997 profecturisl,
1092 960 1119 986 et
1142 967 1181 986 ne
1198 956 1382 987 Novatiani
1405 957 1537 986 heretici
1560 957 1713 997 neqantis
1736 957 1864 987 veniam
1887 957 2011 997 asperi·
2033 969 2059 988 ιε

372 1015 465 1041 tatem
490 1014 517 1039 et
541 1010 704 1039 duriciam
728 1008 880 1048 subsequi
904 1008 1084 1038 videamur.
1130 1007 1300 1038 Tribuitur
1323 1013 1424 1049 eryom
1449 1019 1520 1038 curm
1542 1008 1744 1048 penitentian
1767 1012 1910 1038 eaetrema
1933 1018 2014 1039 com-

372 1062 494 1100 munio,
524 1065 558 1090 ut
588 1060 731 1090 homines
755 1059 941 1090 huiusmodi
967 1058 1015 1089 vel
1038 1059 1070 1089 in
1096 1059 1256 1099 supremis
1279 1060 1358 1097 suis,
1389 1058 1580 1090 Salvatore⁰
1611 1064 1720 1089 nostro
1746 1059 1962 1099 permittente,
1993 1070 2014 1089 a

372 1116 528 1152 perpetuo
559 1112 663 1142 eoeicio
694 1110 914 1140 vendicentur.
969 1109 1054 1140 Eece
1086 1110 1117 1139 in
1147 1115 1302 1151 quantum
1334 1110 1382 1140 vir
1413 1110 1472 1140 istc
1502 1109 1698 1151 apostolicus
1729 1110 1862 1151 antiquo
1892 1110 2013 1150 rigori»

373 1162 596 1193 remittendum
623 1161 851 1199 existimaviffl,
883 1161 937 1202 qui
959 1161 1215 1191 communionem
1241 1160 1433 1202 quibusdam
1459 1172 1517 1191 nec
1541 1162 1572 1191 in
1597 1161 1659 1191 fine
1689 1160 1918 1195 redibendam‘
1942 1171 2013 1192 eon-

373 1215 479 1253 cessit,
518 1213 644 1254 ibiqueS
677 1212 910 1254 subsequenter
941 1217 971 1241 et
1000 1213 1123 1253 antiqui
1159 1212 1276 1252 rigoris
1315 1218 1346 1242 et
1377 1212 1550 1243 modernae
1581 1212 1777 1243 remissionis
1807 1211 2012 1243 rationabiles
2032 1224 2059 1243 zo

372 1276 484 1295 causas
508 1266 698 1295 annecteret
723 1264 858 1294 curavit.
905 1262 1087 1304 Aliquando
1119 1264 1214 1294 etiam
1246 1268 1277 1294 et
1307 1263 1378 1304 ipsa
1403 1263 1571 1294 multitudo
1595 1263 1848 1305 delinquentium
1873 1264 2012 1305 rigorem

372 1315 561 1357 disciplinae
589 1326 651 1346 non
681 1314 832 1354 admittit,
862 1320 895 1345 ut
924 1314 1008 1355 quod
1039 1325 1058 1344 a
1090 1315 1197 1345 multis
1221 1320 1374 1356 peccatur
1401 1314 1758 1346 canonieeu‘vindicari
1789 1321 1872 1345 nouv
1901 1315 2011 1356 possit.

373 1369 408 1399 In
432 1378 494 1409 qua
518 1377 615 1398 causa
644 1367 741 1397 iuxta‘
764 1365 1008 1397 adtestationem
1040 1365 1183 1396 eiusdem
1213 1365 1382 1406 apostolici
1411 1367 1518 1407 priora
1546 1366 1609 1397 Dei
1636 1365 1756 1396 iudicio
1785 1366 2013 1398 committenda

373 1425 446 1450 sunt
476 1424 507 1449 et
537 1418 575 1449 de
604 1417 726 1460 reliquo
757 1417 898 1448 maxima
921 1416 1136 1447 sollicitudine
1161 1417 1410 1458 precavendum.
1465 1417 1542 1459 Ipsa
1565 1428 1692 1459 quoque
1716 1417 1929 1449 consideratio
1951 1417 2011 1448 fra-

371 1470 503 1512 gilitatis
532 1470 689 1500 humanae
720 1478 948 1510 nonnunquam
981 1469 1120 1509 rigorem
1152 1479 1309 1498 canonum
1340 1469 1426 1509 cogit
1456 1468 1608 1500 emollire.
1654 1468 1748 1500 Unde
1773 1468 1884 1500 beatus
1906 1468 2012 1511 Nyco-
2031 1481 2058 1500 25

371 1521 470 1552 lausW
494 1532 579 1563 papa
602 1521 776 1562 primus¹·²
800 1519 968 1561 parricidis
996 1525 1027 1551 ct
1050 1519 1221 1550 fratricidis
1244 1520 1502 1550 communionem
1526 1520 1635 1551 altaris
1658 1525 1731 1562 post
1752 1520 1917 1552 biennium
1943 1519 2011 1551 red-

372 1572 520 1607 dendam.
552 1584 591 1603 ne
621 1567 836 1613 desperarent,
864 1571 1016 1608 (leerevit⁷
1041 1581 1137 1612 quam
1162 1576 1275 1610 tamen·
1293 1571 1513 1602 Anciranum³
1537 1571 1706 1603 concilium
1729 1583 1789 1603 nee
1811 1571 2013 1611 homicidisr,

371 1625 431 1654 nisi
456 1625 487 1654 in
513 1624 573 1654 tine
598 1624 692 1661 vitae,
716 1622 947 1654 redibendamz
971 1623 1166 1653 constituita.
1212 1619 1334 1654 Eodem
1358 1622 1454 1653 modo
1477 1627 1509 1653 et
1536 1629 1713 1665 spontanea
1737 1623 1896 1655 confessio
1919 1633 2012 1655 eano-

372 1676 475 1706 nicam
511 1676 714 1706 severitatem
752 1675 843 1705 iuxta
878 1673 1141 1705 Calcedonense⁴
1175 1673 1345 1704 concilium
1382 1674 1529 1715 mitigare
1564 1675 1747 1706 consuevit:
1782 1674 1868 1717 quod
1901 1675 2012 1717 utique

373 1727 535 1757 monachis
558 1731 588 1757 et
612 1725 793 1767 virginibus
817 1726 915 1756 sacris
938 1737 957 1756 a
980 1726 1145 1767 proposito
1170 1725 1280 1767 lapsis,
1311 1725 1367 1756 scd
1399 1726 1555 1756 confessis
1578 1725 1830 1757 misericordiam
1854 1726 2011 1768 impertiri
2030 1736 2058 1756 ³0

372 1778 523 1808 decrevit.
574 1777 786 1820 Nequaquam
818 1782 946 1808 autem⁸
975 1776 1157 1807 huiusmodi
1189 1777 1393 1808 remissiones
1423 1777 1506 1808 inter
1536 1778 1714 1808 autenticas
1745 1777 1926 1809 sanctiones
1954 1777 2009 1809 ad-

372 1829 602 1868 mitterenturb,
632 1830 658 1859 si
682 1840 744 1860 non
768 1828 832 1869 alii,
864 1829 925 1859 nisi
948 1829 1001 1870 qui
1025 1828 1117 1858 iuxta
1138 1829 1326 1859 canonicum
1350 1828 1489 1870 rigorem
1518 1829 1730 1870 penitentiam
1753 1828 1929 1870 explerent,
1953 1828 2012 1860 sal·

371 1881 438 1912 vari
462 1880 681 1911 crederentur:
705 1879 790 1922 quod
814 1890 890 1910 sane
913 1890 977 1910 non
995 1879 1196 1918 catholicum,
1221 1879 1277 1910 scd
1296 1879 1503 1920 Pelagianum
1527 1891 1596 1911 esse
1619 1880 1791 1911 videretur.
1836 1879 1910 1922 Ipse
1927 1880 2011 1911 enim

372 1931 520 1971 Pelagius
550 1933 675 1963 veniam
706 1931 936 1973 penitentibus*
954 1942 1017 1962 uon
1048 1932 1224 1962 seeundum
1255 1932 1392 1971 gratiam
1415 1931 1512 1971 Deic,
1534 1929 1598 1962 ¹sed
1631 1931 1807 1963 secundum
1838 1932 1952 1962 merita
1981 1935 2013 1962 et

371 1983 495 2015 labores
527 1994 636 2014 eorum
669 1983 737 2014 dari
768 1983 1013 2023 dogmatizavit,
1045 1983 1162 2024 quamd
1193 1987 1299 2013 tamen
1331 1983 1466 2014 heresim
1498 1983 1567 2024 ipse
1599 1983 1630 2013 in
1662 1981 1846 2014 Palestino⁵
1874 1981 2009 2014 concilio
2029 1993 2057 2013 ³⁵

370 2035 660 2066 anathematizavit.
705 2033 769 2065 Sed
792 2034 879 2075 apud
906 2034 1011 2065 Deum
1035 2034 1138 2065 nullas
1161 2035 1294 2066 veniae-2
1318 2045 1422 2065 moras
1446 2035 1566 2076 patitur
1589 2035 1756 2065 conversio
1767 2040 1790 2073 ⁰,
1818 2039 1853 2064 ut
1875 2033 2011 2075 preliba-

370 2087 484 2117 vimus.
532 2085 649 2116 Under
673 2091 704 2116 et
726 2086 827 2116 sancti
852 2090 958 2126 ‘patres
983 2085 1014 2116 in
1040 2087 1195 2117 canonico
1220 2087 1324 2127 rigore
1347 2097 1411 2116 non
1428 2082 1598 2117 terminum
1616 2086 1845 2127 indulgentiae,
1868 2085 1924 2117 sed
1949 2085 2010 2116 for-

372 2149 454 2167 mam
479 2137 667 2178 disciplinae
691 2137 804 2168 nobisss
827 2137 994 2178 prefixisse
1019 2137 1203 2176 ereduntur,
1234 2138 1363 2179 quippe,
1394 2143 1428 2168 ut
1457 2137 1602 2168 homines
1623 2148 1641 2168 a
1665 2137 1806 2179 peccatis
1829 2147 2010 2178 compesce-

372 2195 442 2219 rent
476 2199 533 2219 nce
569 2187 662 2218 alicui
694 2188 848 2218 veraciter
876 2199 1030 2219 converso
1060 2189 1186 2219 veniam
1217 2188 1426 2230 denegarent,
1461 2186 1544 2230 quae
1574 2194 1626 2219 etc
1657 2188 1768 2219 tantoh
1799 2187 1948 2219 humilius
1979 2193 2010 2219 et

371 2240 564 2270 fructuosius
595 2239 778 2280 accipitu1=⁵‚
809 2245 926 2280 quanto
960 2240 1064 2270 minus
1095 2241 1185 2270 iuxta
1215 2241 1403 2271 canonicum
1434 2232 1573 2282 rigorem
1597 2251 1638 2271 ex
1661 2239 1770 2271 debito
1794 2238 2010 2280 impendenda
2028 2249 2056 2268 ιο

481 2339 506 2364 n)
530 2334 598 2366 quod
620 2334 644 2357 8.
721 2334 749 2360 Μ
770 2335 866 2365 neglig.
888 2336 911 2359 S.
989 2337 1012 2363 e)
1035 2344 1067 2359 ca·
1087 2335 1154 2359 hanc
1177 2344 1242 2359 corr.
1266 2337 1288 2361 7.
1366 2336 1393 2366 d)
1415 2323 1484 2360 deese
1505 2336 1530 2360 S.
1608 2335 1634 2365 e)
1656 2343 1681 2366 p.
1702 2325 1726 2359 ci
1745 2335 1769 2360 8.
1845 2326 1866 2364 i')
1886 2335 1924 2359 eis
1944 2334 2008 2359 add.

372 2380 462 2404 Iunoc.
566 2385 591 2409 ,τῃ
622 2380 661 2402 his
691 2379 713 2401 7.
818 2380 846 2402 h»
872 2382 1019 2404 communis
1047 2381 1071 2405 7.
1175 2382 1192 2405 i»
1220 2381 1334 2405 facilitas
1365 2381 1453 2405 Innoc.
1559 2381 1586 2411 k)
1615 2381 1698 2404 redid.
1720 2380 1744 2404 8.
1844 2380 1863 2411 1)
1891 2387 1960 2412 pros.
1982 2381 2007 2405 8.

372 2428 406 2451 m)
429 2426 507 2455 iggitur
528 2426 551 2449 S.
656 2434 681 2450 ιιι
706 2426 871 2456 poenitentes
892 2426 954 2450 add.
979 2426 1066 2450 Innov.
1166 2430 1191 2455 o)
1215 2436 1239 2458 p.
1261 2436 1282 2451 s.
1303 2436 1328 2451 n.
1351 2428 1379 2457 ὃς
1401 2428 1542 2451 miserante
1563 2435 1584 2450 s.
1607 2434 1631 2450 n.
1654 2425 1745 2451 Innoc.
1850 2425 1877 2457 p)
1900 2425 1932 2450 de
1952 2429 2006 2450 aut.

371 2472 455 2501 rigore
476 2472 499 2493 ὅ.
566 2477 591 2501 ψ
615 2472 699 2494 estim.
722 2472 745 2494 8.
813 2478 833 2495 r)
857 2471 938 2494 reddi.
961 2472 984 2495 8.
1055 2479 1076 2495 s»
1100 2473 1135 2496 ibi
1156 2472 1180 2496 8.
1251 2460 1434 2498 tiannectare
1455 2472 1479 2496 8,
1549 2474 1576 2502 ιι)
1597 2472 1726 2503 cononice
1747 2471 1771 2495 8.
1842 2472 1868 2502 v)
1890 2471 1961 2496 dcent
1983 2472 2006 2496 ἲ.

371 2524 403 2541 xv)
427 2517 482 2540 Nic.
505 2516 529 2539 S.
606 2517 632 2540 x]
655 2517 763 2546 primum
787 2516 809 2540 7.
885 2522 914 2547 y»
935 2516 1034 2541 homini
1056 2518 1079 2542 8.
1162 2520 1187 2541 z)
1209 2519 1371 2542 reddendam
1393 2519 1416 2543 S.
1503 2519 1528 2548 n)
1551 2518 1621 2542 ‹lec-v!
1643 2518 1665 2542 7.
1741 2517 1768 2548 b)
1789 2517 1961 2542 amiterentur
1980 2516 2005 2541 8.
2024 2522 2051 2541 ⁴5

371 2563 394 2592 c)
418 2562 487 2585 ‹lca—st
509 2562 532 2585 9.
618 2562 646 2586 ‹l›
668 2570 717 2592 qun
739 2562 762 2585 8.
851 2567 875 2590 e)
898 2563 975 2586 venia
996 2566 1020 2587 ὃ.
1115 2563 1134 2587 f»
1160 2563 1184 2587 iu
1207 2573 1288 2595 marg).
1310 2565 1435 2588 inscrtum
1456 2563 1480 2587 8.
1574 2564 1601 2595 g)
1625 2572 1649 2595 p.
1672 2572 1698 2588 n.
1721 2564 1744 2587 7.
1777 2551 1781 2554 ι
1839 2562 1865 2594 h)
1885 2566 1958 2587 tuate
1979 2563 2005 2587 8.

331 2610 335 2613 “
370 2608 391 2634 ἱ»
412 2615 467 2631 exc.
490 2608 514 2631 Β.

481 2690 508 2721 l)
534 2691 584 2723 ln'p.
609 2691 647 2716 ad
674 2691 763 2724 Hrnp.
788 2700 810 2718 c.
835 2692 861 2722 ⁴2,
887 2691 984 2717 Mansi
1005 2695 1023 2720 t.
1041 2693 1099 2724 III,
1123 2693 1174 2718 col.
1204 2693 1298 2726 10395
1326 2693 1411 2726 Jaffi2
1434 2701 1475 2718 nr.
1494 2692 1565 2720 293.
1600 2701 1609 2709 ·
1652 2692 1682 2725 2)
1706 2693 1759 2726 Ep.
1784 2693 1822 2719 ad
1844 2692 2004 2725 Ratoldum,

371 2742 469 2767 sslansi
495 2745 513 2766 l.
539 2741 603 2774 XV,
628 2742 678 2770 col.
705 2741 781 2773 4;·›5›,·
803 2742 887 2774 ..lassi-¹
912 2752 953 2768 nr.
972 2744 1062 2769 2550.
1157 2744 1186 2777 3)
1211 2744 1240 2770 C.
1266 2744 1314 2769 ⁸22.
1410 2743 1439 2777 4)
1465 2744 1493 2769 C.
1521 2743 1555 2769 16
1587 2752 1655 2769 cers.
1682 2743 1767 2769 Dion.
1856 2743 1886 2776 5)
1907 2743 2007 2769 Alarici

369 2796 388 2819 t.
406 2792 458 2825 IV,
482 2792 532 2818 col.
551 2792 620 2818 315.
2025 2797 2053 2818 5⁹
