2132 3067
295 430 351 443 <mm
372 427 390 442 Η,

303 1248 324 1263 ιι»
343 1250 361 1262 e.
372 1246 390 1262 9.

414 164 474 193 532*
953 154 1146 182 BRUNONIS
1170 152 1342 180 EPISCOPI
1365 151 1511 178 SIGNINI

413 266 493 285 enin.
540 252 627 281 (unit
658 256 761 279 antem
795 247 906 277 beatus
935 243 1089 285 pontyfcx
1122 243 1221 273 tercio
1252 241 1377 272 decimo
1402 239 1473 271 Kal.
1498 239 1573 270 Mai.
1598 243 1753 279 regnante
1784 237 1914 269 domino
1944 245 2054 270 nostro

414 306 484 335 lvsn
507 303 643 340 (flu-mo,
673 301 722 330 cui
749 309 819 328 cuin
847 297 940 327 Patre
971 301 1002 325 et
1027 294 1149 335 Spiritu
1173 298 1282 323 sancto
1305 298 1353 323 cst
1377 291 1477 322 bonor
1500 296 1531 321 et
1553 289 1655 332 gloria
1678 290 1710 320 in
1735 289 1842 321 secula
1864 288 2054 321 seculorum.

415 358 525 386 Animi.

518 414 543 444 Τ.
591 411 698 442 Altera
729 414 833 440 autem
867 407 918 438 die
948 411 1021 447 post
1053 414 1221 435 excessum
1254 402 1339 433 beati
1370 402 1487 433 Leonis
1517 401 1649 433 advenit
1679 401 1795 432 mulier
1823 400 1980 443 quaedam
2015 396 2055 432 de

412 467 546 496 ΤιιευὶηιΔ
572 463 724 504 pai-tibus,
749 470 830 501 quae
854 470 925 489 cum
951 468 1008 498 per
1032 455 1151 496 gradus
1176 465 1301 485 sursum
1325 453 1522 492 ascenderet,
1546 454 1651 494 coepit
1675 453 1787 484 vexari
1810 465 1830 484 a
1851 453 2001 484 demonio
2025 458 2057 484 et

412 518 496 548 ‹lii-:is
528 526 621 545 vot-es
652 522 850 553 magnosque
884 509 1023 540 ululatus
1055 508 1208 538 emittere.
1265 506 1412 547 Cumque
1446 504 1574 535 beatum
1606 504 1746 536 Leonem
1778 505 1985 543 nominasset,
2015 503 2056 535 ad

412 567 566 599 tumulum
600 566 668 595 cius
699 565 739 593 ab
773 563 821 592 liis
845 562 899 603 qui
930 560 972 590 ibi
997 565 1086 590 erant
1114 563 1216 589 tracta
1247 562 1303 588 est.
1349 556 1439 587 Unus
1463 561 1569 587 autem
1595 557 1820 598 episcoporum
1846 556 2059 597 interrogavit

413 621 591 650 demonem.
623 617 676 658 qui
702 626 771 645 ean]
797 613 945 651 vexabat,
975 611 1101 642 dicens:
1133 609 1268 640 ‘Adiuro
1292 614 1322 639 te
1346 619 1402 649 per
1425 608 1584 638 viventem
1609 613 1640 639 et
1663 613 1851 650 regnantem
1882 608 1914 638 in
1937 605 2058 642 secula,

413 678 443 701 nt
470 671 556 699 ‹lit-as
580 667 681 705 nobis,
712 667 737 696 si
762 666 827 696 Leo
859 674 944 705 papa
975 664 1056 693 inter
1085 665 1211 691 sanctos
1243 659 1340 690 habet
1371 660 1581 700 potestatem.
1627 660 1670 690 At
1698 659 1750 690 ille
1774 658 1974 701 respondens
1996 659 2057 689 ait:

412 723 505 752 ‘Vei-c
530 722 610 751 ints-1*
633 724 760 748 sanctos
783 722 830 747 est
852 716 929 755 Leo,
953 714 993 744 <lc
1017 724 1080 755 quo
1105 714 1295 752 interrogas,
1324 717 1355 742 et
1378 722 1528 752 magnam
1553 711 1636 742 inter
1658 722 1712 742 eos
1737 711 1834 742 habet
1855 714 2058 752 potestatem,

412 781 439 805 et
466 775 532 814 ipse
558 770 720 801 maleficus
745 768 839 799 hodie
870 778 919 797 me
951 766 990 796 de
1014 765 1073 796 hac
1105 764 1199 794 domo
1231 763 1334 801 eiciet,
1366 773 1461 804 quam
1495 773 1554 804 ego
1583 763 1646 793 iam
1679 773 1736 804 per
1758 773 1877 794 novem
1900 772 2001 793 annos
2025 766 2059 792 et

413 835 536 855 menses
565 823 645 852 duos
678 822 708 851 in
740 831 811 850 inea
842 818 939 849 habui
971 816 1191 858 possessione’.
1236 814 1328 845 Tunc
1359 820 1466 844 autem
1499 813 1616 844 mulier
1643 813 1727 844 alia³
1751 814 1910 856 quaedam
1933 812 2057 852 infelix,

413 888 491 918 quac
522 875 563 905 ibi
589 879 665 904 erat.
696 871 801 912 coepit
825 869 918 900 beato
943 869 1041 900 Leoni
1067 867 1222 908 derogare
1254 871 1285 897 et
1308 865 1428 897 dicere:
1459 865 1534 896 ‘Leo
1559 876 1643 907 papa
1665 865 1792 907 fugabit
1815 865 1973 904 demonia,
2003 864 2058 906 qui

412 934 457 959 tot
481 927 624 957 homines
650 923 793 954 occidere
817 922 901 952 fecit.
946 919 1003 951 Illa
1033 929 1172 960 namque
1202 917 1291 955 hora,
1321 928 1385 959 qua
1415 918 1483 959 ipse
1511 916 1661 948 demonia
1692 917 1826 959 fugabit,
1857 927 1918 958 ego
1948 916 2058 957 utique

411 990 464 1010 ero
483 979 591 1017 regina
615 981 645 1006 et
662 985 771 1005 omnes
795 984 849 1004 eos
874 982 1039 1012 resurgere
1063 970 1190 1009 faciam,
1215 980 1295 1011 quos
1317 969 1386 1010 ipse
1402 979 1459 1000 suo
1484 969 1625 1000 facinore
1648 970 1827 1000 interemit’.
1870 968 1936 999 Vix
1951 973 2057 999 autem

413 1031 464 1061 illa
489 1029 586 1059 verba
609 1027 742 1064 finierat,
767 1031 797 1056 ct
821 1025 928 1055 statim
953 1035 971 1054 a
995 1022 1145 1053 demonio
1169 1021 1317 1063 arreptab
1341 1020 1531 1052 mirabiliter
1553 1021 1664 1052 vexari
1689 1022 1805 1062 coepit.
1850 1020 1927 1051 Mox
1951 1024 2058 1050 autem

412 1082 463 1112 illa
493 1081 554 1111 alia
585 1079 698 1110 mulier
729 1077 864 1108 liberata
893 1080 950 1114 cst,
981 1085 1077 1116 quain
1108 1073 1147 1104 dc
1178 1073 1315 1103 Tusciae
1352 1073 1498 1114 partibus
1528 1073 1718 1104 convenisse
1748 1072 1923 1103 diximusc.
1967 1070 2060 1101 Tunc

412 1144 523 1164 omnes
548 1132 600 1172 qui
625 1130 758 1160 aderant
782 1129 813 1158 in
838 1133 1000 1168 stuporem
1031 1131 1061 1156 ct
1083 1125 1328 1156 admirationem
1354 1124 1499 1155 conversi
1523 1129 1697 1166 coeperunt
1719 1123 1857 1155 clamare
1883 1127 1915 1154 et
1937 1121 2061 1153 dicere:

412 1186 537 1215 ‘Sancte
568 1183 642 1213 Leo.
678 1191 773 1222 parce
804 1179 907 1217 nobis,
948 1184 1056 1217 sancte
1089 1176 1165 1216 Leo,
1200 1175 1331 1216 indulge
1365 1176 1468 1214 nobis,
1503 1181 1534 1207 et
1568 1177 1643 1218 quia
1674 1174 1808 1206 multum
1840 1174 2058 1216 peccavimus,

413 1237 561 1266 miserere
585 1232 694 1264 nobis'.
741 1231 863 1262 Eadem
888 1235 993 1260 autem
1019 1228 1096 1259 liora
1120 1228 1183 1259 duo
1207 1239 1337 1270 quoque
1361 1228 1515 1259 contracti
1539 1228 1642 1258 sanati
1666 1234 1749 1268 sunt,
1779 1227 1834 1268 qui
1857 1236 1915 1268 per
1937 1235 1972 1256 se
1995 1235 2060 1255 am-

413 1287 521 1318 bulare
549 1296 610 1316 non
635 1289 791 1326 poterant.
838 1282 912 1323 Ipsa
942 1286 1048 1311 autem
1078 1279 1189 1310 eadem
1221 1279 1274 1311 die
1302 1280 1364 1310 iam
1397 1280 1483 1310 circa
1511 1290 1683 1321 vesperum
1712 1279 1801 1310 venit
1829 1277 1872 1309 ad
1901 1275 2058 1308 tumulum

414 1340 494 1370 beati
520 1338 578 1367 viri
606 1337 700 1366 homo
734 1334 864 1376 quidam
890 1332 1004 1363 surdus
1033 1336 1064 1362 et
1095 1337 1211 1370 mutus,
1243 1332 1298 1373 qui
1322 1332 1419 1372 etiam
1450 1331 1491 1362 ad
1515 1330 1679 1362 cumulum
1713 1331 1791 1361 tanti
1824 1329 1898 1361 mali
1928 1328 2059 1371 paralisi

413 1390 601 1431 gravissima
625 1387 802 1418 tenebatur.
847 1385 961 1416 Statim
985 1391 1092 1414 autem
1118 1388 1153 1414 ut
1174 1383 1214 1414 ad
1239 1382 1396 1414 tumulum
1420 1383 1566 1422 accessit,
1591 1393 1688 1413 sanus
1711 1388 1743 1413 et
1764 1381 1934 1412 incolumis
1956 1380 2060 1412 faetus

414 1441 569 1484 loquelam
601 1440 719 1481 pariter
750 1444 779 1468 ct
810 1436 956 1468 auditum
988 1435 1140 1476 recepit¹.
1187 1434 1290 1466 Multa
1320 1434 1450 1476 quidem
1479 1440 1510 1466 et
1537 1434 1601 1465 alia
1626 1432 1804 1464 miracula‘¹
1834 1433 1912 1475 ipsis
1945 1431 2060 1464 diebus

414 1505 469 1535 poi·
500 1493 628 1523 boatum
660 1490 797 1520 Leonem
822 1488 968 1520 Clu-istus
997 1487 1144 1518 domiuus
1175 1491 1329 1528 operatus
1353 1492 1410 1526 est,
1439 1492 1474 1517 ut
1501 1487 1594 1517 cuius
1623 1491 1708 1517 esset
1736 1485 1841 1516 meriti
1870 1483 1965 1515 nobis
1995 1484 2061 1515 suis

413 1543 560 1575 fidelibus
585 1541 747 1572 revelaret

518 1606 545 1634 Η.
592 1602 672 1633 Illud
698 1612 824 1642 quoque
858 1599 1046 1630 miraculum
1072 1598 1322 1640 pretereundum
1355 1610 1416 1630 non
1447 1605 1504 1637 est,
1537 1598 1623 1640 quod
1646 1598 1804 1629 Iohannes
1835 1597 1885 1628 vir
1908 1597 2060 1638 egregius

417 1656 601 1686 l'ortucnsis
635 1655 806 1694 opiscopus
842 1652 935 1682 michi
970 1651 1119 1682 narravit.
1175 1650 1313 1681 Dicebat
1347 1651 1442 1691 enim,
1478 1650 1563 1692 quod
1600 1649 1639 1681 de
1673 1650 1820 1692 partibus
1853 1647 2060 1690 transalpinis

414 1708 531 1737 ('uri:1c
557 1706 695 1736 civitatis
719 1705 911 1745 episcopus²
937 1703 1055 1733 eisdem
1081 1702 1145 1733 fere
1169 1701 1283 1733 diebus
1306 1702 1439 1733 Romam
1465 1709 1606 1741 venerat,
1630 1703 1662 1733 in
1686 1702 1778 1733 cuius
1795 1701 1969 1732 eomitatue
1993 1705 2063 1731 erat

415 1759 544 1801 quidam
578 1755 800 1793 homunculus,
839 1755 892 1796 qui
924 1754 964 1785 ab
1000 1754 1132 1784 infantia
1165 1758 1282 1794 mutus,
1318 1765 1482 1795 nunquam
1515 1753 1640 1784 locutus
1672 1753 1784 1784 fuerat.
1829 1751 1925 1783 Hune
1954 1756 2059 1782 autem

416 1811 591 1840 servientes
615 1809 760 1849 episcopi
786 1818 882 1848 super
905 1806 1083 1847 sagmarios
1107 1816 1214 1836 secum
1239 1805 1396 1845 ferebant,
1427 1805 1578 1847 quoniam
1604 1805 1644 1836 ad
1670 1805 1811 1836 sarcinas
1835 1802 2063 1834 custodiendas

417 1861 517 1891 tidelis
541 1860 634 1891 valdo
665 1866 693 1890 et
718 1859 851 1889 idoneus
875 1864 951 1889 erat.
997 1858 1058 1888 Die
1088 1863 1194 1888 autem
1225 1857 1363 1899 quadam
1394 1868 1466 1888 cum
1497 1857 1604 1888 adhuc
1630 1855 1794 1898 predictus
1824 1856 1998 1898 episcopus
2029 1855 2061 1886 in

417 1913 494 1943 urbe
520 1918 705 1949 moraretur,
731 1916 838 1940 mutus
862 1909 923 1942 ille.
954 1909 993 1939 de
1018 1920 1080 1951 quo
1105 1909 1256 1947 diximus,
1287 1909 1371 1940 beati
1397 1909 1483 1940 Petri
1507 1908 1679 1940 aeclesiam
1704 1909 1870 1949 ingressus
1894 1912 1951 1938 est.
1997 1905 2061 1945 Qui

416 1976 486 1994 cum
510 1964 549 1994 ad
575 1964 656 1993 beati
685 1962 800 1993 Leonis
823 1961 1027 2003 sepulchrum
1060 1960 1170 1991 turbas
1195 1961 1337 1991 oninium
1369 1960 1512 2002 undique
1543 1960 1703 1992 confluere
1727 1959 1960 2001 conspexisset,
1991 1958 2062 2000 ipse

418 2027 544 2057 ‹pi-»que
575 2015 708 2044 accessit
742 2013 826 2044 illuc.
882 2012 974 2043 Tunc
1004 2024 1079 2043 vero
1109 2013 1354 2043 circumstantes
1383 2011 1610 2053 intelligentes,
1644 2011 1729 2053 quod
1761 2017 1869 2042 mutus
1902 2014 1996 2050 esset,
2028 2014 2063 2040 ut

418 2066 532 2097 talibus
557 2065 738 2096 hominibus
762 2066 865 2095 facere
889 2064 1001 2103 solent,
1034 2065 1135 2104 signis
1159 2064 1186 2094 ci
1212 2063 1404 2106 quibusdam
1428 2065 1559 2095 innuere
1583 2068 1769 2104 coeperunt,
1797 2068 1830 2093 ut
1854 2073 1888 2093 se
1912 2061 1953 2092 ad
1976 2060 2063 2092 beati

420 2119 477 2147 riri
515 2117 717 2158 sepulchrum
755 2116 947 2155 humiliaret,
991 2126 1103 2156 preces
1136 2115 1286 2146 funderet
1318 2124 1348 2147 ct
1378 2127 1435 2157 pro
1466 2127 1525 2146 sua
1555 2115 1657 2146 salute
1687 2113 1886 2146 salvatorem
1917 2113 2062 2144 omnium

419 2175 573 2199 exoraret.
620 2169 847 2205 significantes
877 2168 904 2197 ci
936 2167 995 2197 hoc
1023 2178 1092 2197 esse
1125 2166 1340 2208 sepulchrum.
1373 2168 1404 2197 in
1429 2178 1492 2209 quo
1518 2167 1631 2198 beatus
1654 2165 1720 2198 Leo
1751 2164 1948 2208 quiescebat.
1993 2164 2060 2195 lam

418 2222 500 2249 «nim
527 2219 609 2249 illius
635 2220 760 2249 virtutis
791 2220 875 2249 fama
901 2218 1019 2260 ubique
1044 2218 1209 2259 divulgata
1233 2226 1310 2257 erat,
1340 2225 1370 2250 ct
1394 2218 1483 2250 multi
1507 2218 1649 2260 undique
1678 2216 1753 2248 illuc
1776 2217 1942 2248 venientes
1966 2215 2063 2247 variis

418 2271 651 2307 egritudinibus
676 2270 880 2300 sanabantur.
926 2271 1071 2301 Accessit
1094 2271 1190 2309 igitur
1212 2269 1264 2300 illc
1287 2270 1326 2301 ad
1351 2273 1508 2301 tumulum
1534 2277 1564 2301 et
1587 2281 1620 2301 se
1643 2274 1711 2300 toto
1735 2278 1868 2310 corpore
1891 2268 1922 2299 in
1947 2274 2062 2299 terram

421 2323 599 2362 pruni-:irin
657 2324 801 2362 Numqui-
834 2321 954 2351 (liutius
983 2322 1026 2352 ibi
1057 2322 1184 2354 iaceret.
1217 2333 1327 2352 somno
1359 2329 1511 2363 gravatus
1543 2320 1748 2353 obdormivit.
1792 2320 1869 2351 Post
1899 2319 2061 2362 paululum

421 2384 495 2401 νι-ικ·
520 2373 762 2413 vxpvrgvsactus
794 2373 932 2403 surrexit
962 2379 1090 2414 tamque
1119 2373 1265 2403 absolute
1295 2372 1379 2415 loqui
1405 2375 1520 2415 coepit,
1552 2374 1618 2404 acsi
1647 2372 1776 2413 linguae
1798 2371 2061 2414 impedimentum

421 2423 538 2453 nullum
565 2424 734 2463 aliqnando
761 2436 871 2465 passus
897 2425 1018 2455 suisset.
1064 2425 1220 2465 Stupents
1245 2436 1365 2464 omnes,
1389 2425 1531 2466 gaudent
1555 2430 1584 2456 ct
1601 2424 1756 2462 exultant,
1780 2433 1840 2454 nec
1861 2422 1950 2454 illum
1967 2421 2063 2454 semel

421 2475 546 2504 :iu-lissi·
578 2476 703 2504 suflicit.
750 2475 840 2505 iuvat
871 2487 942 2505 eum
974 2477 1170 2517 interrogare
1209 2482 1240 2507 et
1268 2487 1339 2507 euni
1372 2476 1554 2519 loquentem
1591 2483 1622 2508 et
1659 2475 1909 2517 respondentem
1938 2474 2062 2505 audire.

421 2525 562 2555 'sandow
590 2526 627 2555 :nl
653 2527 749 2555 sotios
774 2528 950 2557 revortitur.
997 2528 1059 2565 Qui
1085 2535 1255 2569 postquam
1287 2539 1359 2558 cuin
1385 2528 1566 2570 loquentem
1591 2528 1736 2568 audiunt,
1767 2526 1841 2559 laeti
1867 2525 1959 2557 valde
1989 2535 2061 2556 cum

534 2624 558 2645 n)
580 2622 628 2643 alia
654 2623 673 2643 1.
751 2622 776 2643 l»
798 2627 887 2652 iirvptu
912 2625 932 2646 1.
1010 2630 1032 2646 o*
1057 2624 1168 2647 dit-imus
1190 2624 1279 2648 eadem
1301 2633 1380 2648 mann
1403 2633 1469 2648 corr.
1492 2624 1606 2649 diximus
1629 2625 1651 2648 l.
1727 2623 1755 2654 d)
1777 2623 1896 2648 eiusdem
1917 2621 1993 2652 add„
2013 2620 2062 2646 ned

422 2666 470 2689 ιΙΛ,
497 2668 517 2690 l,
594 2675 615 2687 ν’
639 2673 791 2689 coriambum
818 2670 838 2691 l.
914 2669 934 2691 θ’)
957 2677 1020 2692 '‘ssrr.
1044 2678 1073 2691 'J'
1095 2671 1187 2700 Stupet
1212 2671 1232 2693 1.

532 2756 539 2778 1
555 2766 557 2775 v
583 2755 686 2780 Mil-nv.
702 2758 730 2780 Ν.
749 2756 845 2780 [rania
900 2759 931 2781 2⁴:
957 2756 1065 2781 miurus
1091 2763 1131 2782 cst
1155 2767 1170 2782 :i
1187 2757 1318 2789 vinculis,
1340 2757 1444 2792 quihus
1462 2766 1567 2792 corpus
1584 2758 1661 2784 illius
1677 2757 1842 2784 tenebatur.
1913 2756 1944 2791 2)
1970 2755 2060 2782 Thiet·

424 2815 524 2831 urm-ns.
573 2806 645 2830 Idm,
672 2807 834 2830 νιιίυιιίιπίιιη
861 2811 957 2831 ,πυ-ιη(
985 2808 1149 2833 itt-›iderius
1172 2809 1259 2834 abhas
1285 2809 1402 2841 Cassia,
1427 2810 1499 2835 Acta
1525 2810 1579 2836 SS.
1598 2811 1665 2844 Apr.
1683 2809 1724 2842 II,
1747 2818 1774 2843 p.
1794 2808 1864 2835 672.

2078 722 2104 742 10

2079 979 2106 1000 1⁶
