2132 3067
541 158 592 184 DE
614 157 785 184 UNITATE
808 158 1016 186 ECCLESIAE
1039 159 1333 189 CONSERVANDA.
1703 158 1764 190 263

115 245 199 276 circa
222 245 402 286 Egbertum
436 246 653 277 marchionem
685 247 762 278 ultio
793 247 903 278 divina
927 249 1074 289 cessavit,
1099 251 1260 291 quoniam,
1292 262 1363 282 cum
1397 252 1465 292 ipsc
1489 251 1652 282 Heni-iclio
1679 251 1770 282 alteri

117 298 281 328 Saxonum
306 296 483 328 marchioni
499 308 589 328 arma
612 297 764 337 intuliset,
786 298 934 340 plurimis
958 311 1089 330 suorum
1110 302 1236 332 amissis
1253 303 1355 332 victus
1379 302 1418 334 de
1440 303 1558 344 praelio
1575 303 1709 344 aufugit,
1733 315 1770 334 ac

115 348 231 379 deinde
252 359 324 379 cum
346 349 480 379 fuissent
497 360 609 380 manus
627 351 768 381 omnium
789 351 972 392 principum
985 351 1147 382 saxoniae
1166 360 1276 384 contra
1295 365 1367 384 eum
1386 360 1415 385 et
1433 366 1545 385 manus
1561 356 1642 385 ‘eius
1660 362 1769 386 contra

114 411 234 438 omnes,
252 406 413 441 postremo
430 401 654 432 miserabiliter
667 403 791 432 occisus
805 408 861 441 est,
878 403 1023 444 proditus
1036 404 1067 433 in
1083 404 1222 445 quodam
1236 406 1377 445 tugurio,
1396 412 1429 436 ut
1443 418 1504 436 non
1517 406 1621 437 dicam
1637 407 1668 438 id
1682 408 1767 449 quod

85 463 98 483 5
114 452 220 482 verius
244 458 301 492 est,
326 452 358 482 in
382 451 602 492 molendin0¹3
628 454 738 495 sicque
762 454 868 495 regiae
892 454 1066 485 nobilitatis
1089 455 1276 487 adolescens
1298 456 1414 488 bellum
1432 460 1680 497 consummavit,
1705 470 1767 501 quo

113 514 249 543 regnum
274 503 335 534 sibi
360 515 547 544 expugnare
572 505 740 546 quaesivit.

218 555 268 588 36,
308 556 420 585 Annus
444 562 520 586 tunc
540 562 608 587 erat
623 557 664 587 ab
682 557 902 588 incarnatione
920 557 1052 588 Domini
1070 558 1280 599 MLXXXX,
1305 560 1432 601 quando
1451 563 1578 592 occisus
1595 568 1642 592 est
1659 573 1767 604 supra-

113 605 218 637 dictus
235 607 376 637 marchio
395 607 565 648 Egbertus.
604 607 727 638 Eodem
746 609 841 639 etiam
859 620 943 639 anno
961 609 1130 640 defunctus
1147 617 1193 641 est
1210 610 1401 653 Liudolfusa
1426 612 1492 643 dux
1511 613 1766 655 Carentinorum,

113 668 185 688 cum
202 664 233 689 et
246 659 313 699 ipse
331 665 498 700 appeteret
516 671 648 700 regnum
661 666 672 681 ²
689 667 800 690 contra
815 660 1042 701 imperatorem
1057 661 1267 699 Henrichum,
1284 670 1380 705 atque
1395 664 1525 697 Bertolt.
1544 665 1627 696 tilius
1642 666 1768 697 Rudolfi

66 720 93 739 ιο
111 709 198 750 regis
221 710 382 751 quondam
409 712 587 753 Saxonum,
611 713 643 742 in
666 712 737 753 ipso
761 713 938 742 iuventutis
961 723 1037 743 suae
1060 712 1138 743 flore
1162 714 1331 745 defunctus
1355 721 1412 753 est,
1436 724 1466 747 et
1487 716 1564 758 Hug
1587 718 1768 758 potentissi-

113 771 183 791 mus
200 772 306 792 comes
323 762 492 793 Alsaciae³
512 770 583 804 post
600 763 700 794 multa
722 763 873 801 crudelia,
899 774 982 805 quae
1006 764 1124 795 fecerat
1148 765 1199 796 vel
1223 767 1253 796 in
1280 766 1418 798 ecclesia
1440 767 1490 798 vel
1513 768 1544 798 in
1570 780 1603 799 re
1629 770 1768 810 publica,

112 813 238 843 occisus
262 818 318 844 est.
355 814 407 845 De
431 814 550 845 talibus
574 815 691 846 dicitur
706 826 724 844 a
744 815 883 846 Domino
908 827 965 856 per
981 815 1172 847 Zachariam
1191 818 1379 859 proplietam
1397 819 1436 849 ad
1454 819 1635 851 Zorobabel
1653 821 1766 852 ducem

111 864 208 895 Iuda:
232 865 308 896 Non
334 866 368 895 in
392 868 537 896 eoeercitu
561 878 618 898 nec
641 868 678 898 in
701 868 814 898 robore
837 867 1011 908 superabis
1034 868 1256 910 adversarios,
1279 870 1386 900 sedin
1403 872 1524 912 spiritu
1543 884 1620 911 meo,
1645 872 1704 903 hoc
1720 881 1767 904 est

111 916 142 946 in
166 915 391 948 observatione
415 917 494 959 legis
511 917 584 958 Dei,
608 918 689 949 dicit
705 919 870 950 Dominus
891 921 1101 950 emer-citatem.
1140 920 1215 951 Fuit
1232 921 1314 951 enim
1334 921 1509 963 imperator
1525 930 1600 954 tunc
1617 925 1646 954 in
1665 924 1767 964 Italia,

65 978 91 998 15
110 968 239 1010 quando
263 968 341 999 haec
365 969 451 999 circa
473 969 675 1000 adversarios
699 981 775 1000 suos
799 976 874 1001 sunt
896 978 1004 1012 gesta3
1029 982 1125 1012 quam
1151 971 1275 1003 scilicet
1298 974 1425 1003 tertiam
1444 973 1518 1004 illue
1536 976 1766 1016 profectionem

107 1019 229 1051 fecerat
250 1021 426 1062 praecipue
450 1027 561 1052 contra
585 1021 784 1061 Mathildam,
807 1021 975 1053 fautricem
1002 1022 1206 1055 Hildebranti
1231 1035 1350 1066 papae:
1379 1026 1470 1056 cuius
1493 1026 1615 1058 scilicet
1637 1028 1767 1058 secretis

108 1072 312 1103 sermonibus
334 1073 531 1111 assuefacta,
563 1085 602 1103 nc
632 1073 737 1104 adhuc
767 1074 900 1116 quidem
924 1080 1031 1116 potest
1055 1076 1228 1116 compesci,
1254 1076 1467 1108 muliebribus
1491 1078 1581 1108 furiis
1605 1080 1766 1119 instincta,

111 1129 146 1155 ut
167 1134 281 1165 pacem
306 1135 401 1166 quam
427 1123 546 1155 bellum
571 1125 661 1156 malit
684 1131 715 1156 et
739 1132 773 1156 ut
796 1125 893 1156 rebus
917 1127 982 1157 suis
1006 1127 1069 1156 iam
1094 1137 1195 1169 usque
1217 1128 1257 1158 ad
1275 1127 1422 1158 ultimum
1441 1140 1522 1170 pene
1539 1132 1765 1161 exterminium

109 1174 275 1217 dissipatis
299 1175 463 1207 consulere
486 1176 571 1215 velit,
596 1187 667 1207 cum
693 1177 847 1208 hactenus
871 1178 941 1220 ipsa
966 1178 1061 1209 fuerit
1084 1186 1278 1220 praepotens
1302 1179 1434 1220 divitiis,
1459 1188 1571 1222 utpote
1591 1181 1656 1213 filia
1673 1183 1766 1213 Boni-

7 1263 14 1269 .
61 1236 89 1255 20
108 1227 184 1257 facii
207 1227 411 1258 marchionis.
449 1227 561 1269 Neque
586 1239 660 1259 vero
676 1229 792 1260 Petrus
817 1230 884 1260 sive
900 1229 1019 1260 Paulus
1038 1229 1216 1260 doctrinam
1234 1232 1448 1262 contentionis
1465 1233 1669 1264 dictaverunt
1692 1245 1766 1265 cum

110 1278 311 1319 mulieribus,
342 1279 398 1310 sed
423 1290 505 1309 unus
529 1281 695 1322 praecepit
718 1281 880 1311 infirmum
906 1293 962 1311 vas
987 1281 1141 1312 muliebre
1166 1288 1286 1313 castam
1311 1294 1400 1314 suam
1426 1286 1703 1316 conversationem
1734 1287 1766 1316 in

109 1331 222 1361 timore
251 1331 473 1370 considerare,
503 1330 585 1362 alter
613 1343 689 1363 vero
720 1332 817 1364 docet,
839 1332 988 1363 mulieres
1013 1344 1046 1363 se
1071 1344 1183 1364 ornare
1207 1345 1279 1365 cum
1305 1336 1501 1366 verecundia
1525 1342 1556 1367 et
1580 1337 1764 1377 sobrietate,

107 1388 140 1414 et
162 1382 249 1425 quod
272 1383 365 1414 decet
387 1382 537 1414 mulieres
561 1385 711 1425 pietatem
737 1395 793 1426 per
817 1385 899 1415 bona
924 1395 1021 1425 opera
1046 1386 1241 1426 promittere.
1279 1386 1374 1417 Nunc
1397 1393 1503 1418 autem
1521 1388 1612 1429 aliter
1629 1388 1765 1420 Mathild

106 1433 162 1465 illa
184 1435 331 1465 instituta
355 1443 428 1476 post
451 1440 601 1466 octavum
625 1445 754 1477 quoque
777 1447 908 1475 annum,
933 1447 996 1477 quo
1021 1436 1191 1467 defunctus
1209 1443 1256 1468 est
1272 1438 1465 1470 Hildebrant
1481 1439 1647 1470 familiaris
1664 1441 1731 1471 eius
1743 1447 1764 1482 ⁴,

60 1495 87 1514 25
107 1485 251 1517 defendit
272 1477 464 1528 pronissime
489 1492 600 1518 contra
623 1486 731 1517 sedem
756 1487 965 1529 apostolicam
991 1493 1022 1519 et
1045 1495 1155 1519 contra
1179 1490 1404 1530 imperatorem
1431 1497 1555 1532 partem
1573 1492 1684 1533 ipsius,
1709 1493 1763 1534 qui

107 1544 238 1580 propter
259 1538 410 1580 frequens
433 1550 506 1569 cum
531 1549 568 1569 ea
592 1543 623 1568 et
645 1537 803 1569 familiare
827 1538 1021 1581 colloquium
1039 1542 1207 1580 generavit
1223 1540 1369 1582 plurimis
1387 1548 1546 1574 scaevae⁵
1569 1545 1764 1585 suspicionis

106 1589 305 1629 scandalum,
329 1590 404 1621 dum
428 1601 492 1620 non
517 1589 702 1621 observavit
725 1591 879 1621 attentius
903 1591 1046 1621 divinum
1073 1591 1152 1622 illud
1177 1592 1268 1623 Lucii
1302 1599 1427 1635 papae⁶
1453 1595 1656 1625 mandatum:
1687 1596 1763 1627 Duo

104 1642 298 1684 presbyteri,
328 1642 445 1684 inquit,
475 1647 504 1673 et
534 1647 597 1673 tres
620 1642 758 1673 diaconi
781 1644 817 1673 in
842 1644 929 1673 omni
951 1643 1018 1674 loco
1042 1655 1107 1674 non
1132 1644 1283 1676 deserant
1307 1646 1496 1688 episcopum
1516 1652 1654 1688 propter
1677 1648 1761 1678 testi-

106 1695 250 1724 monium
273 1693 395 1725 scilicet
417 1694 679 1725 ecclesiasticum.
725 1693 838 1725 Posuit
869 1699 976 1725 autem
1002 1694 1196 1727 Hildebrant
1226 1697 1372 1738 partemb
1406 1708 1496 1729 suam
1521 1709 1592 1728 cum
1618 1697 1672 1729 illa
1695 1710 1761 1729 mu-

57 1752 85 1772 80
105 1744 181 1776 licre
204 1745 329 1786 rixosa,
359 1750 394 1776 ut
418 1757 475 1787 per
498 1745 582 1776 hunc
606 1756 735 1787 quoque
758 1757 872 1777 sexum
897 1753 1105 1788 oppugnetur
1128 1747 1178 1778 vel
1202 1747 1335 1779 ecclesia
1364 1749 1414 1780 vel
1438 1761 1488 1780 res
1511 1749 1652 1791 publica.
1699 1750 1763 1781 Sed

106 1796 224 1828 dicitur
248 1797 276 1827 ei
301 1808 319 1827 a
344 1797 484 1828 Domino
508 1808 566 1838 per
586 1797 783 1829 Hieremiam
808 1798 1009 1839 proplietam.
1035 1799 1126 1840 quia:
1151 1799 1190 1831 Si
1215 1801 1249 1831 in
1274 1801 1329 1830 via
1347 1800 1412 1831 Dei
1436 1801 1646 1839 ambulasses,
1671 1803 1761 1834 hahi-

104 1854 204 1880 tasses
221 1849 330 1891 utique
346 1849 381 1879 in
397 1860 479 1890 price
495 1861 594 1890 super
609 1854 740 1881 terram.
780 1849 822 1881 Et
838 1850 956 1880 iterum
974 1849 1026 1880 ‘de
1045 1851 1260 1893 participibus
1278 1852 1420 1883 eiusdem
1442 1853 1655 1892 Hildebranti,
1680 1855 1762 1885 inter

105 1911 184 1942 quos
201 1901 297 1931 etiam
314 1906 388 1931 sunt
404 1900 605 1939 Nortmanni,
631 1901 775 1932 homines
799 1901 1031 1932 erudelissimi:
1055 1903 1213 1941 Fuerunt,
1237 1904 1349 1945 inquit,
1375 1906 1539 1935 nontinati
1562 1906 1610 1936 illi
1626 1907 1759 1937 scientes

104 1952 228 1992 bellum,
251 1952 386 1993 ideoque
409 1964 473 1983 ‘non
496 1953 553 1983 Izos
576 1953 671 1994 eleyit
687 1953 861 1993 Dominus,
885 1965 987 1994 ‘neque
1011 1954 1098 1984 viam
1115 1954 1311 1995 disciplinae
1335 1956 1549 1995 ιήυεηενιιηί,ι
1573 1963 1758 1998 propterea,

57 2011 84 2031 ³5
103 2005 157 2045 ait,
176 2005 356 2046 perierunt.
402 2003 493 2034 Sicut
514 2004 598 2035 enim
623 2015 722 2046 supra
743 2005 863 2035 dictum
882 2011 939 2045 est,
963 2005 1118 2036 nominati
1136 2005 1179 2036 illi
1197 2007 1358 2048 principes
1375 2008 1476 2048 regni,
1502 2009 1598 2038 immo
1616 2009 1759 2040 destruc-

103 2060 189 2087 tores
219 2056 312 2096 regni
343 2056 507 2096 perierunt
536 2066 619 2086 anno
643 2056 853 2087 MLXXXX.
885 2057 925 2087 ab
955 2057 1175 2088 incarnatione
1207 2057 1349 2088 Domini.
1396 2059 1458 2089 Hic
1488 2071 1591 2090 annus
1622 2061 1757 2102 insignis

105 2118 233 2150 quoque
262 2113 311 2138 est
341 2113 443 2138 morte
474 2107 688 2139 Adelberonis
719 2114 815 2150 atque
842 2108 1031 2138 Herimanni
1063 2109 1307 2150 episcoporum,
1339 2110 1379 2140 de
1412 2112 1528 2152 quibus
1557 2111 1678 2142 dictum
1710 2120 1757 2144 est

104 2165 232 2201 supra‘1,
257 2159 296 2190 de
319 2158 436 2201 quibus
460 2159 556 2190 etiam
581 2160 694 2190 scribit
717 2165 848 2190 sanctus
874 2159 939 2190 Leo
969 2165 1089 2201 papass:
1120 2161 1205 2199 Nos,
1234 2162 1397 2203 inquiens,
1430 2163 1546 2204 quibus
1576 2164 1756 2195 viventibus

103 2222 169 2242 ‘non
192 2212 511 2249 communicavimus,
535 2212 632 2242 etiam
652 2212 787 2242 mortuis
803 2214 1043 2243 communicare
1068 2223 1133 2243 non
1152 2224 1340 2254 possumus.
1378 2214 1445 2255 Ipsi
1463 2215 1591 2256 quidem
1609 2217 1757 2248 exierunt

57 2270 86 2289 ⁴0
104 2273 144 2294 ex
166 2262 270 2303 nobis,
293 2274 355 2293 non
380 2273 438 2293 nos
461 2274 501 2293 ex
525 2262 596 2301 illis,
621 2262 677 2294 sed
700 2273 764 2293 non
788 2268 878 2294 erant
901 2274 942 2293 ex
965 2263 1068 2301 nobis,
1093 2264 1168 2305 quia
1190 2265 1221 2295 si
1235 2266 1385 2306 fuissent
1408 2277 1448 2297 ew
1470 2267 1574 2307 nobis,
1601 2279 1754 2308 perman-

103 2315 219 2345 sissent
241 2316 352 2356 utique
381 2314 564 2354 ‘nohis-cum,
596 2315 680 2345 sicut
710 2313 828 2345 dicitur
858 2325 915 2356 per
938 2315 1114 2346 Iohannem
1147 2316 1338 2358 apostolum.
1385 2317 1479 2348 Unde
1510 2323 1541 2349 et
1573 2319 1756 2361 Cyprianus

214 2419 240 2451 a)
262 2420 340 2444 Luid.
364 2421 386 2445 1.
463 2420 489 2451 b)
512 2428 538 2451 p.
560 2427 619 2444 cum
639 2420 686 2444 illa
706 2428 781 2444 suam
806 2421 827 2445 l.

212 2512 240 2545 1)
264 2512 310 2538 De
332 2514 416 2539 caede
439 2514 558 2547 Eyberti
580 2513 618 2546 cs.
635 2514 706 2541 Arm.
725 2514 870 2546 Hildesh.;
894 2515 1000 2544 Eldceh,
1025 2515 1109 2548 Clzr.,·
1132 2515 1203 2543 Arm.
1232 2516 1391 2551 Ostenbur.‚·
1416 2517 1480 2544 Chr.
1505 2517 1665 2552 Sampetr.;
1691 2519 1753 2545 Chr.

106 2570 167 2596 epp.
190 2563 338 2598 Hileia-h„-
374 2564 404 2591 V.
428 2565 560 2591 Heinriei
582 2565 633 2598 IV,
658 2575 681 2592 c.
700 2565 734 2591 5.-
762 2565 790 2590 in
814 2565 982 2591 molendino
1006 2570 1185 2601 peremptus.
1295 2568 1324 2602 2)
1354 2569 1514 2596 Walramus
1541 2569 1592 2595 Izoc
1618 2570 1693 2595 solas
1721 2571 1754 2596 de

57 2622 86 2642 45
106 2613 164 2640 eine
186 2615 340 2649 cupiditate
362 2617 501 2650 reymundi
522 2617 629 2644 scribit.
733 2617 762 2651 3)
788 2617 881 2643 Comes
903 2618 936 2643 cle
960 2618 1140 2652 Eyinisheim.
1251 2619 1280 2654 4)
1304 2620 1349 2645 Ex
1371 2620 1414 2646 his
1438 2621 1528 2646 verbis
1551 2621 1645 2656 colss'iqi
1665 2625 1753 2655 polest

105 2664 173 2691 haec
195 2675 222 2693 α.
242 2666 331 2693 1093.
355 2667 462 2702 scripta
493 2676 559 2695 esse.
680 2669 709 2702 5)
732 2669 757 2694 I.
783 2677 805 2695 e.
829 2669 991 2695 ‘Nachtlaeil
1014 2670 1171 2704 brinqend',
1201 2680 1254 2696 non
1279 2669 1422 2698 ‘tha'richc’
1446 2675 1475 2698 ut
1498 2672 1624 2699 Sclziiber
1644 2673 1674 2698 in
1698 2673 1751 2698 <Iis-

100 2717 246 2749 putatz'one
275 2718 434 2751 ‘Vorura'h-fe
465 2720 522 2745 und
552 2720 698 2753 Avklaqen
726 2729 814 2754 yeqen
845 2720 956 2754 Greqor
985 2721 1049 2747 VII.
1079 2731 1131 2747 ‹zzcs
1160 2722 1213 2748 den
1244 2722 1387 2755 Sclzrzjflen
1418 2724 1509 2749 seiner
1538 2724 1752 2758 Zeilyenossen',

107 2767 248 2796 Nordlms.
276 2770 364 2802 1873,
385 2779 415 2803 p,
434 2770 461 2799 4,
485 2771 553 2797 vult.
664 2771 692 2805 6)
719 2771 869 2798 Hirr-sebius
891 2772 910 2798 l.
928 2772 946 2798 l.
966 2781 997 2806 p.
1019 2773 1088 2799 175.
1199 2774 1226 2807 7)
1252 2774 1281 2800 C.
1307 2774 1356 2802 ⁸29.
1380 2774 1429 2800 30.
1543 2776 1572 2809 8)
1597 2775 1641 2808 Cf.
1665 2784 1751 2809 supra

103 2828 133 2853 p.
150 2819 220 2853 256,
242 2830 270 2848 π.
290 2822 316 2848 1.

1790 352 1847 371 Gen.
1861 353 1892 373 15,
1907 355 1938 372 12.

1789 381 1878 405 ‘p.11·1.

1789 678 1841 697 Mai.
1854 679 1885 697 18.

1788 833 1877 857 Sept.4.

1787 882 1854 900 Zaeh.
1865 883 1886 905 4,
1896 883 1917 900 6.

1789 1294 1905 1318 1.Petr.3,
1917 1295 1935 1314 7.

1788 1330 1805 1346 1.
1817 1329 1877 1348 Tim.
1887 1331 1906 1354 2,

1815 1358 1835 1378 9.
1847 1359 1879 1378 10.

1782 1812 1834 1831 Bar.
1844 1813 1864 1833 3,
1877 1813 1909 1832 13.

1782 1864 1815 1888 ’μ
1824 1867 1871 1884 115.

1781 1899 1833 1919 nar.
1842 1900 1862 1920 3,
1874 1901 1927 1918 21}—

1839 1932 1848 1941 ιι

1779 2278 1854 2298 1.1oh.
1863 2279 1925 2300 2.19.
