2132 3067
499 173 549 199 DE
572 172 741 200 UNITATE
763 172 974 200 ECCLESIAE
999 173 1293 201 CONSERVANDA.
1662 172 1723 203 ‘233

75 263 171 300 teriit‚
194 272 235 292 ex
259 272 321 303 quo
345 261 468 292 scilicet
492 261 602 292 divino
625 261 745 292 iudicio
769 262 971 292 manifestum
990 269 1047 296 est,
1073 263 1176 304 qualis
1200 265 1295 294 etiam
1320 264 1388 305 ipse
1412 264 1518 302 fuerit,
1542 266 1594 306 qui
1620 264 1724 295 adhuc
1766 277 1828 295 ιοετ.

74 312 185 356 procul
209 312 307 343 dubio
331 312 598 344 subintroductus
630 319 688 352 est,
721 318 755 343 ut
783 313 933 343 incendia
958 313 1160 345 Hildebranti
1191 316 1252 345 iam
1285 315 1428 346 defuncti
1458 317 1663 347 resuscitaret
1693 320 1724 347 et
1745 306 1799 330 ⁵³⁵²
1821 307 1852 325 Μ’

75 365 201 398 hereses
224 371 321 406 atque
345 364 496 395 scismata
519 364 604 394 illius
627 375 668 395 ex
691 365 771 394 tanti
796 365 1003 406 pontificatus
1027 367 1217 397 auctoritate
1241 367 1473 399 confirmaret¹.
1526 367 1631 409 Saepe
1655 368 1723 410 qui-

75 417 145 448 dem
171 421 299 446 satanas
323 416 481 457 expetivit
498 416 639 453 Petrum,
663 420 697 445 ut
721 415 880 447 cribraret
904 419 987 447 sicut
1011 419 1165 448 triticum.
1205 418 1270 448 Sed
1293 430 1361 459 ⁶290,
1384 418 1467 449 dixit
1483 419 1583 456 Iesus,
1608 421 1724 460 royavi
1744 416 1886 464 L¹¹⁰'3²J2‘j''³¹·

42 482 54 500 5
70 480 133 510 pro
156 473 194 506 te,
224 472 259 497 ut
282 478 348 498 uon
373 467 505 507 deficiat
530 467 612 506 fides
635 471 701 506 tua,
732 467 831 498 Perre.
885 467 1001 498 Petrus
1030 469 1149 509 quippe
1178 470 1355 500 ministerio
1379 475 1426 501 est
1450 470 1603 501 ecclesiae
1628 481 1724 512 super

75 525 207 561 petram,
238 519 290 560 qui
317 518 464 549 Christus
488 523 545 556 est,
569 518 732 556 fundatae,
758 524 789 549 et
812 518 933 549 idcirco
954 525 1068 560 portae
1093 520 1194 560 inferi
1217 532 1280 551 uon
1303 521 1541 562 praevalebunt
1566 523 1722 553 adversus
1743 535 1895 553 mannisis.

30 600 34 602 .
74 583 154 611 eam,
176 570 328 612 quoniam
352 570 422 611 ipse
439 569 587 601 Christus
611 581 709 612 super
733 575 833 600 semet
857 570 962 611 ipsum
986 570 1169 602 aedificavit
1191 582 1271 608 eam,
1294 578 1390 614 atque
1415 572 1485 603 ideo
1510 586 1600 604 nemo
1621 579 1721 614 potest
1745 590 1751 605 l
1772 587 1891 607 cursu⁴

75 623 168 654 aliud
182 622 444 663 fundamentum
464 633 584 663 ponere
608 627 833 663 praeterquam
859 621 944 663 quod
970 623 1109 663 positum
1129 633 1199 653 esse
1220 623 1297 653 dicit
1314 625 1442 664 sapiens
1459 623 1510 655 ille
1527 626 1721 656 architectus

74 673 192 705 Paulus
215 672 389 715 apostolus,
414 674 471 715 qui
494 678 537 704 est
557 673 705 705 Christus
722 673 822 712 Iesus,
846 683 918 702 cum
945 673 1079 704 ecclesia
1103 673 1196 704 huius
1216 676 1330 716 capitis
1354 676 1394 706 sit
1417 687 1544 717 corpus,
1569 688 1608 707 ex
1631 678 1722 707 cuius

28 738 54 757 ιο
74 726 203 757 unitatis
227 725 380 755 societate
404 725 550 766 quisquis
571 725 764 763 discesserit,
788 724 873 754 hunc
890 724 1042 764 alienum,
1068 726 1237 766 profanum
1262 733 1292 757 et
1317 726 1438 757 bostem
1457 739 1526 758 esse
1544 739 1723 759 consonans

73 778 227 808 iudicium
253 783 434 807 sanctoruni
460 782 586 818 patrum
611 776 738 807 diffinit.
784 775 870 806 Ecce
895 776 1025 818 quidam
1045 778 1189 818 episcopi
1208 784 1409 808 secesserunt
1426 779 1456 809 in
1475 785 1595 820 partem
1616 780 1724 810 Hilde-

74 828 189 867 branti,
215 828 367 859 habentes
391 839 461 859 cam
487 827 588 869 pluris
612 829 706 870 pretii
731 839 827 870 quam
852 828 1094 859 universitatem
1113 828 1287 860 catholicae
1305 829 1460 860 ecclesiae
1478 830 1549 862 Dei.
1590 831 1639 861 Ex
1662 842 1724 873 quo

73 881 190 912 factum
216 886 273 917 est,
298 880 476 911 seminante
498 880 628 910 inimico
653 879 781 910 homine
806 880 836 910 in
861 889 940 920 agro
965 879 1127 911 dominico
1146 880 1317 911 inultorum
1342 881 1566 912 scandalorum
1592 883 1724 915 zizania.

73 938 107 963 ut
130 933 161 962 in
185 932 361 973 episcopiis
384 942 495 962 eorum
520 931 633 962 fierent
656 943 718 962 non
743 932 805 962 iam
830 930 1030 972 baptisteria,
1055 931 1109 962 sed
1134 931 1318 971 homicidia,
1349 943 1412 963 non
1437 934 1519 964 sacri
1544 933 1723 965 chrismatis

27 997 53 1015 ιε»
73 984 280 1022 consecratio,
309 983 364 1014 sed
389 983 520 1014 humani
544 984 710 1024 sanguinis
734 983 858 1021 effusio,
887 994 949 1013 non
975 983 1038 1014 alia
1060 983 1223 1025 quaelibet
1246 983 1365 1015 Christi
1389 990 1420 1015 et
1443 984 1596 1015 ecclesiae
1622 996 1722 1014 sacra-

74 1043 190 1068 menta.
214 1046 296 1077 quae
320 1034 423 1066 solent
445 1035 513 1065 tieri
530 1046 588 1076 per
604 1035 775 1076 episcopos
793 1035 866 1076 Dei,
890 1034 945 1066 sed
963 1043 1201 1071 execramenta‚
1226 1046 1309 1077 quae
1332 1035 1436 1067 solent
1460 1036 1526 1066 fieri
1551 1047 1609 1077 per
1633 1036 1722 1066 mini-

73 1093 154 1118 stros
178 1086 307 1127 diaboli,
332 1087 397 1128 qui,
422 1087 506 1117 sicut
529 1092 659 1117 sanctus
684 1086 893 1128 Cyprianus²
916 1087 1088 1128 episcopus
1113 1086 1234 1127 scribit,
1266 1087 1380 1118 videns
1404 1087 1493 1118 idola
1517 1088 1670 1118 derelicta
1697 1094 1723 1118 et

68 1150 130 1180 per
146 1140 285 1170 nimium
308 1139 507 1170 credentium
527 1138 689 1180 populum
713 1139 803 1169 sedes
828 1151 907 1170 suas
925 1151 962 1169 ac
979 1139 1097 1179 templa
1115 1139 1251 1178 deserta,
1275 1140 1475 1180 eascoyitavit
1492 1151 1604 1170 novam
1620 1140 1721 1180 frau-

74 1191 154 1231 dem,
184 1195 220 1221 ut
243 1190 300 1221 sub
324 1192 397 1232 ipso
421 1190 598 1221 christiani
621 1191 763 1221 nominis
792 1190 885 1221 titulo
905 1190 1012 1231 fallat
1041 1191 1205 1230 incautos,
1236 1191 1421 1232 heresesque
1447 1192 1571 1222 invenit
1593 1196 1619 1222 el
1644 1193 1720 1222 scis-

27 1254 53 1273 2⁰
73 1247 172 1282 mata,
201 1243 320 1283 quibus
351 1242 543 1272 subverteret
563 1241 678 1281 fidem,
709 1247 927 1282 corrumperet
957 1243 1135 1282 veritatem,
1166 1242 1327 1273 scinderet
1356 1244 1523 1274 unitatem.
1571 1242 1663 1273 Unde
1694 1248 1723 1273 et

73 1294 249 1335 supradicti
280 1293 464 1325 sacerdotes
494 1292 710 1331 Hildebranti,
745 1294 952 1324 aestimantes
983 1304 1042 1324 suo
1071 1304 1159 1324 more
1190 1293 1359 1324 ecclesiam
1389 1294 1452 1325 Dei
1483 1300 1537 1325 aut
1568 1295 1722 1325 immitem

73 1356 142 1377 esse
165 1351 221 1377 aut
242 1356 306 1376 non
331 1356 426 1387 posse
448 1357 485 1376 ea
510 1356 592 1387 quae
616 1345 716 1386 ligata
739 1350 812 1375 sunt
835 1344 1014 1384 absolvere,
1039 1345 1256 1377 discesserunt
1278 1345 1320 1376 ab
1344 1345 1517 1376 universali
1533 1345 1670 1376 ecclesia
1694 1352 1724 1377 et

73 1397 273 1439 reliquerunt
295 1398 444 1439 proprias
467 1408 596 1439 quoque
619 1396 771 1428 ecelesias
801 1396 924 1438 absque
955 1396 1110 1438 pastorali
1140 1398 1240 1436 ’θυι-3,
1270 1408 1310 1428 ne
1334 1408 1374 1428 ex
1399 1398 1567 1428 occasione
1592 1408 1668 1427 suae
1691 1398 1723 1428 in
1746 1408 1820 1432 mis.

73 1449 208 1481 ecclesia
231 1450 490 1491 perseverantiae
514 1449 715 1490 contingeret
737 1460 771 1479 se
794 1448 905 1479 videre
928 1448 976 1479 vel
1000 1448 1121 1491 alloqui
1142 1450 1368 1491 imperatorem
1392 1448 1602 1486 Henrichuni,
1626 1460 1722 1490 quem

27 1515 53 1534 25
74 1502 136 1532 iam
159 1501 325 1533 audissent
348 1506 505 1543 perpetuo
528 1511 546 1531 a
570 1511 628 1531 suo
651 1511 737 1542 papa
762 1499 973 1531 Hildebranto
997 1511 1067 1532 esse
1091 1501 1288 1540 damnatum,
1318 1502 1411 1542 quasi
1440 1506 1504 1532 tam
1530 1502 1723 1532 sacrosancti

73 1553 285 1585 anathematis
308 1552 472 1584 vinculum
497 1553 631 1583 ecclesia
656 1553 717 1583 Dei
742 1551 896 1593 deinceps
919 1563 982 1582 non
1007 1558 1117 1594 posset
1148 1552 1282 1593 solvere,
1313 1564 1387 1584 cum
1421 1551 1566 1595 quilibet,
1598 1553 1724 1583 etiamsi

73 1606 154 1636 iuste
177 1605 273 1636 fuerit
295 1605 466 1636 damnatus
490 1609 521 1635 et
544 1605 738 1646 resipiscens
763 1609 876 1645 postea
899 1605 1076 1636 correxerit
1091 1615 1230 1635 errorem
1248 1615 1352 1643 suum,
1375 1610 1609 1646 consequenter
1625 1606 1726 1646 possit

73 1657 207 1696 absolvi,
230 1656 326 1688 talem
351 1668 370 1687 a
386 1656 458 1687 Deo
482 1662 648 1697 acceptam
673 1661 863 1697 potestatem
889 1656 1025 1687 ecclesia
1047 1656 1196 1687 habente.
1235 1657 1314 1687 Est3
1338 1657 1467 1698 quidem
1490 1661 1656 1698 peccatum
1680 1657 1725 1687 ad

72 1715 212 1748 mortem,
243 1720 310 1740 ‘non
334 1708 408 1739 dico
431 1713 600 1739 uteretur
618 1719 684 1749 pro
712 1719 758 1748 eo,
788 1709 833 1739 ait
856 1707 1015 1739 Iohannes
1045 1707 1220 1750 apostolus,
1251 1713 1279 1738 et
1310 1713 1353 1739 est
1383 1713 1551 1749 peccatum
1582 1720 1647 1739 uon
1681 1708 1725 1738 ad

25 1774 53 1793 so
73 1766 212 1801 mortem,
235 1761 308 1792 dico
333 1765 367 1791 ut
390 1764 499 1791 oretur
519 1770 583 1801 pro
606 1771 650 1790 eo.
690 1759 749 1790 Est
772 1765 940 1801 peccatum
965 1760 1006 1790 ad
1031 1766 1164 1791 mortem
1183 1761 1213 1790 in
1231 1759 1343 1791 eodem
1361 1765 1492 1802 peccato
1509 1760 1724 1798 manentibus,

73 1819 120 1844 est
143 1817 310 1854 peccatum
334 1822 397 1842 non
421 1811 461 1842 ad
486 1816 620 1841 mortem
644 1811 685 1841 ab
710 1810 822 1842 eodem
848 1817 982 1853 peccato
1007 1811 1245 1843 recedentibus.
1292 1811 1355 1842 Sed
1379 1817 1550 1842 attestante
1572 1811 1724 1842 Gelasio⁴

75 1875 172 1906 papa:
197 1863 332 1895 Nullum
355 1868 400 1895 est
419 1868 600 1904 peccatum,
621 1874 685 1904 pro
710 1874 770 1905 quo
793 1869 850 1894 aut
871 1875 937 1895 non
955 1868 1019 1894 oret
1035 1863 1171 1895 ecclesia
1187 1864 1423 1901 remittendum,
1449 1868 1507 1894 aut
1523 1864 1620 1904 quod,
1644 1864 1723 1894 data

73 1917 135 1948 sibi
157 1916 317 1947 divinitus
346 1919 509 1956 potestate,
540 1914 768 1946 desistentibus
801 1915 840 1945 ab
871 1915 979 1946 eodem
1009 1926 1075 1946 non
1105 1915 1207 1956 possit
1231 1914 1394 1945 absolvere
1416 1915 1463 1946 vel
1483 1915 1722 1956 poenitentibus

28 1993 32 1997 .
74 1968 234 2008 relaoeore,
258 1967 313 1998 cui
335 1967 479 1998 dicitur:
502 1965 736 2008 ‘Quaecunque
759 1966 952 1998 dimiseritis
974 1978 1074 2008 super
1097 1971 1228 2006 terram,
1252 1965 1389 1996 dimissa
1406 1971 1502 1997 erunt
1518 1971 1545 1997 et
1561 1967 1595 1997 in
1614 1967 1723 2006 caelis,
1744 1978 1894 1999 mammas.

27 2030 55 2049 ³5
74 2024 101 2050 et
123 2029 337 2061 quaecunque
359 2017 521 2049 solveritis
542 2029 644 2059 super
666 2023 797 2056 terram,
820 2017 927 2049 soluta
950 2023 1047 2049 erunt
1069 2023 1095 2049 et
1118 2018 1153 2048 iu
1179 2017 1296 2048 caelis’.
1341 2017 1444 2058 Igitur
1467 2017 1507 2049 ad
1530 2017 1724 2049 remittenda

75 2076 207 2112 peccata
229 2070 348 2111 accipit
371 2069 509 2100 ecclesia
533 2068 689 2111 Spiritum
715 2074 871 2110 sanetum,
895 2080 958 2111 quo
983 2071 1054 2111 ipsa
1077 2073 1292 2109 congregat-ur
1315 2069 1346 2098 in
1370 2079 1485 2108 unum3
1519 2074 1615 2110 atque
1640 2069 1722 2107 ideo,

74 2124 157 2154 sicut
172 2123 216 2153 ait
232 2122 436 2163 Augustinus
446 2126 468 2160 ⁵,
492 2132 532 2151 ne
548 2122 590 2151 sit
606 2121 843 2152 irremissibilis
861 2123 1001 2162 spiritus
1019 2121 1233 2162 blasphemia,
1256 2131 1311 2151 cor
1327 2121 1542 2162 impoenitens
1559 2126 1723 2159 careatur,

75 2186 132 2205 nec
154 2174 250 2205 aliter
267 2173 424 2215 prodesse
442 2173 650 2214 poenitentia
675 2173 841 2212 credatur,
873 2173 941 2203 nisi
964 2177 999 2203 ut
1021 2177 1170 2203 teneatur
1193 2171 1337 2211 ecclesia,
1367 2172 1424 2203 ubi
1444 2177 1649 2213 peccatorum
1676 2184 1722 2203 re-

74 2227 184 2257 missio
207 2225 307 2256 datur
330 2230 357 2255 et
381 2226 516 2256 societas
539 2225 680 2265 spiritus
704 2225 739 2255 in
763 2225 859 2264 pacis
883 2224 1014 2255 vinculo
1037 2224 1230 2255 custoditur.
1276 2223 1317 2255 Et
1340 2234 1438 2266 supra
1460 2222 1545 2255 idem
1570 2224 1722 2264 Augusti-

27 2287 56 2306 ⁴0
74 2282 155 2308 nus⁶
184 2278 215 2307 in
243 2287 390 2307 sermone
421 2275 460 2306 de
492 2274 692 2316 blasphemia
717 2276 856 2317 Spiritus
887 2276 1005 2306 sancti:
1040 2276 1197 2316 Quisquis
1228 2277 1343 2315 initur,
1374 2276 1488 2317 inquit,
1521 2287 1595 2307 reus
1615 2276 1723 2316 fuerit

1809 1652 1829 1668 ct

1747 1682 1764 1699 1.
1775 1680 1822 1699 loli.
1833 1680 1895 1700 5.1G.

75 2329 336 2371 impoenitentiae
369 2333 484 2359 contra
515 2328 682 2368 spiritum,
713 2328 748 2358 in
780 2339 841 2369 quo
871 2330 982 2359 imitus
1013 2332 1041 2357 et
1071 2328 1207 2358 societas
1238 2328 1472 2357 communionis
1503 2333 1724 2369 conqreyatur

76 2381 235 2420 ecclesiae,
259 2391 431 2421 nunquam
455 2379 506 2410 illi
528 2380 716 2418 remittetur,
741 2380 819 2420 quia
843 2379 901 2410 hoc
925 2379 989 2409 sibi
1012 2378 1141 2416 clausit,
1166 2378 1222 2408 ubi
1246 2379 1422 2409 remittitur
1445 2383 1471 2408 et
1496 2380 1608 2410 merito
1632 2379 1721 2410 dam-

76 2432 211 2463 nabitur
240 2443 312 2463 cum
342 2432 473 2473 spiritu,
505 2431 562 2472 qui
590 2431 626 2461 in
657 2441 689 2460 se
722 2431 815 2472 ipso'
847 2431 975 2462 divisus
1005 2435 1064 2470 est,
1096 2429 1223 2460 divisus
1253 2434 1281 2460 et
1313 2431 1380 2470 ipse
1411 2435 1527 2461 contra
1559 2430 1722 2471 Spiritum

75 2487 232 2524 sanctum,
255 2484 313 2525 qui
335 2483 371 2513 in
395 2493 427 2514 se
449 2483 545 2523 ίΡεοΙ
569 2481 697 2512 divisus
719 2493 785 2513 uon
809 2487 862 2514 est.

28 2566 57 2585 ⁴5
185 2565 211 2596 a)
230 2564 317 2596 ipsum
337 2562 405 2596 Auy.

183 2629 211 2663 1)
239 2630 281 2656 Re
309 2638 376 2656 vera
406 2629 574 2655 Desiderius
602 2637 656 2654 non
684 2631 761 2654 tauto
789 2629 883 2655 studio
911 2632 958 2655 aut
987 2629 1090 2656 ardore
1115 2633 1212 2663 partes
1242 2628 1425 2654 Hildebranci
1454 2628 1629 2661 sequebatur.
1677 2627 1720 2659 Cf.

76 2680 162 2713 Jaffe,
186 2681 277 2714 Epist.
300 2680 364 2708 coll.
389 2680 438 2708 29.
464 2681 522 2714 30,-
545 2683 569 2706 εἰ
593 2681 721 2706 Amatum
746 2679 799 2714 IV,
824 2689 847 2706 c.
872 2680 921 2709 52,
969 2680 1013 2713 Cf.
1037 2680 1151 2711 Hirsch,
1177 2680 1385 2713 ‘Forschunqen
1408 2689 1430 2706 z.
1456 2679 1589 2707 Deutsch,
1615 2678 1722 2704 Gesohs

83 2731 147 2765 VII,
166 2741 198 2766 p.
215 2732 250 2758 91
277 2740 335 2766 sqq.
424 2733 454 2766 2)
479 2732 524 2758 De
547 2731 620 2760 cath,
645 2731 711 2758 eccl.
735 2732 803 2757 unit.
828 2740 852 2758 c.
877 2731 905 2764 3,
931 2731 1002 2766 Opp.
1024 2741 1054 2766 p.
1072 2732 1143 2758 211.
1235 2731 1264 2764 3)
1288 2731 1383 2756 Etiam
1408 2730 1543 2757 Iohannis
1566 2730 1650 2755 rerba
1673 2739 1721 2755 sum

78 2791 152 2810 more
174 2786 273 2810 auctor
295 2783 422 2810 mutavit.
489 2783 519 2817 4)
545 2783 639 2809 Tract.
656 2782 709 2815 IV,
733 2785 747 2814 ἓ
772 2783 798 2814 5,
826 2782 904 2808 Thiel
927 2783 950 2814 Ι,
974 2792 1003 2817 p.
1022 2783 1093 2811 562.
1160 2783 1189 2815 5)
1211 2782 1309 2808 Sermo
1328 2783 1439 2814 LXXI,
1465 2787 1478 2812 ,5
1503 2781 1551 2811 37,
1575 2781 1725 2814 Augustini

30 2840 58 2860 5⁰
73 2833 173 2867 ‘Opera
194 2834 225 2868 V,
244 2843 275 2869 p.
293 2834 362 2862 403.
381 2834 452 2860 404.
541 2834 570 2868 6)
593 2834 668 2860 Ibid.
692 2836 706 2865 ἓ
729 2835 778 2867 34,
798 2843 829 2868 p.
848 2833 919 2860 401.

151 2889 247 2912 Libelli
266 2889 299 2914 de
318 2889 372 2913 lite.
406 2889 440 2913 II.
1456 2887 1489 2909 30
