2132 3067
544 154 626 181 XIII.
661 155 930 183 FRAGMENTUM
953 157 1105 184 LIBELLI
1131 159 1347 188 DEPERDITI.
1710 158 1766 188 149

121 253 140 273 a
162 242 352 281 iuramento,
377 253 439 284 quo
464 243 532 284 ipse
557 242 712 284 Adalgiso
735 244 862 274 tiranno
886 245 1109 286 repacificatus
1133 252 1190 286 est,
1219 247 1367 289 absolvit,
1396 259 1432 280 eo
1457 249 1541 291 quod
1568 260 1639 280 cum
1664 249 1766 281 salute

121 293 165 324 rei
190 292 338 335 publicae
362 304 564 336 nequaquam
590 299 699 336 posset
722 294 919 328 observari1.

226 344 263 375 In
291 345 410 376 nostris
441 356 570 387 quoque
594 345 794 387 temporibus
818 346 911 377 sedes
940 347 1118 388 apostolica
1143 348 1442 391 Babinbergenses²
1465 351 1505 382 ab
1531 352 1712 383 Eremanno
1737 359 1766 384 ct

122 395 325 428 Florentinos
349 407 367 427 a
390 397 486 427 Petro
510 397 672 439 quondam
697 398 859 439 episcopis
882 397 1053 437 absolvit³,
1082 411 1140 430 nec
1164 400 1289 442 aliquos
1318 403 1363 432 eis
1394 404 1483 444 quasi
1509 405 1669 445 episeopis
1694 405 1766 435 sub-

87 459 100 478 5
119 448 224 478 iacere
249 449 404 490 permisit,
429 449 556 479 etiamsi
579 448 700 479 eisdem
726 450 939 480 iuramentum
963 449 1172 481 subiectionis
1195 452 1257 482 iam
1283 453 1445 485 fecissent.
1490 454 1544 485 Sic
1562 456 1670 497 utique
1686 468 1765 486 sem-

119 510 176 540 per
205 498 383 541 apostolica
413 500 590 530 auctoritas
622 499 784 541 quoslibet
813 500 1004 532 christianos
1034 502 1095 533 sibi
1127 502 1309 544 specialiter
1333 506 1519 536 commissos
1549 506 1587 536 de
1618 508 1766 538 manibus

120 549 340 592 depositorum
372 552 416 582 ‘et
445 552 799 582 excommunicatorum
835 552 958 594 absque
994 554 1079 584 omni
1115 562 1189 585 nota
1224 556 1355 596 periurii
1387 556 1553 588 absolvere
1588 559 1765 599 consuevit,

120 601 245 633 etiamsi
276 602 399 633 eisdem
431 601 562 644 prelatis
592 602 823 634 subiectionem
855 604 1035 635 iuramento
1067 606 1292 646 promiserunt.
1344 608 1480 638 Sanctus
1511 619 1639 650 quoquc
1665 610 1764 640 Bone-

119 653 221 684 facius
251 659 375 695 martyr
405 660 436 684 et
466 654 649 696 episcopus,
684 655 738 696 qui
768 655 886 686 iuniori
917 654 1076 697 Gregorio
1108 667 1210 698 papae
1245 658 1461 688 omnimodam
1497 660 1617 690 iurasse
1651 659 1766 701 legitur

72 716 99 735 10
119 705 348 744 obedientiam,
372 716 410 736 eo
433 705 473 736 de
496 706 687 745 iuramento,
719 705 774 736 sed
798 705 840 736 ab
865 706 978 737 eodem
1004 707 1192 749 apostolico,
1221 708 1344 740 absolvi
1369 710 1599 742 instantissime
1623 713 1763 753 rogavit:

119 756 206 798 quod
236 757 347 799 utique
377 762 442 787 tam
474 762 603 788 sanctus
634 757 684 788 vir
714 763 745 788 et
776 758 904 799 sapiens
940 769 996 789 cur
1025 765 1163 800 rogaret,
1199 761 1224 790 si
1261 761 1442 791 huiusmodi
1477 761 1665 794 solutionem
1702 775 1763 794 non

117 807 224 839 valere
247 813 279 839 et·
301 809 342 839 ab
367 809 426 839 hoc
451 809 626 850 periurium
651 819 808 839 excusare
833 820 896 840 non
920 821 1013 851 posse
1037 811 1208 852 putarets?

224 860 375 891 Preterea
396 861 423 891 si
447 860 618 902 diligenter
641 859 846 891 considerare
870 861 1028 902 volumus,
1053 863 1265 893 iuramentum
1290 863 1499 894 subiectionis
1524 875 1585 895 non
1610 865 1690 896 solet
1713 877 1764 895 cx-

117 910 221 942 hiberi
252 911 392 953 prelatis,
423 912 486 942 nisi
517 923 575 953 pro
604 918 753 953 respectu
781 911 977 953 prelationis,
1007 913 1092 955 quod
1117 914 1175 944 etsi
1199 914 1377 945 iuramento
1402 916 1433 944 in
1457 916 1563 946 verbis
1587 917 1766 957 specialiter

69 973 96 992 15
117 973 180 992 non
204 963 414 1004 exprimatur,
445 963 478 993 in
508 963 668 995 iuratione
692 970 798 994 tamen
824 964 1129 1006 subintelligendum
1155 976 1224 996 esse
1248 976 1310 995 non
1340 965 1513 1005 dubitatur,
1543 967 1701 1007 videlicet,
1732 975 1766 998 ut

116 1015 176 1045 iste
206 1013 253 1044 illi
283 1014 419 1046 fideliter
448 1014 628 1053 subiaceat,
661 1014 803 1057 quandiu
834 1015 886 1046 ille
918 1016 970 1047 isti
1003 1016 1108 1047 officio
1141 1017 1328 1058 prelationis
1363 1017 1533 1058 presideat.
1590 1019 1764 1060 Postquam

116 1070 222 1096 autem
247 1065 388 1108 prelatus
413 1065 591 1108 prelatione
613 1066 708 1097 fuerit
732 1067 886 1108 privatus,
919 1079 1121 1109 nequaquam
1146 1068 1208 1109 ille,
1233 1070 1287 1111 qui
1311 1068 1475 1099 subiectus
1499 1070 1566 1100 eius
1590 1070 1660 1109 fuit,
1684 1071 1763 1101 iura-

116 1123 258 1148 mentum
289 1118 496 1149 subiectionis
526 1119 590 1160 ipsi
620 1118 753 1149 ulterius
782 1129 908 1149 servare
939 1118 1080 1158 debebit,
1113 1120 1198 1162 quod
1229 1131 1291 1151 non
1324 1121 1352 1151 ei
1382 1122 1443 1151 nisi
1467 1120 1506 1151 ad
1533 1121 1670 1152 officium
1696 1133 1763 1163 pre-

115 1167 248 1199 lationis'
273 1170 400 1201 iuravit,
457 1169 529 1200 Non
560 1171 644 1201 enim
675 1181 733 1212 pro
763 1171 900 1211 periuris
924 1171 1122 1212 dampnandi
1147 1183 1216 1202 esse
1240 1172 1400 1213 videntur,
1425 1173 1607 1214 quicunque
1630 1173 1764 1214 privatis

68 1231 94 1248 20
115 1219 292 1261 prelatione
323 1222 538 1252 iuramentum
571 1222 781 1253 subiectionis
811 1232 940 1252 servare
972 1221 1093 1262 nolunt,
1124 1223 1209 1264 quod
1242 1224 1373 1263 eisdem,
1405 1224 1481 1254 dum
1513 1223 1625 1265 prelati
1649 1231 1764 1262 essent,

115 1282 173 1312 pro
202 1272 308 1302 officio
340 1273 527 1314 prelationis
559 1273 719 1316 quondam
745 1275 942 1304 iuraverunt.
988 1274 1055 1305 Nec
1079 1275 1191 1316 utique
1215 1275 1349 1306 multum
1374 1282 1458 1306 esset
1482 1277 1706 1316 necessarium,
1731 1284 1764 1306 ut

115 1322 272 1354 aecclesia
288 1324 451 1356 subiectos
466 1325 507 1356 ab
526 1324 710 1356 huiusmodi
735 1325 914 1355 iuramento
932 1325 1115 1366 specialiter
1131 1326 1278 1366 solveret,
1303 1337 1438 1368 quorum
1456 1326 1595 1368 prelatos
1612 1328 1764 1358 canonice

114 1375 177 1405 iam
202 1375 415 1417 deposuisset,
440 1377 500 1407 nisi
524 1382 658 1419 propter
682 1376 883 1419 quorundam
907 1376 1106 1408 intirmorum
1125 1378 1368 1418 dubitationem,
1393 1379 1447 1420 qui
1471 1380 1501 1409 in
1525 1378 1640 1409 talibus
1658 1381 1763 1409 causis

114 1426 193 1457 nihil
224 1432 339 1469 putant
366 1433 493 1469 actum,
533 1429 593 1459 nisi
625 1428 710 1471 quod
741 1427 925 1470 specialiter
954 1429 1048 1460 fuerit
1086 1430 1342 1470 prenominatum
1355 1435 1376 1460 ³.
1432 1430 1489 1460 Est
1519 1431 1602 1460 enim
1633 1429 1763 1461 cuilibet

68 1491 94 1510 25
114 1478 240 1510 erudito
269 1480 348 1510 satis
379 1480 595 1519 manifestum,
627 1479 713 1522 quod
743 1491 875 1522 prorsus
906 1479 950 1510 illi
981 1479 1113 1512 subesse
1137 1492 1199 1512 non
1224 1481 1389 1521 debemus,
1421 1492 1515 1523 quem
1546 1481 1764 1512 indubitanter

114 1530 308 1572 depositum,
331 1542 371 1562 ne
394 1531 487 1562 nobis
510 1542 642 1573 preesse
666 1531 790 1572 debeat,
815 1533 1052 1572 cognoscimus.
1098 1532 1179 1563 Nam
1212 1534 1243 1563 in
1274 1534 1345 1575 ipsa
1377 1533 1533 1564 canonica
1563 1532 1762 1574 depositione

114 1581 308 1623 prelatorum
332 1582 442 1613 itidem
468 1588 499 1613 et
521 1583 739 1614 subiectorum
765 1582 925 1614 absolutio
956 1585 1147 1615 continetur.
1180 1596 1241 1626 que
1273 1595 1400 1626 semper
1430 1585 1474 1615 ibi
1505 1584 1762 1625 subintelligitur,

114 1634 240 1665 etiamsi
263 1635 294 1665 in
319 1634 499 1665 sententiab
523 1634 737 1676 depositionis
761 1635 927 1676 signanter
950 1646 1013 1665 non
1037 1641 1275 1667 annumeretur.
1315 1636 1369 1667 Sic
1385 1637 1504 1678 quippe
1523 1635 1633 1666 Felix-²1
1650 1636 1762 1668 beatus

113 1696 198 1727 papa
220 1685 373 1716 Acatium
397 1685 613 1727 patriarcham
638 1686 1032 1728 Constantinopolitanum
1058 1688 1089 1717 in
1113 1687 1258 1718 Romana
1282 1688 1406 1730 syuodo
1431 1687 1589 1729 deposuit,
1618 1699 1678 1718 nec
1708 1687 1762 1718 ali-

66 1747 93 1767 30
114 1747 210 1778 quam
234 1736 451 1768 subiectorum
475 1736 710 1769 absolutionem
736 1739 780 1769 ibi
804 1737 988 1780 specialiter
1011 1739 1286 1770 commemoravit.
1331 1739 1398 1769 Nec
1421 1740 1530 1780 utique
1548 1750 1677 1770 necesse
1694 1739 1762 1779 fuit,

113 1799 188 1819 nam
211 1787 391 1820 nullatenus
423 1788 467 1819 illi
497 1788 650 1831 deinceps
680 1796 714 1821 ut
745 1791 897 1832 episcopo
922 1791 1090 1821 subiacere
1116 1791 1293 1821 debuerant
1304 1796 1326 1830 ⁰,
1359 1802 1429 1821 cum
1455 1802 1513 1821 nec
1537 1790 1671 1822 subiecti
1696 1791 1762 1821 eius

113 1845 230 1881 essent,
254 1851 349 1882 quem
373 1841 414 1872 ab
438 1841 659 1883 episcopatud.
686 1866 691 1871 .
717 1865 722 1871 .
749 1866 755 1872 .

745 2023 994 2059 LIBELLL'S
1022 2023 1127 2058 XIII.

421 2093 829 2135 FRAGMENTUM
861 2093 1092 2133 LIBELLI
1122 2093 1449 2134 DEPERDITI.

65 2184 92 2204 35
217 2175 349 2217 Libello,
379 2179 473 2208 cuius
503 2178 582 2208 llaec
608 2179 783 2218 particula
814 2182 962 2218 superat,
999 2182 1137 2217 tempore
1172 2176 1300 2207 Urbani
1331 2176 1373 2207 II.
1406 2178 1527 2217 scripta)
1559 2177 1639 2207 idem
1673 2177 1757 2217 quod

110 2226 214 2259 libello
237 2228 274 2259 X.
304 2229 342 2258 de
368 2233 523 2268 potestate
549 2229 811 2271 presbyterorum
843 2233 1071 2269 aryzwnentum
1100 2229 1242 2258 tractari
1270 2228 1379 2269 ἰῐιμιεί,
1409 2240 1483 2259 num
1517 2227 1604 2258 alius
1634 2239 1758 2269 quoque

112 2289 162 2310 res
184 2281 393 2319 continuerit,
415 2281 483 2311 iam
507 2281 598 2311 cerni
622 2282 740 2322 nequit.
786 2280 873 2310 Dein
895 2281 1078 2321 quaeritur,
1102 2284 1210 2309 utrum
1233 2284 1329 2309 totum
1348 2281 1591 2321 quaternionem
1615 2281 1754 2309 eaccisum

103 2329 188 2370 finis
210 2330 311 2362 libelli
333 2330 408 2362 XII.
432 2336 460 2361 et
484 2331 535 2362 hic
558 2330 684 2362 libellus
708 2331 947 2372 compleverint,
972 2343 1016 2361 an
1041 2332 1135 2361 ctiam
1158 2331 1254 2361 aliud
1271 2330 1458 2372 opusculemz
1477 2332 1542 2371 ipsi
1563 2331 1753 2370 inscriptum

103 2381 222 2421 fuerit.
273 2382 361 2413 Nam
390 2382 505 2423 plures
534 2383 634 2414 libros
664 2383 850 2423 deperditos
873 2394 938 2413 esse
962 2393 1001 2413 eac
1025 2382 1196 2424 Anonymo
1222 2382 1402 2412 mellicensi
1424 2394 1449 2412 c.
1468 2383 1536 2413 101.
1561 2386 1753 2422 compertum

64 2484 92 2502 40
221 2478 247 2509 a)
269 2479 484 2510 prenominotnm
506 2478 531 2502 9.
590 2478 616 2509 b)
640 2487 697 2510 sup.
718 2487 772 2503 ras.
840 2478 866 2507 c)
887 2478 1015 2502 debuerat
1035 2478 1060 2502 9.
1123 2478 1149 2508 d)
1172 2477 1213 2501 hic
1234 2477 1402 2508 abrumpitur
1421 2477 1502 2501 codena
1521 2476 1691 2509 quaternione
1713 2476 1751 2500 II.

111 2523 250 2555 complelo;
270 2533 366 2549 manus
386 2533 476 2549 recens
497 2524 650 2548 adnotavit:
670 2525 698 2548 in
718 2525 801 2548 veteri
822 2528 994 2556 compactura
1014 2524 1128 2547 laciniae
1149 2523 1236 2547 adhuc
1257 2526 1332 2547 erant
1352 2524 1433 2547 excisi
1456 2524 1550 2554 integri
1572 2522 1754 2554 quaternionis

111 2572 137 2594 et
156 2577 224 2602 quae
245 2570 340 2595 dehinc
361 2571 395 2595 ad
415 2571 547 2595 rubricam
568 2574 722 2603 sequuntur,
743 2578 797 2595 non
817 2570 894 2595 huius
914 2571 967 2595 loci
987 2572 1056 2594 sunt.
1097 2569 1156 2593 Vid.
1178 2569 1327 2593 Bernoldus
1348 2569 1434 2593 editus
1455 2577 1545 2601 opusc.
1560 2569 1621 2593 XII.

219 2659 246 2693 1)
274 2659 383 2693 Regino
412 2668 439 2685 a.
465 2659 534 2685 871.
561 2659 631 2691 872,
660 2659 714 2686 SS.
746 2662 765 2686 l.
795 2659 820 2691 I,
845 2668 875 2693 p.
901 2658 1086 2689 58:3—585;
1119 2657 1157 2690 cf.
1182 2657 1344 2690 Maneyold.
1375 2667 1396 2684 ο.
1423 2658 1471 2690 48,
1502 2657 1664 2682 Bernhardz'
1689 2656 1751 2681 libr.

110 2718 173 2736 can.
196 2719 220 2736 c.
246 2710 293 2742 38,
319 2710 422 2736 Libelli
444 2711 468 2742 I,
488 2720 520 2745 p.
546 2710 616 2737 393.
635 2711 704 2737 507.
815 2710 844 2743 2)
876 2709 903 2735 V.
926 2718 1013 2743 supra
1035 2719 1064 2743 p.
1085 2709 1153 2735 109.
1263 2710 1292 2741 3)
1316 2709 1388 2734 Jbid.
1408 2717 1440 2742 p.
1461 2709 1528 2735 108.
1640 2708 1668 2741 4)
1693 2708 1753 2732 llo(-

61 2768 90 2788 45
110 2761 271 2795 exemplum,
295 2761 455 2788 etsiverum
470 2763 515 2794 sit,
539 2763 574 2788 de
588 2762 744 2788 iuramento
761 2760 933 2788 obedientiae
948 2760 1004 2795 ipsi
1021 2769 1119 2794 papae
1137 2761 1275 2794 praestito
1291 2760 1360 2785 nihil
1384 2760 1475 2786 valere
1499 2760 1536 2785 (ul
1558 2759 1749 2784 iusiurandum

110 2811 176 2838 aliis
197 2813 365 2838 servandum
388 2813 519 2839 neminem
537 2813 641 2847 fugiet.
729 2813 759 2845 5)
789 2813 818 2838 V.
838 2821 870 2846 p.
892 2811 958 2837 104.

1785 363 1817 387 26)

1786 565 1814 586 ⁸s.
1826 569 1864 586 1¹5¹.

1785 876 1817 899 (7)
