2132 3067
371 139 431 168 448
721 135 922 164 SIGEBERTI
945 133 1121 161 MONACHI
1146 131 1439 160 GEMBLACENSIS
1463 131 1668 159 APOLOGIA.

370 230 486 260 latione
518 239 557 258 ex
588 226 768 267 ignorantia
799 223 875 261 falli,
903 222 953 253 vel
985 224 1016 253 in
1045 221 1152 264 aliquo
1184 220 1289 252 cultus
1312 221 1361 252 sui
1391 220 1549 262 obsequio
1579 219 1717 251 alieuius
1745 218 2016 261 compensationis

370 280 529 321 respectui
554 277 661 319 aliqua
685 277 717 306 in
741 280 830 317 parte
854 274 998 304 officioso
1029 273 1197 303 mendacio
1221 271 1383 303 delectari.
1428 271 1519 302 Idem
1549 272 1633 302 enim
1658 271 1850 302 ludaeorum
1880 276 1913 302 et
1941 280 2017 311 gen-

344 334 445 364 .ti111n
478 331 578 368 Deus,
614 329 669 369 qui
699 329 730 357 in
768 326 838 367 lege
865 325 983 356 nullam
1022 324 1159 355 hostiam
1188 324 1250 354 nisi
1285 334 1368 365 quae
1405 322 1565 354 maculam
1602 333 1666 354 non
1702 322 1800 354 habet
1829 322 1953 364 recipit,
1984 322 2016 352 in

320 390 323 396 ’
368 380 537 421 euangelio
562 379 689 410 oculum
721 389 782 409 non
807 376 999 408 habentem³
1030 383 1152 417 partem
1183 374 1325 416 aliquam
1350 374 1567 413 tenebrarum,
1597 374 1651 406 sed
1679 373 1821 405 lucidum
1845 380 1947 406 totum
1971 383 2016 404 re-

369 434 472 475 quirit.
520 431 583 463 Sed
608 441 665 461 nos
683 430 786 472 quaeb
810 439 951 469 congrue
973 438 1143 458 occurrere
1166 427 1235 456 visa
1259 431 1333 456 sunt
1349 432 1520 467 sequentes
1536 425 1717 467 epistolaris
1740 426 1826 457 ferec
1849 424 2018 456 brevitatis
2038 436 2051 456 5

369 485 497 515 modun]
522 481 751 514 excessimusd.
796 479 873 510 Ideo
896 490 959 510 non
983 489 1086 520 pauca
1109 482 1215 518 quaee
1240 488 1336 519 super
1358 477 1408 508 his
1423 477 1529 508 adhue
1545 477 1684 508 dicenda
1706 489 1740 509 se
1763 479 1912 519 ingerunt
1928 486 2018 518 prae-

366 540 540 571 tereunteS,
566 533 689 575 reliqua
713 542 841 574 quoque
863 531 1010 572 superius
1035 528 1213 571 praelibata
1235 528 1377 570 capitula
1399 528 1440 560 ab
1465 528 1526 559 illis
1549 528 1637 560 edita
1658 529 1809 560 vanitatis
1832 533 1864 560 et
1888 528 2016 566 erroris,

367 593 462 628 prout
478 585 614 624 videtur,
632 584 817 626 plenissima
834 593 978 613 seorsum
997 579 1231 612 consideranda
1247 581 1468 622 proponimus,
1492 591 1547 611 eos
1570 581 1602 611 in
1627 591 1762 622 quorum
1780 590 1894 611 manus
1917 579 2016 610 haec‘

367 639 393 668 si
418 638 498 667 forte
522 637 710 667 evenerint&
733 634 887 676 precatih,
912 643 952 663 ne
975 633 1007 662 in
1031 631 1080 662 his
1097 643 1181 674 quae
1197 631 1285 663 dieta
1308 637 1383 663 sunt
1404 631 1513 674 aliqua
1535 632 1615 674 ipsis
1638 631 1689 664 vel
1704 630 1938 663 contentionisi
1964 629 2017 662 vel

366 689 555 731 pertinatiae
580 693 691 718 eontra
708 686 899 727 parvitatem
923 690 1064 715 nostram
1083 683 1268 715 suboriatur
1284 684 1442 725 suspicio:
1469 684 1544 725 quia
1560 683 1637 714 dum
1653 683 1833 715 rationibus
1857 689 1889 714 et
1908 687 2016 714 aucto·
2037 694 2064 713 ιο

367 739 514 771 ritatibus
538 739 568 770 id
594 739 648 769 fiat
672 738 845 768 christiana
867 736 1127 778 aequanimitate,
1152 735 1256 776 parati
1280 746 1390 766 sumus
1407 735 1559 766 meliorak
1583 734 1634 766 vel
1655 736 1794 767 rectiora
1809 735 1962 766 docentes
1985 739 2017 765 et

367 792 532 833 pacienter
547 790 669 828 audire,
694 794 725 819 et
748 788 884 819 fideliter
907 787 1037 818 eredere
1061 792 1092 818 et
1115 786 1277 818 humiliter
1299 786 1441 819 obedire.

1089 849 1245 896 [FINIT
1257 849 1292 896 ¹.]

479 962 506 981 a)
533 955 647 979 habente
668 955 730 986 a1iq.
751 957 852 986 partem
874 953 899 977 2.
1013 953 1040 983 b)
1065 959 1173 976 occurre
1194 959 1244 983 que
1265 959 1325 976 eon.
1347 952 1371 976 2.
1486 952 1512 983 e)
1539 952 1606 977 serre
1627 953 1651 976 2.
1765 951 1795 982 d)
1815 951 1970 977 excessibus
1990 951 2015 976 2.

370 1004 396 1027 ο)
417 1002 486 1034 qnod
509 1002 533 1026 2.
624 1002 645 1027 f»
666 1001 787 1024 finiamus
809 1001 832 1024 2.
922 997 953 1029 g)
974 998 1160 1022 devoraverint
1181 998 1206 1022 2.
1295 997 1324 1028 h)
1345 996 1424 1029 pcati·
1450 999 1477 1027 ¹3
1506 1006 1587 1030 super
1606 1006 1622 1030 p
1643 998 1715 1023 Iocus
1735 1005 1822 1022 rasus.
1909 998 1932 1027 i)
1952 1005 2016 1023 eon·
2037 1001 2062 1021 ¹5

369 1049 523 1079 teniptionis
545 1047 569 1071 ⁶2.
646 1047 676 1077 k)
696 1047 756 1070 mol.
778 1046 819 1069 vel
839 1045 894 1070 des.
912 1046 935 1069 l.
1011 1044 1033 1075 l)
1053 1044 1124 1068 deese
1146 1045 1168 1067 1.

2112 2928 2132 3067 a...
2116 2878 2117 2883 Α
