2132 3067
419 179 484 206 XV.
518 180 570 205 DE
593 179 780 206 STATUTIS
802 181 1110 209 ECCLESIASTICIS
1134 183 1268 209 SOBRIE
1292 184 1491 211 LEGENDIS.
1719 183 1776 212 lb?

131 269 393 300 Messanensema
409 268 600 310 episcopum
616 267 780 309 videlicet,
803 269 889 311 quod
906 269 966 301 hoc
983 281 1046 301 non
1063 270 1255 312 generaliter
1278 273 1461 312 instituerit,
1485 273 1539 304 sed
1565 278 1687 305 tantum
1709 285 1781 305 neo-

131 321 229 363 phitis
259 318 451 360 Anglorum,
482 329 650 361 quousque
685 320 746 361 ipsi
791 320 822 351 in
858 320 921 351 fide
953 321 1183 353 convaluerint.
1240 322 1299 354 Est
1332 324 1441 366 utique
1472 324 1557 355 sedis
1585 325 1780 367 apostolicae

130 371 349 414 privilegium,
377 375 412 402 ut
434 369 535 401 iudex
559 371 600 401 sit
623 380 781 401 canonum
806 372 872 402 sive
896 371 1098 403 decretorum
1124 379 1155 404 et
1178 374 1247 414 ipsa
1271 385 1328 415 pro
1349 381 1493 416 tempore
1517 387 1601 407 nunc
1626 377 1780 417 intendat,

130 433 217 455 nunc
240 423 393 461 remittat,
417 422 510 452 sicuti
535 421 576 452 ad
601 432 736 463 presens
759 422 996 454 ecclesiasticae
1020 423 1149 455 utilitati
1174 425 1277 465 magis
1301 432 1484 467 competere
1508 427 1646 458 videatl.

97 487 111 506 ⁵
237 473 320 505 Sunt
342 479 449 505 autem
474 473 575 504 multa
597 478 782 503 sanctorum
807 478 933 515 patrum
958 476 1084 505 statutis
1101 475 1180 505 falso
1204 477 1352 517 ascripta,
1377 483 1411 508 ut
1434 479 1586 520 scriptum
1610 479 1780 510 widonis2

130 525 244 557 musici
274 525 314 555 de
343 524 548 566 symoniacis,
579 529 610 555 et
638 523 715 555 illud
745 524 804 555 sub
834 526 963 556 nomine
987 527 1088 557 sancti
1114 527 1297 568 G1·egorii³‚
1327 528 1411 570 quod
1436 530 1620 570 coniugium
1645 530 1779 560 duarum

130 587 277 609 sororum
301 586 374 606 cum
398 575 524 606 duobus
547 575 700 606 fratribus
725 576 896 618 prohibere
920 577 1056 617 videtur,
1081 579 1164 620 quod
1194 579 1262 620 ipse
1280 578 1478 620 Gregorius⁴
1502 581 1645 612 scribens
1671 582 1780 622 Augu-

131 628 215 661 stino
237 627 362 658 licitum
386 637 455 658 esse
478 631 624 658 testatur.
663 626 717 658 Sic
741 638 869 669 quoque
892 633 924 659 et
947 627 1022 659 illud
1046 629 1234 670 capitulum,
1258 630 1343 672 quod
1369 630 1492 662 mulieri
1514 643 1570 673 pre
1586 633 1781 664 ‘infirmitate

131 681 251 712 coitum
276 679 434 710 sustinere
457 689 520 709 non
545 677 665 709 valenti
689 678 783 709 aliam
809 679 966 720 permittit
988 680 1207 721 superinduci,
1232 681 1360 722 quidam
1383 682 1463 712 falso
1480 683 1583 714 eidem
1602 683 1780 725 Gregorio⁵

84 747 111 766 ιο
130 731 306 763 ascribunt.
353 729 425 760 Hoc
448 730 558 772 itaque
582 728 759 771 intelligere
781 730 902 771 volunt,
926 736 961 761 ut
984 731 1099 762 mulier
1122 731 1184 770 illa,
1209 743 1291 774 quae
1315 734 1453 774 primum
1476 735 1545 765 viro
1562 736 1663 766 mixta
1678 736 1782 775 fuerit,

131 783 188 815 sed
221 787 343 825 postea,
377 792 451 812 cum
487 792 543 822 pre
576 781 760 812 infirmitate
791 782 922 813 misceri
953 793 1016 813 non
1047 785 1197 824 potuerit,
1233 784 1281 814 vir
1311 784 1404 815 aliam
1437 796 1498 815 non
1528 785 1637 816 illicite
1672 797 1781 827 supcr-

130 833 305 865 induxerit.
351 832 415 864 Sed
439 833 499 864 iste
524 843 637 863 sensus
661 832 831 874 euangelio
847 833 1036 865 adversatur
1047 839 1067 873 ⁶,
1091 835 1122 865 in
1148 846 1211 876 quo
1236 835 1295 865 hoc
1318 835 1536 867 indubitanter
1552 848 1609 878 pro
1626 837 1782 868 adulterio

130 884 373 927 dampnandum
399 895 468 915 esse
492 883 662 915 iudicatur.
718 884 810 915 Unde
839 884 932 916 beato
957 884 1117 926 Gregorio
1148 887 1326 927 incongrue
1350 888 1521 918 ascribitur
1543 895 1574 919 et
1597 888 1637 919 ab
1662 888 1782 919 aeccle-

131 937 270 969 siasticis
292 937 370 967 viris
394 936 508 967 merito
531 936 704 977 respuitur.
749 935 890 975 Quidam
915 942 1022 968 tamen
1046 936 1137 968 aliter
1161 937 1201 968 de
1226 937 1279 967 illa
1302 937 1435 969 muliere
1458 938 1569 970 volunt
1597 939 1783 981 intelligere,

85 1003 112 1023 ιε,
132 988 291 1028 videlicet,
315 993 349 1019 ut
372 988 440 1018 viro
464 998 641 1029 numquam
665 997 722 1028 pre
742 987 928 1019 infirmitate
945 989 1071 1020 misceri
1093 989 1241 1030 potuerit,
1265 989 1315 1020 cui
1333 988 1385 1020 ille
1401 989 1496 1020 aliam
1514 990 1784 1032 superinduxerit.

131 1040 257 1080 Quodsi
287 1039 528 1070 circumstantia
550 1038 697 1070 lectionis
721 1039 805 1069 hunc
829 1038 1023 1070 intellectum
1049 1039 1198 1080 admittit,
1228 1045 1259 1071 et
1281 1040 1374 1071 nobis
1398 1041 1524 1082 placere
1547 1041 1687 1081 debebit,
1711 1044 1785 1084 quia

131 1092 164 1123 in
188 1091 249 1123 hoc
273 1090 443 1132 euangelio
467 1101 526 1122 nec
550 1090 793 1132 repugnabitur,
818 1102 876 1121 nec
898 1091 1030 1132 indigne
1053 1091 1187 1123 cuilibet
1206 1092 1384 1133 apostolico
1400 1093 1583 1124 ascribitur.
1622 1094 1785 1125 invenitur

130 1148 239 1175 autem
262 1143 348 1174 idem
372 1141 549 1184 capitulum
573 1147 685 1173 sancto
708 1141 878 1173 Bonefatio
902 1143 1144 1183 Maguntiensib
1167 1144 1322 1185 episcopo
1342 1143 1383 1174 ab
1400 1145 1578 1186 apostolica
1594 1145 1669 1176 sede
1686 1150 1784 1176 trans-

132 1195 279 1234 missum,
310 1205 405 1236 quem
428 1199 561 1225 sanctus
586 1193 764 1235 Gregorius
790 1194 860 1236 plus
885 1205 980 1236 quam
1013 1199 1141 1225 centum
1171 1195 1264 1225 annis
1295 1196 1491 1236 precessisse
1518 1195 1645 1237 legitur.
1690 1197 1783 1228 Unde

83 1261 112 1280 20
131 1247 258 1279 eidem⁰
275 1245 416 1288 capitulo
433 1256 498 1276 non
514 1244 606 1276 facile
620 1245 826 1286 credendum,
844 1250 875 1276 et
891 1245 951 1276 hoc
969 1247 1110 1286 minime,
1129 1246 1213 1288 quod
1231 1246 1397 1287 euangelio
1415 1246 1586 1288 deputetur
1601 1248 1782 1279 adversum.

236 1297 296 1329 Illa
326 1308 403 1328 vero
438 1297 597 1328 sententia
631 1297 717 1328 beati
750 1297 953 1328 Innocentii⁷
985 1308 1097 1339 papae,
1140 1308 1221 1339 quae
1260 1296 1381 1338 lapsam
1423 1299 1699 1330 sanctimonialem
1742 1300 1780 1330 ad

131 1349 362 1391 poenitentiam
392 1359 456 1379 non
480 1348 714 1379 admittendam
744 1359 813 1379 esse
843 1348 931 1388 dicit,
961 1348 1114 1390 quamdiu
1137 1354 1305 1390 corruptor
1327 1349 1395 1379 eius
1420 1350 1548 1389 vixerit,
1579 1362 1779 1393 nequaquam

131 1401 177 1432 ita
191 1399 403 1442 intelligenda
418 1400 554 1440 videtur,
573 1410 611 1430 eo
628 1400 714 1442 quod
732 1400 900 1441 virginitas
917 1400 1021 1431 eidem
1039 1400 1263 1442 recuperanda
1280 1400 1476 1442 desperetur.
1515 1401 1550 1433 Si
1567 1402 1652 1432 enim
1670 1401 1781 1433 beatus

131 1452 340 1483 Innocentius
365 1451 426 1483 hoc
448 1453 492 1483 ita
514 1450 649 1493 intelligi
674 1451 840 1491 voluisset,
870 1463 1073 1494 nequaquam
1101 1452 1129 1482 ei
1154 1452 1385 1493 poenitentiam
1410 1457 1483 1493 post
1506 1453 1628 1484 obitum
1654 1464 1781 1496 corrup-

83 1517 112 1537 25
131 1504 209 1535 toris
240 1502 439 1543 concederet,
471 1513 544 1534 cum
574 1502 659 1533 illam
692 1514 755 1534 non
786 1503 890 1544 magis
919 1509 1032 1545 postea
1062 1514 1158 1545 quam
1190 1503 1314 1544 pridem
1347 1503 1481 1544 gradum
1513 1505 1706 1545 virginitatis
1736 1517 1781 1536 re-

131 1566 286 1597 cuperare
314 1566 410 1597 posse
440 1560 612 1586 constaret.
672 1554 731 1585 Est
760 1559 866 1585 autem
898 1554 976 1586 haec
1007 1555 1165 1586 sententia
1196 1566 1233 1585 eo
1268 1555 1364 1586 modo
1398 1554 1619 1596 intelligenda,
1655 1567 1718 1598 quo
1752 1562 1781 1587 et

129 1607 212 1638 aliae
241 1606 427 1638 huiusmodi
458 1606 645 1646 sententiae,
675 1617 756 1648 quae
780 1611 932 1637 terrorem
962 1606 1172 1647 peccantibus
1196 1606 1344 1638 videntur
1367 1607 1533 1638 intentare.
1578 1608 1661 1638 Nam
1685 1608 1779 1639 etiam

130 1658 230 1690 multo
259 1659 435 1690 severiores
463 1658 682 1698 inveniuntur,
715 1669 796 1699 quae
827 1658 1060 1699 poenitentiam
1091 1669 1154 1688 non
1178 1658 1218 1688 ad
1250 1662 1376 1700 tempus
1406 1663 1541 1699 tantum,
1570 1659 1625 1690 sed
1654 1660 1780 1700 penitus

130 1710 332 1752 proscribere
355 1710 521 1741 videntur:
546 1715 581 1740 ut
604 1709 659 1740 illa
682 1708 769 1741 beati
788 1709 917 1740 Siriciis
942 1719 1045 1750 papae
1069 1709 1108 1740 de
1130 1709 1188 1744 his,
1213 1710 1267 1751 qui
1285 1714 1357 1750 post
1373 1714 1534 1750 peractam
1552 1711 1781 1752 poenitentiam

83 1773 112 1794 so
130 1762 246 1793 iterum
279 1761 488 1793 criminaliter
517 1771 713 1803 peccavere3
748 1761 893 1792 scribens
922 1761 1007 1791 enim
1032 1761 1072 1791 ad
1096 1760 1261 1791 Ymerium
1287 1760 1561 1792 Tarraconensem
1593 1762 1780 1803 episcopum

130 1813 349 1845 indubitanter
370 1813 520 1851 affirmat,
544 1813 630 1855 quod
654 1813 716 1855 ipsi
740 1812 893 1854 deinceps
917 1812 1090 1853 suffugium
1114 1811 1300 1853 poenitendi
1323 1823 1385 1842 non
1411 1812 1557 1844 habeant.
1597 1812 1651 1843 Sic
1671 1814 1781 1854 utique

131 1864 244 1897 beatus
267 1863 484 1895 Ambrosius⁹
515 1865 547 1895 in
571 1863 653 1895 libro
686 1874 743 1894 suo
773 1869 885 1894 contra
909 1863 1106 1894 Novatianos
1130 1868 1274 1903 testatur,
1306 1863 1392 1905 quod
1417 1864 1463 1894 sic
1487 1875 1549 1894 una
1572 1863 1687 1895 debeat
1710 1875 1780 1895 esse

131 1916 328 1959 poenitentia
351 1916 435 1947 sicut
457 1927 555 1946 unum
581 1921 629 1947 est
652 1915 824 1957 baptisma.
862 1915 943 1947 Item
968 1915 1082 1946 beatus
1106 1915 1308 1956 Augustinus
1331 1915 1475 1946 scribens
1492 1914 1602 1945 itidem
1619 1915 1659 1945 ad
1675 1915 1779 1947 Macc-

131 1967 263 1999 donium
287 1967 376 2003 dicit,
400 1967 488 2009 quod
511 1967 610 1998 semel
634 1972 757 1998 tanturn
781 1968 813 1997 in
837 1966 995 1998 aecclesia
1018 1966 1106 1997 locus
1131 1966 1317 2008 poenitendi
1342 1965 1546 1997 concedatur.

83 2031 111 2050 ³5
235 2018 328 2050 Haec
358 2023 465 2050 autem
498 2019 601 2049 sancti
632 2023 743 2060 patres
774 2028 837 2048 non
865 2018 1089 2060 desperatione
1118 2019 1241 2057 veniae,
1274 2017 1331 2047 sed
1362 2017 1466 2057 rigore
1497 2017 1686 2058 disciplinae
1716 2028 1778 2048 non

131 2070 320 2102 dubitantur
342 2070 530 2109 instituisse,
559 2080 622 2100 non
646 2075 682 2101 ut
704 2069 848 2100 homines
871 2080 890 2100 a
913 2070 1119 2111 poenitentia,
1149 2068 1205 2100 sed
1229 2080 1247 2099 a
1270 2073 1404 2110 peccato
1428 2068 1636 2108 deterrerent,
1665 2074 1699 2099 ut
1722 2080 1779 2100 nec

131 2121 247 2162 minus,
277 2121 333 2153 sed
363 2121 515 2153 humilius
539 2126 613 2163 post
634 2121 760 2162 lapsum
784 2121 1008 2162 ⁸poensterent,
1040 2121 1094 2162 qui
1125 2131 1158 2151 se
1185 2125 1216 2150 et
1243 2120 1320 2161 ipsis
1351 2119 1589 2161 poenitentibus
1616 2120 1779 2151 inferiores
1800 2127 1808 2134 ”

131 2173 273 2215 reputari
296 2173 454 2204 viderent.
493 2172 535 2203 Et
558 2172 618 2203 hoc
641 2183 769 2214 quoque
792 2172 823 2202 in
847 2171 919 2202 aliis
943 2171 1154 2203 criminaliter
1175 2171 1273 2213 lapsis
1296 2171 1387 2213 quasi
1410 2182 1468 2212 pro
1492 2171 1560 2212 lege
1580 2170 1778 2212 observatur,

131 2229 167 2255 ut
194 2223 234 2254 ab
263 2224 375 2256 ordine
398 2224 588 2263 deiciantur,
618 2235 713 2266 quem
743 2229 817 2254 ante
846 2222 970 2264 lapsum
1001 2223 1151 2254 habuisse
1181 2229 1213 2254 et
1243 2223 1274 2253 in
1305 2233 1367 2264 quo
1399 2233 1549 2264 peccasse
1576 2222 1777 2263 deteguntur.

84 2287 113 2306 40
134 2274 188 2307 Sic
216 2276 368 2306 nimirum
398 2276 430 2306 in
460 2274 571 2306 ordine
602 2275 833 2316 poenitentium
860 2275 1034 2314 constituti,
1065 2275 1091 2305 si
1115 2274 1219 2306 denuo
1243 2273 1401 2314 labuntur,
1429 2274 1563 2315 pristino
1588 2274 1692 2304 ordini
1715 2285 1778 2305 non

132 2327 280 2358 inmerito
313 2326 498 2358 iudicantur
528 2326 661 2368 indigni.
714 2326 784 2357 Non
815 2331 922 2357 tamen
952 2325 1012 2357 hoc
1044 2326 1146 2357 sancti
1178 2330 1284 2367 patres
1315 2325 1537 2367 desperatione
1567 2326 1680 2356 veniae
1714 2330 1777 2356 tam

245 2431 272 2463 a)
292 2432 457 2456 Menesatem
479 2432 503 2456 9.
580 2431 607 2461 b)
629 2439 661 2455 etc
680 2431 751 2463 Μῦς.
769 2435 862 2462 postea
882 2439 950 2455 corr.
971 2431 996 2455 9.
1072 2431 1096 2462 c)
1117 2431 1185 2454 idem
1207 2431 1231 2454 9.

242 2528 270 2561 1)
300 2529 328 2555 V.
349 2538 437 2563 supra
458 2538 488 2563 p.
510 2529 576 2555 141.
645 2529 674 2562 2)
698 2528 772 2555 Ibid.
792 2537 822 2562 p.
842 2528 889 2554 922.
968 2528 998 2562 3)
1019 2528 1099 2561 Jaffe'
1120 2537 1162 2554 nr.
1185 2528 1296 2560 185821,
1322 2528 1395 2562 quud
1418 2527 1569 2561 capitulum
1594 2528 1731 2562 Greqorio
1754 2528 1778 2553 I.

127 2579 208 2612 salso
231 2580 404 2614 adscriptum
427 2581 506 2614 leym·
529 2580 606 2614 apud
629 2580 755 2612 Frezleen,
780 2579 950 2606 ‘Geschz‘clde
973 2580 1021 2605 des
1045 2588 1106 2604 can.
1133 2578 1290 2604 Eherechts'
1310 2588 1340 2612 p,
1360 2578 1430 2611 476,
1459 2578 1506 2612 qui
1533 2579 1621 2613 ipsum
1646 2588 1679 2604 ez
1701 2579 1777 2612 capi-

85 2637 114 2657 45
133 2630 199 2656 tulis
222 2631 294 2657 libro
317 2631 371 2657 XI.
397 2631 566 2658 collectionis
589 2631 712 2656 Auselmi
735 2630 868 2656 Lucensis
891 2630 1020 2656 subiectis
1043 2630 1114 2655 libro
1137 2640 1185 2655 suo
1208 2630 1334 2656 inseruit.
1457 2630 1486 2662 4)
1508 2630 1571 2655 Lib.
1590 2630 1644 2662 XI,
1669 2639 1709 2663 ep.
1729 2629 1776 2661 134,

142 2681 171 2708 V.
193 2690 277 2716 resp„
301 2683 352 2710 col.
373 2683 463 2708 1153.
586 2683 616 2715 5)
640 2682 695 2716 Ep.
721 2682 806 2715 (ἶνες.
832 2681 871 2707 II.
897 2681 936 2707 ad
958 2681 1096 2713 erisatd
1120 2681 1206 2716 Jaffe',
1230 2681 1307 2708 Bibl.
1331 2681 1390 2714 III,
1409 2690 1440 2715 p.
1459 2680 1508 2715 89,
1532 2681 1601 2714 Κεφ.
1626 2690 1667 2708 71r,
1687 2680 1776 2706 2174.

136 2731 166 2766 6)
190 2733 234 2766 Cf.
259 2733 374 2759 Dictum
399 2733 482 2760 Grat.
505 2733 543 2759 ad
567 2742 589 2759 c.
610 2733 656 2765 18,
683 2734 712 2760 C.
731 2733 864 2765 XXXII,
889 2742 933 2767 qu.
952 2732 979 2759 7.
1041 2732 1068 2765 T)
1099 2731 1128 2758 V.
1150 2740 1238 2765 snpra
1259 2741 1288 2765 p.
1311 2732 1376 2763 115,
1394 2742 1421 2757 71.
1443 2733 1467 2757 1.
1533 2732 1562 2765 Η)
1581 2732 1609 2757 G.
1629 2732 1655 2764 ἴ),
1680 2731 1778 2757 Mami

134 2786 153 2810 l.
170 2784 229 2817 III,
253 2785 304 2811 col.
323 2784 402 2818 657,·
431 2784 511 2817 Jaffe'
533 2794 576 2811 nr.
595 2784 664 2811 255.
787 2784 816 2816 9)
845 2784 891 2809 De
915 2783 1088 2817 poenitentia
1117 2783 1136 2809 l.
1158 2783 1198 2815 Il,
1223 2792 1245 2809 c.
1271 2783 1317 2815 10,
1343 2783 1383 2809 ed.
1408 2782 1513 2809 Bened.
1537 2786 1555 2808 t.
1573 2782 1613 2815 II,
1638 2782 1689 2808 col.
1707 2781 1776 2813 436,

133 2843 177 2863 nr.
202 2835 250 2861 95.

1801 490 1833 513 (3)

1803 641 1810 651 '
1817 643 1830 661 t‘.

1798 1313 1831 1334 ri)

1801 2026 1833 2048 (5)

1841 642 1875 661 22.
