2132 3067
56 734 82 753 10

55 993 81 1011 15

55 1249 81 1269 20

57 1508 83 1527 25

59 1945 86 1964 80

61 2199 88 2219 ³5

64 2525 91 2544 40

64 2781 92 2800 45

727 166 793 194 VII.
832 167 884 193 DE
906 167 1039 194 EADEM
1062 168 1119 195 RE.
1686 169 1745 199 103

101 261 228 288 vestrae
251 255 477 298 inquisitionia
500 265 563 286 non
587 255 753 295 satisfacit,
777 255 869 286 nobis
887 255 1039 286 mandare
1056 256 1244 298 dignemini.
1290 257 1477 290 Certissime
1493 260 1577 290 enim
1600 260 1745 292 volumus

101 318 160 340 vos
189 308 279 346 scire,
311 306 396 349 quod
420 306 453 337 in
477 306 536 337 hac
560 311 662 348 parte,
692 307 725 337 in
754 311 908 348 quantum
941 308 1127 348 poterimus,
1158 315 1282 341 vestrae
1306 311 1451 351 petitioni
1481 315 1512 342 et
1540 312 1745 354 inquisicioni

101 371 164 391 non
187 360 358 391 deerimus.

207 411 258 442 De
281 409 485 442 anathemate
509 419 647 451 quoque,
672 408 758 450 quod
776 408 894 439 factum
912 415 960 440 est
978 409 1112 452 [contra]
1130 410 1319 442 Guibertum
1338 413 1571 444 heresiarcham
1590 420 1620 446 et
1636 426 1746 447 omnes

101 464 168 495 eius
198 461 373 504 complices
403 462 429 492 si
461 461 537 503 quid
569 461 696 501 uspiam
727 460 894 498 dubitetis,
926 461 1018 491 nobis
1050 462 1238 493 remandare
1269 463 1384 495 velitis.
1445 465 1600 496 Videlicet
1627 468 1653 497 si
1683 478 1746 498 non

100 515 207 556 ipsum
231 520 262 545 et
286 524 395 544 omnes
419 513 487 543 eius
510 512 650 543 fautores
675 516 706 543 et
728 523 837 542 eorum
863 523 1017 554 sequaces
1041 518 1149 543 eterno
1174 514 1324 544 incendio
1347 526 1417 545 eum
1434 515 1561 547 diabolo
1579 523 1609 548 et
1624 518 1746 559 angelis

101 567 169 598 eius
192 564 425 607 mancipandos
456 575 526 594 esse
558 563 708 603 credatis,
739 564 800 593 nisi
831 569 904 594 ante
935 564 1030 595 finem
1063 565 1156 596 huius
1180 565 1265 596 vitae
1296 566 1541 598 reconcilientur
1563 569 1748 601 aecclesiae.

102 617 156 649 Sic
179 617 263 648 enim
288 621 418 647 sanctus
443 615 666 657 Augustinus¹
692 615 731 646 de
762 615 841 657 ipsis
872 615 992 646 iudicat
1024 616 1167 647 scribens
1198 617 1237 647 ad
1261 617 1389 648 Petrum
1415 617 1584 650 diaconum
1609 620 1649 651 de
1673 621 1746 652 fide.

101 668 195 700 Hanc
225 668 253 699 si
283 667 518 699 ordinationem
549 665 698 697 Guiberti
730 671 761 697 et
791 667 933 697 omnium
964 667 1015 697 vel
1045 670 1114 698 eius
1145 668 1366 699 ordinationeb
1397 676 1649 711 propagatorum
1680 672 1747 703 sive

101 720 244 751 omnium
268 719 623 750 excommunicatorum
647 718 902 749 exsecrationem
935 719 1041 760 potius
1073 730 1168 761 quam
1194 721 1465 751 consecrationem
1491 733 1559 752 esse
1584 723 1747 763 dubitatis,

100 771 193 803 nobis
217 772 365 802 intimare
389 769 504 801 velitis.
550 770 578 800 A
604 769 770 813 [Domino]
796 771 880 800 enim
897 771 989 801 vobis
1008 772 1268 812 responsionem²
1292 772 1331 802 de
1355 771 1414 802 hac
1438 784 1470 803 re
1494 775 1747 814 preparavimus,

101 823 225 855 scilicet
257 834 330 854 cum
366 821 585 862 inrefragabili
617 822 830 852 auctoritate³
868 827 1049 852 sanctorum
1083 828 1207 863 patruni
1244 822 1444 863 Innoceneii,
1479 824 1594 855 Leonis
1629 827 1748 866 magni,

101 874 227 916 Pelagii
249 879 280 906 et
303 874 405 905 sancti
423 873 584 914 Gregorii,
608 873 664 915 qui
688 885 798 904 omnes
822 873 934 904 eadem
959 875 1150 904 auctoritate
1173 873 1291 915 prediti
1316 882 1508 906 censuerunt
1531 878 1749 907 excommuni-

102 930 212 958 catosss
235 925 415 957 nullatenus
438 924 694 956 benedictionem
720 925 770 956 vel
792 926 1065 956 consecrationem
1091 925 1166 956 dare
1186 936 1290 966 posse,
1315 926 1370 956 sed
1389 927 1495 967 potius
1512 927 1749 958 damnationem

101 982 134 1009 et
156 978 402 1016 execrationem,
427 976 512 1018 quod
537 976 626 1007 illum
648 988 712 1007 non
735 976 848 1008 latebit
871 977 1068 1018 quicumque
1086 988 1196 1008 eorum
1214 977 1346 1008 decreta
1370 978 1540 1018 diligenter
1564 979 1750 1019 inspexerit.

207 1029 258 1060 De
282 1027 613 1060 communicatoribus
638 1039 767 1070 quoque
783 1029 1138 1059 excommunicatorum
1163 1029 1240 1070 quid
1262 1029 1354 1059 vobis
1376 1029 1532 1069 videatur,
1557 1031 1749 1069 rescribatis,

102 1081 157 1123 qui
186 1081 278 1112 iuxta
306 1086 426 1112 statuta
456 1079 700 1122 apostolorum⁴
731 1085 762 1111 et
793 1079 1044 1122 apostolicorum
1079 1081 1243 1111 vii-omnis
1278 1080 1428 1120 Fabiani,
1463 1081 1594 1121 Kalisti,
1630 1082 1749 1113 Gelasii

101 1132 235 1164 eandem
266 1143 383 1174 penam
415 1136 579 1163 merentur
609 1143 705 1173 quam
737 1132 1021 1163 excommunicati.
1079 1132 1169 1163 Haec
1200 1133 1307 1162 omnia
1338 1143 1409 1163 cum
1441 1133 1567 1163 domnis
1597 1133 1749 1175 Hemldo,

101 1183 255 1215 Anselmo
279 1189 309 1215 et
332 1183 487 1215 Heinrico
517 1183 689 1225 diligenter
719 1183 962 1223 consideratisd,
993 1189 1026 1214 et
1058 1185 1083 1214 si
1115 1183 1191 1225 quid
1217 1183 1322 1214 adhuc
1347 1191 1464 1226 movet,
1496 1186 1589 1216 nobis
1612 1186 1750 1216 seribere

101 1246 164 1267 non
187 1236 367 1278 gravemini
391 1246 514 1278 nosque
539 1236 631 1266 vobis
653 1236 687 1266 in
715 1235 775 1266 hac
799 1237 1007 1278 inquisitione
1031 1236 1205 1276 participes
1223 1235 1339 1266 habere
1356 1235 1550 1277 dignemini3
1574 1248 1592 1268 a
1608 1238 1750 1268 Domino

102 1288 186 1319 enim
209 1288 374 1330 inquirere
397 1287 477 1318 haec
500 1287 665 1326 debemus,
690 1288 773 1318 iame
797 1288 837 1319 de
861 1292 969 1318 nostro
994 1289 1084 1318 iuxta
1101 1287 1337 1327 Augustinumss
1362 1288 1440 1318 nibil
1463 1289 1524 1318 nisi
1546 1289 1749 1320 mendacium

101 1340 267 1371 habemus.
311 1339 378 1371 Nec
408 1345 536 1370 nostrae
564 1340 718 1370 scientiae
750 1350 948 1381 arrogamus,
980 1345 1015 1370 ut
1043 1338 1305 1380 inquisitionibus
1330 1340 1444 1369 vestris
1473 1340 1655 1371 satisfacere
1678 1351 1750 1382 pos-

103 1393 212 1432 simus,
236 1390 292 1423 sed
316 1391 348 1421 in
372 1390 436 1430 illo,
461 1391 516 1432 qui
541 1390 641 1422 dixit:
664 1391 786 1432 Aperif
811 1403 844 1423 os
867 1397 968 1431 tumn,
993 1397 1017 1421 et
1040 1391 1177 1432 implebo
1201 1391 1293 1430 illud,
1318 1391 1518 1422 confidimus.

208 1443 322 1474 Deus&
343 1447 450 1474 autem
475 1443 563 1484 pacis
587 1448 618 1474 et
641 1442 746 1473 solatii
771 1443 824 1474 det
848 1443 942 1474 vobis
971 1443 1003 1474 id
1028 1444 1133 1484 ipsum
1157 1453 1268 1483 sapere
1292 1443 1470 1482 nobiscum,
1501 1448 1535 1474 ut
1559 1442 1750 1474 habundetis

102 1496 136 1526 in
159 1506 216 1538 spe
239 1500 271 1526 et
293 1495 410 1526 virtute
434 1494 575 1536 Spiritus
600 1496 712 1525 saneti.

748 1662 997 1699 LIBELLIJS
1025 1663 1109 1699 VH.

712 1733 790 1773 DE
823 1733 1027 1773 EADEM
1058 1733 1144 1774 RE.

215 1826 292 1858 Cum
316 1827 663 1858 eoecommun{cationis
686 1827 844 1857 sententia
875 1828 907 1856 in
929 1827 1009 1866 foro
1034 1831 1165 1856 externo
1190 1825 1275 1856 nillil
1296 1825 1459 1866 projiciat,
1489 1825 1556 1855 nisi
1579 1825 1750 1855 communi-

107 1882 229 1909 catores
253 1890 379 1920 quoque
402 1879 754 1910 eoecmnmun[catorum
779 1878 979 1919 ‹)bliyaverz't,
1007 1879 1064 1919 qui
1092 1889 1225 1908 causam
1252 1877 1404 1918 Greyorii
1436 1876 1502 1906 VII.
1528 1877 1659 1917 eiusque
1682 1887 1749 1906 suc-

107 1941 266 1961 cessorum
297 1935 433 1972 egerunt
463 1931 649 1971 scriptores,
681 1930 901 1961 Bernhardas
935 1930 967 1960 in
998 1929 1081 1960 libro
1112 1941 1271 1960 canonum
1296 1941 1320 1960 c.
1342 1929 1370 1961 4.
1395 1933 1421 1957 el
1445 1927 1635 1958 Bet-ualdus
1665 1927 1749 1957 hisee

108 1981 234 2012 duobus
258 1982 385 2021 litteris,
408 1982 502 2012 etiam
526 1981 610 2021 illos,
634 1982 691 2023 qai
714 1993 785 2012 cam
810 1981 945 2012 Wiberto
968 1985 995 2011 et
1018 1981 1235 2011 schismaticis
1262 1980 1550 2011 excommmicatis
1573 1979 1747 2009 conminui-

107 2033 264 2073 caverint‚
287 2033 441 2064 vitandos
465 2045 530 2064 esse
554 2034 735 2064 voluerant.

211 2084 390 2116 Dominum
420 2085 635 2125 Recclzonem,
667 2085 712 2115 acl
742 2096 833 2125 quem
864 2085 990 2115 litterae
1020 2086 1137 2114 missae
1167 2088 1252 2123 sant,
1283 2082 1433 2113 clericam
1458 2081 1570 2122 secisse
1604 2092 1642 2110 ear
1676 2091 1749 2111 voce

107 2134 282 2167 venerabili
305 2136 523 2177 colli-qondam
546 2141 599 2167 est.
645 2137 714 2166 Eas
739 2147 864 2177 qaoque
888 2140 964 2176 post
995 2147 1120 2166 (mnam
1147 2136 1236 2165 10³6.
1260 2135 1403 2174 scriptas
1426 2144 1490 2163 esse
1513 2132 1601 2162 locas
1625 2132 1749 2171 suadet,

109 2198 198 2228 quem
221 2188 257 2219 in
281 2188 363 2219 serie
386 2188 564 2219 libellorum
589 2188 656 2218 cod.
673 2188 702 2218 9.
727 2188 877 2218 obtinent.
924 2187 976 2216 Ad
999 2198 1082 2227 quas
1105 2187 1189 2216 sicut
1213 2186 1257 2216 ad
1276 2185 1422 2226 reliquas
1438 2184 1592 2225 epistolas
1609 2184 1750 2214 edendas

108 2243 240 2280 excepta
260 2244 356 2281 parte
377 2239 480 2270 libelli
504 2239 559 2270 IX.
584 2240 719 2270 nonnisi
742 2239 851 2269 codice
874 2238 902 2268 9.
927 2239 976 2269 uli
999 2238 1103 2278 licuit,
1135 2239 1193 2279 qai
1215 2238 1301 2267 solas
1324 2248 1379 2267 eas
1400 2241 1533 2277 praeter
1556 2235 1592 2269 X,
1618 2240 1644 2265 et
1667 2234 1749 2265 le'l.

109 2291 260 2322 continet.

218 2385 246 2417 a)
265 2387 445 2419 inquisitionis
466 2387 490 2412 6.
578 2387 604 2418 b)
627 2387 821 2411 ordinationem
841 2387 865 2411 6.
957 2386 983 2410 ε)
1005 2394 1143 2410 cxeomun.
1166 2385 1190 2409 6.
1285 2385 1311 2413 d)
1333 2392 1368 2407 (zu
1388 2383 1578 2407 consideretis?
1671 2383 1695 2413 e)
1716 2390 1751 2405 an

111 2432 254 2463 quoniam?
327 2433 347 2464 f)
371 2433 454 2457 dilata
482 2433 554 2465 Vuzy.
632 2434 660 2464 g)
683 2433 756 2457 Deus
777 2446 811 2449 —
833 2432 878 2464 Sp.
900 2433 985 2456 sancti
1005 2432 1059 2456 (les.
1081 2432 1105 2456 6.

218 2520 245 2555 1)
268 2521 355 2547 Immo
379 2522 543 2555 Fulqentius
566 2522 729 2555 Ruspensis,
754 2522 782 2546 in
806 2522 823 2548 l.
841 2522 859 2549 l.
878 2531 900 2548 c,
919 2522 967 2553 33,
995 2522 1064 2554 Opp.
1084 2521 1199 2552 ,hislan-
1217 2520 1258 2544 ed.
1277 2518 1419 2546 Remedia-t.
1440 2521 1458 2543 t.
1484 2517 1511 2549 V,
1537 2518 1608 2550 App.
1631 2517 1682 2542 col.
1701 2517 1749 2542 ⁴25».

112 2570 141 2603 2)
163 2571 197 2597 In
219 2572 336 2606 epistola
359 2574 398 2599 ad
415 2574 610 2599 Bernhardzcm
635 2573 705 2599 data
728 2573 826 2607 (libell.
842 2572 898 2605 IV)
918 2572 1077 2597 lternalzlns
1100 2570 1299 2596 ‹las-tinctionem
1316 2570 1462 2603 proposuit
1478 2569 1548 2593 inter
1563 2571 1748 2597 sacramenta,

111 2629 183 2654 quae
204 2627 365 2650 consecrant
388 2627 412 2650 el
436 2633 479 2659 ea,
508 2633 579 2659 quae
602 2628 755 2657 eccsecraut,
789 2628 815 2649 nt
842 2624 977 2658 probaret
1007 2623 1088 2648 etiam
1113 2622 1147 2647 ab
1172 2621 1414 2647 arc-ommunicam's
1437 2622 1611 2645 sacramenta
1636 2618 1750 2651 confici,

111 2674 252 2706 responsio
282 2684 348 2701 vero
376 2675 444 2701 llaec
468 2685 486 2702 a
510 2676 631 2701 Domino
654 2676 822 2710 inquirenda
846 2684 878 2699 m:
902 2674 1115 2700 auctoritatibus
1136 2682 1163 2706 p.
1183 2674 1231 2698 89.
1250 2674 1297 2698 90.
1323 2672 1452 2704 allegantis
1473 2671 1565 2704 patius
1589 2671 1616 2695 iz>
1640 2672 1748 2695 contra-

112 2723 183 2750 riam
205 2729 313 2759 partem
335 2730 511 2761 praeparata
535 2730 605 2753 erac.
691 2726 720 2760 3)
747 2727 805 2752 Eas
829 2726 1010 2752 auctoritates
1032 2725 1076 2750 laic
1099 2724 1190 2756 offert,
1214 2733 1285 2757 quae
1307 2725 1481 2749 sacramenta
1506 2725 1583 2747 emera
1609 2720 1749 2745 eeclesiam

113 2782 169 2802 esse
190 2780 301 2811 neyant,
325 2787 350 2804 υ.
367 2778 452 2804 libell.
477 2778 505 2809 V,
518 2787 549 2811 p.
567 2778 616 2804 99.
641 2778 736 2811 IV,p.
755 2778 804 2804 89.
871 2777 900 2809 4)
925 2777 978 2810 Ep.
1003 2776 1088 2801 Pauli
1110 2776 1149 2801 ad
1172 2775 1251 2802 Rom,
1277 2775 1302 2807 1,
1320 2775 1368 2799 23⁶2.
1437 2774 1465 2805 5)
1496 2773 1524 2800 V,
1547 2781 1633 2804 supra
1652 2780 1683 2804 p.
1702 2771 1749 2797 Ἦ).

114 2825 143 2861 6)
165 2826 261 2854 Sermo
286 2829 355 2861 254,
380 2830 396 2863 ξ
423 2829 449 2860 7,
476 2828 547 2863 Opp.
572 2830 614 2855 ed.
638 2829 782 2856 Benedict.
806 2831 825 2854 t.
849 2829 877 2861 V,
901 2828 952 2854 col.
972 2827 1061 2855 1049.

1770 1406 1805 1425 Ps.
1813 1406 1846 1427 80.
1857 1407 1889 1424 11.
