2132 3067
529 177 683 206 CONTRA
706 181 923 212 EPISTOLAM
947 187 1217 219 HILDEBRANDI
1242 194 1292 221 III.
1683 199 1745 231 393

98 259 277 300 confessum
295 267 353 292 aut
368 265 403 294 in
422 265 533 306 aliquo
556 269 622 298 siue
645 270 790 302 seculari
811 275 896 304 sive³
922 277 1160 311 aecclesiastico
1178 282 1302 314 iudicio
1321 287 1522 319 nominatum
1547 296 1642 331 atque
1667 303 1740 323 con·

99 311 224 342 victum.
273 311 356 348 Quis
378 317 462 346 enim
487 317 550 348 sibi
573 323 743 362 utrumqne
766 324 886 355 audeat
911 338 1084 370 assumere,
1116 338 1147 362 ut
1178 336 1328 376 cuiquam
1360 339 1430 379 ipse
1453 341 1494 370 sit
1517 346 1545 371 et
1570 349 1743 375 accusator

97 367 123 393 et
146 363 270 394 iridem?
314 364 357 395 Et
380 366 475 407 paulo
499 376 586 410 post:
619 371 744 413 Noluit,
774 375 887 417 inquit,
920 381 1088 419 apostolus
1119 383 1275 417 hominem
1310 389 1348 419 ab
1381 390 1507 422 homine
1532 393 1679 425 iudicari
1702 408 1741 426 ea?

96 413 231 445 arbitrio
253 418 465 457 suspicionis,
498 421 545 451 vel
573 427 665 453 eaetra
697 425 872 457 ordinatob
895 437 1056 470 usurpato
1083 435 1212 474 iuditio,
1244 439 1299 469 sed
1318 443 1430 480 potius
1454 454 1493 472 εει·
1516 443 1583 485 leye
1606 445 1671 476 Dei
1693 458 1739 478 se-

62 476 74 495 5
94 465 234 497 cundum
265 468 412 500 ordinem
445 472 636 513 aecclesiae,
670 477 736 506 sive
770 478 854 509 ultro
889 482 1069 521 consessum
1104 487 1172 517 sice
1203 496 1391 523 accusatum
1424 500 1518 536 atque
1549 498 1738 529 convictum.

94 516 250 559 Alioquin
274 518 356 550 illud
379 532 439 551 cur
455 522 562 554 discit:
585 524 636 556 ‘Si
660 529 735 567 quis
749 529 863 569 frater
887 534 1076 565 nominatur
1100 543 1157 567 aut
1173 539 1364 579 fornicator
1387 550 1444 575 aut
1469 547 1564 578 idolis
1587 551 1738 581 seruiensv
1760 564 1910 587 1.Co1-.5,11.

92 573 119 598 et
141 573 279 610 caetera,
309 572 378 602 nisi
408 574 487 613 quia
518 585 588 606 eam
619 579 874 612 nominationem
904 585 1043 626 intelliyi
1068 588 1176 627 voluit,
1208 595 1348 633 (succesit
1374 597 1407 626 in
1432 609 1634 640 quemquam,
1666 613 1735 632 cum

90 622 249 652 sententia
272 626 321 651 etc
346 624 462 656 ordine
485 627 666 660 iudiciario
691 636 785 672 atque
808 633 994 676 integritate
1013 639 1211 678 profertur?
1243 643 1330 675 Nam
1354 648 1384 676 si
1406 650 1587 682 nominatio
1603 652 1738 693 sufficit,

89 671 182 703 multi
212 672 422 714 dampnandi
451 683 525 707 sant
558 679 754 722 innocentes,
785 686 865 724 quia
897 698 969 727 sepe
983 688 1079 728 falso
1102 693 1138 722 in
1163 703 1326 734 quoquam
1351 699 1487 730 crimine
1511 704 1735 738 nominantur.

44 733 70 752 ιο
89 722 131 753 Et
153 722 316 755 Nicenusd
340 733 464 757 eanon¹
494 729 553 760 ait:
586 731 716 762 Incerta
748 745 838 766 nemo
862 748 1015 779 umquam
1042 743 1233 782 pontificum
1268 748 1418 780 iudicare
1446 760 1624 794 presumat,
1655 758 1733 796 quia

87 776 234 817 quamvis
266 788 341 807 uera
371 779 448 818 sint,
480 791 544 811 non
575 786 678 814 tamen
709 786 871 818 credenda
902 796 989 831 sunt,
1021 794 1089 823 nisi
1119 806 1203 836 quae
1226 800 1412 839 manifestis
1437 803 1568 835 inditiis
1592 818 1732 848 compro-

87 826 216 866 bantur,
241 829 308 859 nisi
330 841 412 870 quae
434 831 617 864 iudiciario
640 836 754 868 ordine
773 839 1000 879 publicantur.
1027 844 1279 880 Criminationes
1296 853 1457 885 maiorum
1475 861 1555 887 nata
1572 869 1635 898 per
1651 859 1733 889 alios

87 889 150 908 non
165 879 265 919 fiant,
297 881 365 911 nisi
382 888 466 922 pere
490 884 590 925 ipsos,
620 889 677 928 qui
699 890 842 921 crimina
865 893 1051 935 intendunt,
1082 899 1111 928 si
1133 904 1239 931 tamen
1264 902 1330 943 ipsi
1353 904 1451 945 diyni
1473 911 1501 936 et
1527 909 1732 950 inreprehen-

85 929 191 961 sibiles
215 934 438 972 apparuerint
467 939 494 964 et
519 939 601 968 actis
625 938 796 972 docuerint
819 943 963 983 publicis
992 949 1080 979 omni
1107 961 1139 980 se
1163 963 1274 984 carere
1296 957 1484 995 suspicione
1508 964 1603 1000 atque
1628 962 1733 992 inimi-

38 993 64 1011 ιε,
84 982 160 1012 citia
187 987 214 1012 et
237 984 558 1024 inreprehensibilem
573 988 676 1028 fidem
700 1003 739 1022 ac
763 998 1036 1028 conversationem
1065 999 1191 1033 ducere.
1236 1003 1316 1035 Item
1342 1005 1499 1039 Nicenum
1525 1011 1732 1043 concinium:

84 1032 241 1064 Similiter
270 1045 328 1065 nec
357 1047 556 1070 summorum
588 1043 754 1083 quispiam
784 1047 946 1079 minorum
979 1054 1246 1086 accusationibus
1275 1057 1452 1098 impetatur
1476 1067 1532 1092 aut
1556 1063 1732 1104 dispercat,

82 1095 182 1126 neque
206 1086 242 1116 in
264 1097 299 1117 re
321 1087 424 1118 dubia
449 1095 537 1121 certa
561 1092 656 1123 detur
679 1099 849 1136 sententia,
881 1111 938 1130 nec
969 1101 1071 1133 ullum
1104 1105 1264 1138 iudicium
1295 1110 1364 1140 nisi
1387 1111 1616 1145 ordinabiliter
1640 1116 1728 1146 habi-

81 1141 145 1167 tum
169 1142 328 1169 teneatur.
373 1138 492 1172 Itemss:
524 1142 647 1181 Omnes,
681 1149 738 1187 qui
769 1149 926 1181 adversus
953 1158 1067 1193 pat-res
1091 1163 1277 1197 armantur,
1302 1161 1444 1201 infames
1467 1175 1533 1196 esse
1556 1178 1729 1206 censemus,

81 1199 181 1230 neque
203 1200 266 1229 eos,
290 1191 434 1231 quicum
450 1193 595 1227 inimicis
610 1204 791 1240 morantur,
817 1201 861 1232 ad
877 1206 1115 1238 accusationem
1140 1209 1186 1239 vel
1211 1210 1256 1240 ad
1279 1214 1495 1246 testimonium
1515 1219 1728 1259 recipiendos.

34 1251 60 1270 20
82 1239 178 1271 Item:
202 1240 302 1272 Nemo
324 1244 518 1283 pontificum
541 1247 695 1290 deinceps
719 1251 859 1293 aliquem
877 1255 1075 1297 episcopum,
1099 1261 1170 1291 suis
1193 1263 1393 1302 expoliatum
1418 1267 1510 1298 rebus
1533 1275 1589 1299 aut
1613 1282 1633 1299 a
1656 1271 1728 1302 sede

76 1291 220 1331 pulsum,
245 1297 526 1328 excommunicare
550 1304 608 1329 aut
630 1301 782 1334 iudicare
800 1312 982 1347 presumat,
1005 1311 1085 1350 quia
1105 1322 1169 1342 non
1194 1319 1238 1343 est
1258 1316 1483 1358 privileyium,
1508 1331 1569 1360 quo
1585 1321 1728 1363 spoliari

75 1344 178 1384 possit
200 1345 268 1375 iam
292 1346 447 1378 nudatus.
493 1349 576 1381 Pari
597 1356 707 1384 tenore
731 1355 934 1388 decernimus
963 1371 1027 1390 non
1051 1363 1142 1394 credi
1164 1369 1359 1408 accusatori,
1383 1371 1440 1410 qui
1463 1371 1590 1403 absente
1614 1374 1727 1404 cidoer-

77 1396 166 1426 sario
191 1407 325 1428 causam
350 1402 548 1441 suyyesserit
571 1408 645 1434 ante
662 1407 833 1449 utriusque
852 1412 964 1449 partis
986 1412 1234 1456 discussionem,
1260 1430 1316 1449 nec
1338 1427 1544 1454 accusatores
1567 1425 1614 1456 vel
1637 1430 1726 1456 testes

77 1448 213 1488 suscipi,
238 1449 295 1489 qui
318 1461 383 1480 non
407 1457 483 1483 sunt
506 1453 627 1486 idonei.
673 1457 792 1489 ltem⁴z
816 1459 978 1493 Friniates
1001 1471 1187 1497 accusatum
1214 1469 1425 1504 discutientes
1449 1476 1634 1517 episcopum
1660 1489 1724 1508 non

30 1509 57 1528 2⁶
76 1504 150 1530 ante
172 1502 365 1532 sententiam
385 1503 562 1543 proferant
586 1507 846 1550 dampnationis‘,
871 1515 1178 1558 apostolicasfreti
1201 1523 1407 1563 auctoritate,
1431 1537 1528 1565 quam
1555 1533 1611 1557 aut
1636 1540 1722 1559 reum

75 1561 108 1581 se
130 1551 240 1591 ipsum
263 1553 455 1593 confiteatur
479 1562 536 1587 aut
557 1569 619 1598 per
642 1560 829 1593 innocentes
852 1569 880 1594 et
904 1569 1060 1599 canonice
1089 1573 1292 1603 ewaminatos
1315 1576 1515 1616 reyulariter
1537 1584 1629 1610 testes
1652 1592 1723 1612 con-

75 1602 237 1634 vincatur.
282 1604 417 1636 Iro-itam
442 1618 507 1637 esse
533 1609 686 1641 iniustam
712 1615 942 1655 episcoporum
967 1619 1246 1663 dampnationem,
1272 1626 1395 1659 idcirco
1419 1641 1438 1659 a
1463 1630 1578 1661 sinodo
1603 1636 1721 1663 retrac-

73 1654 220 1695 tandam,
242 1656 290 1686 ita
314 1661 349 1686 ut
372 1661 539 1698 oppressis
561 1661 601 1691 ab
625 1664 772 1695 omnibus
796 1667 827 1697 in
854 1671 979 1701 cunctis
1002 1672 1216 1705 subveniatur
1239 1679 1360 1709 causis.
1405 1680 1535 1712 Placuit
1546 1687 1567 1721 ⁵,
1598 1694 1723 1724 semper

73 1706 108 1736 in
132 1708 341 1738 accusatione
369 1708 558 1742 clericorum
588 1715 697 1754 primo
725 1728 885 1758 persona,
906 1720 1005 1761 fides,
1035 1726 1103 1755 vita
1133 1731 1161 1756 et
1192 1732 1394 1761 conversatio
1426 1732 1719 1773 blasphemantium

26 1767 52 1787 so
67 1763 302 1799 perscrutetur,
333 1772 410 1792 nam
430 1762 518 1801 fides
542 1776 650 1796 ornnes
673 1773 765 1800 actus
790 1770 931 1802 hominis
950 1776 1126 1814 precedere
1149 1779 1248 1818 debet,
1279 1783 1358 1821 quia
1383 1783 1500 1814 dubius
1524 1785 1560 1815 in
1575 1785 1646 1824 fide
1672 1787 1718 1816 in-

64 1808 176 1848 fidelis
198 1815 252 1848 est,
277 1823 334 1842 nec
358 1813 403 1843 eis
427 1816 558 1846 omnino
582 1829 648 1849 esse
670 1820 878 1862 credendum,
902 1826 960 1865 qui
982 1828 1131 1858 veritatis
1146 1830 1247 1869 fidem
1273 1833 1441 1873 iynorant.
1486 1835 1524 1866 In
1547 1835 1596 1866 his
1621 1839 1719 1868 omni-

72 1859 139 1899 bus,
164 1860 396 1903 Hildebrande,
420 1865 558 1898 Nicenos
582 1879 722 1901 canones
745 1873 951 1906 conculcasti.
998 1877 1150 1911 Publicos
1179 1882 1326 1914 inimicos
1355 1888 1492 1917 caesaris
1521 1888 1561 1918 ad
1587 1899 1717 1919 accusa-

70 1911 190 1943 tionem
206 1914 310 1955 ipsius
333 1915 476 1948 absentis
501 1919 671 1961 admisisti,
696 1934 800 1965 neque
824 1933 938 1967 sponte
962 1929 1141 1962 confessum
1165 1943 1269 1975 neque
1293 1934 1435 1976 legitime
1459 1939 1640 1970 convictum
1664 1952 1717 1972 ex-

70 1966 305 1997 communicare
322 1971 556 2011 presumpsisti.
603 1972 666 2004 Sed
693 1985 787 2016 quam
813 1977 896 2009 iuste
920 1984 1252 2016 excommunicatores
1269 1986 1430 2019 Dominus
1450 1989 1617 2030 revelavit,
1642 1993 1718 2034 qni&

23 2025 49 2046 ³5
68 2026 109 2046 ex
132 2027 185 2047 ore
208 2023 273 2057 tuo,
297 2030 337 2049 ex
354 2020 461 2052 verbis
479 2027 553 2054 tuae
571 2028 913 2061 excommunicationis
931 2037 960 2062 te
977 2032 1071 2064 fidem
1089 2035 1276 2067 catholicam
1302 2039 1448 2079 ignorare
1471 2041 1593 2083 absque
1618 2043 1716 2075 dubio

68 2068 234 2099 ostendisti
258 2076 291 2101 et
313 2082 376 2102 non
401 2072 503 2104 solum
528 2075 661 2107 dubium
686 2079 717 2108 in
742 2078 813 2119 fide,
838 2081 893 2112 sed
917 2084 1046 2123 penitus
1069 2086 1231 2119 infidelem
1257 2088 1492 2131 demonstrasti,
1517 2093 1592 2125 dum
1610 2106 1715 2126 caesa-

66 2129 132 2149 rem
155 2125 187 2150 et
209 2121 377 2164 episcopos
401 2127 678 2159 communicantes
706 2133 828 2162 caesari
851 2138 1134 2169 excommunicare
1164 2151 1365 2181 presumeres
1389 2150 1419 2174 et
1442 2146 1714 2178 communicantes

67 2170 113 2201 eis
135 2171 176 2202 ab
200 2177 532 2210 excommunicatione
555 2180 734 2220 exciperes,
758 2193 831 2214 cum
853 2186 948 2217 etiam
966 2189 1119 2228 parvulus
1135 2191 1277 2223 nondum
1295 2199 1399 2235 natus,
1424 2197 1450 2226 si
1474 2196 1581 2227 subito
1607 2209 1714 2230 nasca-

66 2225 127 2261 tur,
157 2223 240 2256 sicut
268 2226 314 2256 ait
343 2226 458 2259 beatus
483 2229 706 2271 Augustinus⁶
737 2234 767 2264 in
800 2236 936 2277 epistola
964 2239 1003 2270 ad
1029 2241 1195 2273 Auxilium
1206 2244 1229 2283 ἢ,
1259 2245 1354 2275 etiam
1380 2246 1411 2276 in
1437 2249 1579 2288 periculo
1603 2252 1714 2282 mortis

19 2284 47 2304 4⁰
66 2282 128 2304 non
151 2276 255 2316 possit
276 2277 318 2309 ad
341 2278 475 2311 salutem
499 2282 540 2313 ab
564 2286 854 2318 excommunicatis
880 2290 1045 2331 baptizari.
1090 2293 1133 2324 Et
1156 2301 1190 2326 ut
1213 2307 1300 2326 error
1323 2302 1396 2328 tuus
1419 2299 1600 2333 evidentior
1622 2310 1715 2342 esset,

66 2335 205 2357 errorem
237 2329 370 2360 secundi
394 2332 556 2364 Anastasii
587 2339 619 2365 et
649 2335 813 2369 decretum
845 2340 913 2372 eius
944 2346 1118 2383 renovasti,
1150 2357 1212 2388 quo
1243 2347 1405 2381 simulavit
1435 2361 1497 2382 uon
1528 2364 1596 2384 esse
1630 2353 1713 2386 lesos

66 2375 244 2418 baptizatos
267 2386 298 2412 et
321 2381 484 2414 ordinatos
507 2395 526 2415 a
550 2386 612 2416 iam
637 2386 813 2430 dampnato
837 2398 867 2423 et
891 2393 1019 2435 publice
1044 2400 1323 2430 excommunicato
1342 2402 1464 2441 Acasto,
1489 2414 1546 2444 pro
1565 2416 1627 2447 quo
1644 2407 1712 2448 ipsc

67 2427 254 2475 Anastasius
284 2432 325 2464 ab
355 2434 513 2467 aecclesia
536 2437 681 2469 Romana
713 2441 801 2482 prius
832 2443 1026 2486 dampnatus
1050 2454 1081 2478 et
1105 2450 1309 2490 postmodum
1334 2452 1444 2484 divino
1468 2461 1547 2486 nutu
1572 2463 1620 2488 est
1643 2469 1712 2499 per-

175 2544 203 2575 a)
223 2546 352 2577 spirituali
373 2549 436 2574 add.
459 2551 482 2574 2.
564 2553 592 2577 b>
612 2553 651 2577 ita
674 2556 695 2578 1.
718 2556 750 2583 2,·
774 2559 983 2585 extraordinario
1002 2560 1034 2586 A.
1121 2566 1146 2591 c)
1167 2564 1237 2589 deest
1257 2565 1295 2595 A‚-
1323 2569 1373 2591 ex?
1457 2569 1486 2595 d)
1508 2570 1616 2595 Nic-cuis
1641 2574 1661 2596 l.
1686 2576 1708 2597 2.

20 2588 47 2608 ⁴⁵
68 2587 92 2618 e)
112 2589 155 2620 qui
174 2598 221 2622 per
239 2592 312 2624 ipsos
333 2602 368 2619 cr.
391 2595 514 2621 Ps-IM.
601 2599 623 2629 f)
644 2609 722 2632 quam
744 2610 786 2634 ap.
809 2604 838 2627 fr.
861 2609 929 2630 auct.
952 2610 996 2631 aut
1018 2607 1142 2635 Ps.-Isid.
1228 2613 1256 2643 g)
1276 2611 1313 2636 ita
1338 2614 1359 2636 1.
1383 2614 1413 2638 2.-
1434 2616 1515 2647 quia‘?
1598 2618 1626 2641 111
1647 2620 1708 2643 Axi-

66 2632 128 2658 lium
151 2636 173 2660 1.

175 2733 201 2769 l)
224 2736 270 2761 Ex
291 2737 362 2763 Iulii
378 2748 476 2774 papae
499 2742 624 2776 decretis,
650 2753 697 2778 ap.
722 2745 914 2775 Pseudo-Isia.
938 2751 980 2776 ed.
1005 2751 1157 2780 Hinsclzius
1180 2763 1210 2788 p,
1236 2756 1306 2783 469.
1426 2760 1454 2793 ⁶2)
1484 2761 1556 2787 lltid.
1585 2771 1611 2795 p,
1638 2763 1707 2790 47¹».

67 2782 138 2812 471.
247 2787 276 2821 3)
298 2789 372 2816 Ibid.
392 2799 423 2824 p.
449 2792 518 2819 468.
628 2796 658 2829 4)
682 2797 756 2823 Ibid.
775 2807 808 2832 p.
833 2798 902 2828 470.
1003 2803 1031 2837 5)
1055 2804 1129 2831 lbid.
1148 2815 1179 2839 p.
1205 2807 1279 2840 4683
1311 2808 1348 2840 (gf.
1372 2820 1459 2844 supra
1478 2821 1509 2845 p.
1532 2813 1601 2839 370.
1627 2823 1652 2839 71.
1679 2816 1704 2840 θ’,

2 2809 25 2871 1ΙΔ
69 2833 98 2868 6)
119 2835 209 2870 Epist.
231 2838 299 2871 250,
324 2842 338 2871 ἓ
358 2842 381 2873 1,
409 2841 501 2876 Opera
525 2844 566 2877 II,
591 2846 642 2872 col.
668 2847 726 2873 878
752 2849 797 2882 D,·
820 2859 892 2884 quac
915 2853 990 2880 haud
1012 2859 1084 2881 recte
1106 2856 1241 2884 intellexit
1264 2863 1371 2886 auctor.

3 2868 7 2964 ἲ
139 2891 234 2917 Libelli
255 2893 286 2918 de
307 2895 360 2919 lite.
391 2897 425 2921 ΙΙ.
1441 2917 1474 2939 50

6 3032 9 3067 l
