2132 3067
88 735 114 754 10

89 992 114 1012 15

87 1251 114 1270 20

86 1500 114 1520 25

84 1759 112 1779 30

83 2123 111 2143 35

83 2383 112 2402 ⁴0

83 2640 112 2659 45

563 169 615 195 DE
637 167 807 195 UNITATE
830 169 1039 196 ECCLESIAE
1061 170 1355 197 CONSERVANDA.
1727 168 1785 200 251

135 258 234 299 giae‘,
259 257 314 288 sed
337 257 501 289 audebant
524 257 601 288 illud
619 263 709 289 extra
725 257 804 288 fines
828 268 903 288 suos
928 259 959 288 in
985 257 1138 290 ulteriora
1160 261 1252 300 regni
1274 261 1457 301 transferre,
1482 262 1536 292 ubi
1555 267 1686 303 possent
1703 272 1789 292 com-
1811 273 1875 293 1086.

137 310 298 340 municata
329 319 402 340 cum
427 309 545 340 Suevis
574 308 716 340 scelera¹
749 309 906 340 adversus
934 309 1100 341 ecclesiam
1133 312 1255 352 pariter
1283 318 1313 343 et
1342 312 1498 343 adversus
1528 324 1594 344 rem
1626 312 1789 355 publicam
1809 302 1902 327 ’μηθ’

137 362 348 400 committere,
372 361 465 391 iuxta
488 359 574 402 quod
598 362 718 391 factum
736 367 784 392 est
800 361 830 391 in
849 362 1038 403 episcopatu
1050 361 1327 404 &Virzibnrgensis
1344 364 1512 403 ecclesiae,
1537 366 1591 396 ubi
1610 371 1789 407 pugnatum

137 420 185 444 est
216 418 327 443 contra
356 413 583 454 imperatorem
609 412 806 443 Henrichum
833 413 944 454 quinta
968 414 1030 443 iam
1055 414 1135 454 vice,
1166 425 1250 444 anno
1283 415 1405 447 scilicet
1429 416 1654 448 MLXXXVI.
1678 417 1719 448 ab
1744 418 1789 447 in-

137 465 324 496 carnatione
347 464 490 503 Domini,
523 464 583 495 III.
608 464 683 495 Idus
707 464 858 505 Augusti.
912 464 1017 495 Huius
1049 476 1177 506 pugnae
1201 477 1298 496 causa
1322 468 1438 507 extitit,
1464 469 1560 509 quia³
1585 469 1688 510 ipsam
1714 469 1790 499 civi·

137 521 234 548 tatem
249 516 436 557 XVirziburg
460 527 500 546 ex
524 515 691 547 obsidione
709 516 848 546 hostium
866 517 1041 558 imperator
1057 516 1193 548 liberare
1210 518 1344 559 voluit2,
1368 519 1423 550 sed
1448 519 1541 550 dolus
1565 521 1668 561 magis
1692 531 1789 562 quam

136 569 238 600 virtus
270 568 437 599 victoriam
471 566 616 598 hostibus
648 568 782 609 peperit.
829 567 1057 599 Verumtamen
1088 579 1151 599 non
1184 571 1286 611 magis
1318 581 1388 601 cum
1420 571 1565 602 hostibus
1595 583 1691 613 quam
1716 582 1788 602 curn

135 619 316 662 proditione
339 630 377 650 ac
400 619 537 660 perfidia
561 620 743 650 sociorum³
768 619 955 650 dimicatum
980 626 1038 658 est,
1063 631 1145 662 quae
1162 620 1325 652 dimicatio
1343 623 1445 653 maior
1461 628 1557 664 atque
1575 623 1790 665 periculosior

135 678 192 703 est.
237 670 319 702 Nam
344 671 430 702 acies
448 670 650 702 Coloniensis
669 676 764 712 atque
781 670 997 702 Traiectensis
1021 671 1154 702 militiae
1178 683 1219 703 ex
1242 674 1420 715 composito
1444 676 1561 706 avertit
1584 687 1617 706 se
1642 681 1673 706 et
1695 676 1789 717 fugit,

135 729 169 754 ut
201 729 269 754 erat
298 723 381 754 inter
412 723 573 764 principia
605 727 716 753 contra
747 721 853 753 hostes
885 723 1048 762 ordinata3
1081 734 1164 765 quae
1194 725 1352 755 sociorum
1386 725 1523 756 defectio
1547 727 1641 768 fregit
1664 728 1790 758 animos

135 781 333 806 caeterorum
359 775 391 804 in
415 785 448 805 re
473 780 538 804 tam
563 774 689 815 trepida
705 779 836 816 tamque
853 775 1028 816 inopinata,
1051 786 1089 805 ac
1106 775 1241 817 perinde
1258 776 1430 808 subtractis
1448 778 1589 820 undique
1607 790 1664 820 per
1679 779 1788 820 fugam

135 827 278 868 equitum
303 825 455 857 subsidiis
479 837 608 856 versum
634 833 681 856 est
698 827 728 856 in
746 827 870 868 pedites
888 832 988 857 totum
1013 827 1139 868 pondus
1157 828 1309 869 praelii⁴3
1334 829 1452 870 quibus
1469 829 1586 861 deinde
1604 841 1662 861 nec
1679 841 1791 872 pugna

135 884 282 910 constare
306 889 365 908 nec
388 878 465 919 fuga
489 878 556 909 sine
580 889 697 918 magna
722 878 819 909 caede
843 879 949 919 potuit
971 877 1139 919 explicari.
1186 880 1268 910 Tum
1294 880 1374 911 forte
1399 886 1513 922 captus
1531 887 1579 912 est
1596 882 1640 912 ibi
1658 883 1789 924 quidam

134 929 270 961 clericus
295 929 454 960 VVezelini
484 929 666 970 Moguntini
697 929 930 971 archiepiscopi
961 930 1090 962 nomine
1120 931 1342 972 Reginherus,
1377 943 1471 974 quem
1505 933 1708 964 adversarius
1738 933 1790 965 ille

135 981 256 1013 Christi
279 987 310 1013 et
332 980 488 1012 ecclesiae
508 981 648 1021 Hartvig
672 981 839 1023 corripuit,
863 981 961 1023 quod,
987 982 1040 1023 qui
1065 982 1124 1013 sub
1149 984 1257 1024 priore
1282 984 1436 1026 episcopo
1462 984 1623 1025 Sigefrido
1648 986 1695 1016 sui
1721 996 1790 1027 par-

134 1039 198 1065 tem
222 1044 327 1075 papae
351 1032 503 1075 Gregorii
528 1033 786 1064 constantissime
814 1032 995 1064 defenderit
1022 1044 1198 1076 regemque
1223 1035 1423 1067 Henrichum
1449 1048 1625 1078 omnesque
1649 1038 1790 1068 fautores

135 1086 202 1117 eius
227 1085 419 1127 pronissime
441 1084 646 1115 abominatus
677 1085 727 1123 sit,
758 1095 842 1115 nunc
873 1085 965 1126 quasi
993 1096 1050 1126 per
1072 1085 1182 1127 fugam
1208 1087 1337 1129 quidem
1362 1088 1401 1118 ad
1426 1089 1617 1120 iniustitiam
1642 1101 1789 1120 reversus

134 1138 190 1176 sit3
221 1148 260 1168 ac
282 1137 398 1168 deinde
422 1148 494 1168 eum
519 1138 606 1167 circa
628 1137 809 1167 occisorum
835 1147 973 1177 corpora
996 1137 1213 1169 circumduxit
1241 1145 1338 1181 atque
1367 1139 1536 1181 gloriando
1561 1141 1659 1172 dixit:
1691 1141 1786 1172 ‘Ecce

135 1188 230 1220 modo
254 1195 401 1231 apparet,
425 1199 500 1220 ecce
524 1188 621 1219 modo
645 1193 790 1231 apparet,
813 1187 868 1219 ubi
892 1189 1015 1219 iustitia
1038 1189 1087 1229 sit,
1112 1200 1184 1220 cum
1204 1191 1289 1232 apud
1308 1191 1383 1230 nos',
1408 1192 1522 1234 inquit,
1548 1194 1693 1224 ‘victoria
1717 1193 1784 1224 sit!y

134 1240 199 1272 Sed
224 1242 353 1272 iustitia
377 1246 405 1271 et
423 1252 497 1282 pam
522 1241 687 1272 osculatae
709 1245 785 1271 sunt
808 1251 849 1279 se,
874 1241 1025 1282 quoniam
1050 1246 1165 1272 neutra
1188 1248 1292 1283 potest
1315 1244 1438 1285 absque
1462 1244 1562 1275 altera
1588 1256 1667 1276 esse.
1715 1246 1786 1276 Stu-
1806 1256 1957 1280 emesan.

135 1292 223 1323 dium
247 1297 354 1324 autem
379 1297 410 1324 et
431 1291 535 1333 gloria
558 1296 606 1322 est
630 1303 750 1327 eorum,
775 1293 830 1333 qui
855 1292 1016 1333 pertinent
1039 1293 1077 1323 ad
1103 1298 1261 1324 terrenam
1287 1295 1462 1335 civitatem⁷
1486 1296 1651 1327 effundere
1676 1296 1786 1328 huma·

134 1356 209 1376 num
241 1345 442 1386 sanguinem,
476 1354 548 1374 cum
580 1343 635 1374 filii
668 1344 757 1385 pacis
789 1343 820 1374 hi
852 1344 916 1375 sint
945 1343 1001 1375 filii
1034 1344 1105 1376 Dei.
1162 1346 1206 1377 At
1240 1345 1324 1377 illius
1355 1348 1552 1389 sanguineae
1587 1348 1785 1380 crudelitatis

134 1397 296 1439 episcopi:

513 1437 618 1468 Nulla
642 1437 706 1469 loci
719 1438 833 1478 facies
856 1443 984 1469 revocat
996 1439 1168 1479 feralibus
1193 1441 1284 1470 arvis

515 1489 695 1520 Haerentes
719 1489 837 1527 oculos,
861 1489 961 1520 celsos
984 1491 1122 1522 cumulis
1146 1494 1323 1532 aequantia
1347 1493 1440 1524 colles

517 1540 665 1582 Corpora
689 1541 892 1582 sidentesque
916 1542 951 1572 z'n
975 1542 1076 1573 tabem
1100 1548 1223 1583 spectat
1246 1556 1379 1575 acervos
1389 1550 1411 1576 ⁵.

133 1594 228 1626 Certe
252 1593 323 1625 talis
347 1593 396 1624 vir
418 1593 610 1634 sanguinum
641 1591 764 1623 alienus
796 1597 854 1631 est,
885 1592 986 1624 hostis
1015 1599 1073 1635 est,
1102 1605 1197 1636 quem
1229 1606 1340 1626 sensus
1371 1596 1492 1627 doloris
1522 1608 1584 1628 non
1615 1598 1721 1639 tetigit
1752 1599 1785 1629 in

132 1646 302 1688 prostratis
323 1644 486 1685 fratribus,
510 1644 602 1674 iuxta
627 1643 711 1686 quod
735 1645 768 1674 in
792 1643 874 1675 libro
899 1644 938 1675 de
961 1645 1061 1687 lapsis
1085 1646 1200 1678 scribit
1223 1653 1353 1679 sanctus
1370 1647 1555 1690 Cyprianus
1573 1650 1785 1691 episcopusfl:

135 1698 223 1735 Quid
238 1698 383 1740 faciam,
406 1697 520 1738 inquit,
546 1696 906 1737 dilectissimifratres,
921 1697 1096 1738 fluctuans
1120 1699 1215 1730 vario
1240 1701 1355 1730 mentis
1375 1700 1489 1731 aestu?
1531 1700 1619 1737 Quid
1637 1706 1694 1732 aut
1710 1713 1786 1743 quo-

131 1751 225 1782 modo
255 1748 387 1781 dicam?
432 1749 596 1780 Lacrimis
626 1749 734 1789 mayis
765 1759 864 1789 quam
887 1748 991 1779 verbis
1016 1761 1099 1790 opus
1121 1755 1165 1781 est
1189 1751 1233 1781 ad
1256 1752 1507 1793 exprimendam
1538 1753 1690 1793 dolorem,
1722 1765 1784 1795 quo

132 1803 279 1844 corporis
308 1801 413 1832 nostri
444 1801 594 1842 deflenda
625 1805 669 1831 est
696 1799 813 1842 playa,
844 1811 905 1842 quo
925 1801 1048 1841 populi
1070 1801 1253 1844 aliquando
1277 1804 1443 1834 numerosi
1466 1804 1638 1846 multiplex
1660 1806 1782 1836 Zamen-

131 1853 236 1884 ta'nda
260 1854 319 1884 ‘est
341 1854 484 1884 iactura.
525 1851 607 1888 Quis
629 1852 714 1883 enim
730 1853 776 1883 sic
793 1852 899 1883 clarus
916 1864 955 1883 ac
969 1853 1116 1893 ferreus,
1140 1855 1214 1895 quis
1231 1855 1278 1885 sic
1291 1855 1471 1895 fraternae
1488 1857 1640 1887 caritatis
1657 1857 1783 1897 oblitus,
1803 1864 1829 1890 ἰ·
1847 1867 1896 1886 101-

132 1906 189 1947 qui
210 1906 297 1936 inter
318 1915 451 1935 suorum
474 1903 687 1943 multiformes
710 1905 831 1934 ruinas
855 1909 883 1934 et
904 1903 1060 1945 luyubres
1083 1916 1121 1936 ac
1144 1905 1242 1937 multo
1265 1906 1416 1948 squalore
1443 1908 1601 1948 deformes
1624 1908 1783 1950 reliquias

241 1992 270 2023 a)
291 1999 343 2025 qua
365 1992 394 2022 1;
416 1991 536 2016 Goldast.
557 1989 714 2016 emendavit.

239 2067 267 2102 1)
297 2066 342 2100 C's.
366 2066 505 2093 Bernoldi
528 2065 593 2093 Chr.
617 2075 649 2100 p.
673 2065 753 2100 444‚·
787 2065 909 2100 Stampf,
934 2066 1005 2100 Rey.
1029 2067 1130 2101 2885„-
1163 2067 1235 2095 Ann.
1260 2069 1397 2102 Auyusm
1432 2070 1541 2097 Contin.
1566 2070 1607 2096 II.
1632 2071 1782 2105 Mariani,-

131 2118 246 2154 Siyeb.;
275 2118 382 2145 Ek-lceh.
408 2118 473 2145 Chr.
519 2118 564 2143 Ea:
586 2117 628 2144 his
652 2117 777 2143 omnibus
799 2120 918 2151 apparet
941 2117 1071 2145 Sua-ones
1093 2118 1232 2146 studuisse
1252 2120 1415 2146 Alberonem
1437 2121 1467 2147 in
1490 2121 1679 2156 episcopatum
1702 2123 1781 2149 resti-

129 2173 207 2197 tuere
229 2171 342 2203 eiusque
364 2170 406 2195 rei
428 2178 516 2196 causa
539 2178 592 2195 sua
613 2172 710 2204 sponte
733 2173 813 2195 extra
830 2169 902 2202 fines
922 2169 1089 2202 provinciae
1111 2170 1279 2204 imperatori
1300 2172 1399 2198 bellum
1421 2174 1548 2200 intulisse
1564 2177 1665 2200 etcum
1681 2174 1783 2200 Suevis

129 2231 158 2249 se
173 2222 357 2249 coniunxisse.
431 2221 461 2255 2)
484 2221 549 2247 Huc
565 2220 658 2247 omnia
673 2224 807 2255 spectant,
829 2230 901 2255 quae
918 2221 1077 2248 walramus
1099 2223 1137 2256 (e.
1158 2223 1204 2256 16,
1218 2233 1248 2257 p.
1267 2224 1342 2257 231)
1358 2225 1392 2251 de
1407 2225 1582 2251 Herimauno
1598 2229 1621 2251 et
1637 2226 1672 2251 de
1683 2234 1781 2260 peyna

128 2273 159 2300 in
182 2273 301 2300 circuitu
323 2273 446 2299 civitatis
468 2272 696 2307 VVirzz'burqensis
719 2273 841 2300 dixerat.
917 2272 946 2307 3)
970 2273 1035 2299 Hac
1057 2273 1087 2299 in
1109 2283 1140 2300 re
1161 2275 1286 2302 dilucide
1308 2276 1437 2310 cognosci
1454 2280 1555 2311 polest,
1580 2277 1642 2310 quis
1664 2277 1780 2312 scripto-

130 2334 191 2351 rum
212 2325 292 2351 illius
314 2325 416 2351 aetatis
437 2325 617 2359 imperatoris
637 2324 729 2358 partis
751 2327 893 2359 sequatur,
922 2325 984 2359 quis
1012 2325 1048 2351 ab
1077 2326 1252 2352 adversariis
1275 2328 1333 2353 eius
1355 2331 1414 2355 stet.
1464 2328 1538 2354 Nam
1567 2329 1700 2354 acerrimi
1723 2329 1780 2355 vin-

130 2377 206 2404 dices
229 2386 333 2403 causae
356 2377 560 2410 Greqorianae,
584 2379 614 2402 ut
638 2376 796 2402 &ernoldus
819 2379 843 2402 el
868 2375 933 2402 Clzr.
958 2376 1125 2409 Petershus.,
1155 2378 1265 2404 silentio
1288 2388 1342 2405 non
1365 2380 1452 2406 solum
1470 2379 1622 2414 perfidiam
1644 2381 1781 2406 sociorum

128 2432 315 2462 praetereunt,
339 2429 387 2454 sed
410 2428 492 2454 etiam
513 2428 602 2462 paulo
623 2431 685 2462 post
708 2430 902 2461 recuperatam
918 2428 1011 2453 urbem
1036 2428 1210 2463 Wirziburq;
1234 2430 1420 2457 Elea-ehardus
1443 2432 1516 2458 illud
1538 2441 1591 2458 non
1614 2433 1710 2464 tradit,
1733 2433 1782 2459 sed

129 2483 268 2514 receptam
292 2489 349 2506 ense
371 2481 464 2506 urbem
489 2483 697 2513 commemorat;
721 2480 792 2505 Arm.
810 2479 928 2513 Auyust.
945 2479 1058 2505 dicunt:
1083 2480 1225 2506 exercitus
1249 2485 1344 2508 autem
1369 2483 1411 2508 sui
1436 2492 1502 2517 pars
1527 2483 1650 2509 maxima
1673 2483 1779 2516 statim,

130 2534 224 2557 utrum
249 2530 370 2558 consilio
395 2540 430 2557 an
457 2531 583 2566 ignavia,
614 2530 739 2565 turpiter
768 2533 852 2564 terga
880 2530 981 2563 vertitq
1017 2531 1046 2558 V.
1071 2532 1202 2558 Heinrici
1224 2534 1262 2567 (c.
1281 2534 1316 2559 4:
1348 2534 1397 2560 ubi
1428 2538 1523 2561 tamen
1555 2535 1656 2561 fraude
1689 2535 1779 2569 magis

131 2591 216 2617 quam
245 2583 351 2609 virtute
381 2586 541 2618 pugnatum
572 2586 629 2617 est)
664 2586 764 2609 narrat
798 2582 944 2608 nonnullos
974 2583 1078 2616 equites
1107 2585 1204 2618 reqiete
1236 2585 1330 2618 partis
1357 2586 1447 2612 subito
1477 2587 1602 2612 mercede
1632 2587 1779 2613 conductos

131 2643 211 2661 arma
233 2635 263 2661 in
285 2644 376 2669 reyem
398 2635 487 2669 ipsum
511 2635 634 2661 vertisse.
723 2634 753 2665 4)
784 2634 812 2659 1'.
838 2633 938 2660 Heinr.
964 2643 986 2660 e.
1011 2635 1044 2660 4.·
1068 2634 1137 2661 solis
1160 2635 1308 2670 peditibus
1333 2637 1498 2663 miserabile
1522 2637 1612 2663 fatum
1637 2637 1778 2665 incubuit.

132 2686 161 2720 5)
184 2687 292 2714 Lucan.
315 2687 380 2722 VII,
404 2697 430 2714 v.
449 2686 632 2713 788—791:
718 2685 881 2711 Haerentes
905 2685 1020 2717 oculos;
1045 2686 1137 2712 cernit
1159 2687 1300 2722 propulsa
1323 2696 1425 2714 cruore

716 2736 848 2762 Flumina
872 2739 900 2761 et
924 2736 1054 2763 excelsos
1077 2738 1199 2764 cumulis
1223 2739 1380 2773 aequantia
1403 2739 1493 2765 colles

715 2787 855 2822 Corpora,
881 2786 1009 2814 sidentes
1032 2788 1061 2814 in
1084 2789 1182 2815 tabem
1205 2794 1319 2824 spectat
1343 2799 1471 2816 acervos.

132 2840 161 2874 6)
185 2841 231 2866 De
252 2841 342 2875 lapsis
363 2843 378 2873 ἓ
400 2841 428 2874 4,
455 2841 526 2876 Opp.
547 2851 577 2876 p.
595 2840 666 2867 239.
