<?xml version="1.0" encoding="UTF-8"?>
<!DOCTYPE html PUBLIC "-//W3C//DTD XHTML 1.0 Transitional//EN"
    "http://www.w3.org/TR/xhtml1/DTD/xhtml1-transitional.dtd">
<html xmlns="http://www.w3.org/1999/xhtml" xml:lang="en" lang="en">
 <head>
  <title>
</title>
<meta http-equiv="Content-Type" content="text/html;charset=utf-8" />
  <meta name='ocr-system' content='tesseract 3.04.00' />
  <meta name='ocr-capabilities' content='ocr_page ocr_carea ocr_par ocr_line ocrx_word'/>
</head>
<body>
  <div class='ocr_page' id='page_1' title='image "./monumenta02geseuoft_0547.png"; bbox 0 0 2132 3067; ppageno 0'>
   <div class='ocr_carea' id='block_1_1' title="bbox 39 694 64 713">
    <p class='ocr_par' dir='ltr' id='par_1_1' title="bbox 39 694 64 713">
     <span class='ocr_line' id='line_1_1' title="bbox 39 694 64 713; baseline -0.04 0"><span class='ocrx_word' id='word_1_1' title='bbox 39 694 64 713; x_wconf 92' lang='lat'>10</span> 
     </span>
    </p>
   </div>
   <div class='ocr_carea' id='block_1_2' title="bbox 41 951 65 970">
    <p class='ocr_par' dir='ltr' id='par_1_2' title="bbox 41 951 65 970">
     <span class='ocr_line' id='line_1_2' title="bbox 41 951 65 970; baseline -0.042 0"><span class='ocrx_word' id='word_1_2' title='bbox 41 951 65 970; x_wconf 76' lang='lat'>15</span> 
     </span>
    </p>
   </div>
   <div class='ocr_carea' id='block_1_3' title="bbox 40 1207 66 1226">
    <p class='ocr_par' dir='ltr' id='par_1_3' title="bbox 40 1207 66 1226">
     <span class='ocr_line' id='line_1_3' title="bbox 40 1207 66 1226; baseline 0 0"><span class='ocrx_word' id='word_1_3' title='bbox 40 1207 66 1226; x_wconf 77' lang='lat'>20</span> 
     </span>
    </p>
   </div>
   <div class='ocr_carea' id='block_1_4' title="bbox 41 1464 67 1483">
    <p class='ocr_par' dir='ltr' id='par_1_4' title="bbox 41 1464 67 1483">
     <span class='ocr_line' id='line_1_4' title="bbox 41 1464 67 1483; baseline 0.038 -1"><span class='ocrx_word' id='word_1_4' title='bbox 41 1464 67 1483; x_wconf 76' lang='lat'>25</span> 
     </span>
    </p>
   </div>
   <div class='ocr_carea' id='block_1_5' title="bbox 608 124 1208 154">
    <p class='ocr_par' dir='ltr' id='par_1_5' title="bbox 608 124 1208 154">
     <span class='ocr_line' id='line_1_5' title="bbox 608 124 1208 154; baseline -0.005 0"><span class='ocrx_word' id='word_1_5' title='bbox 608 128 723 154; x_wconf 83' lang='lat' dir='ltr'>LIBER</span> <span class='ocrx_word' id='word_1_6' title='bbox 746 127 797 153; x_wconf 84' lang='lat' dir='ltr'>DE</span> <span class='ocrx_word' id='word_1_7' title='bbox 822 126 952 153; x_wconf 83' lang='lat' dir='ltr'>ANULO</span> <span class='ocrx_word' id='word_1_8' title='bbox 976 126 1024 152; x_wconf 89' lang='lat' dir='ltr'>ET</span> <span class='ocrx_word' id='word_1_9' title='bbox 1046 124 1208 152; x_wconf 80' lang='lat' dir='ltr'>BACULO.</span> 
     </span>
    </p>
   </div>
   <div class='ocr_carea' id='block_1_6' title="bbox 328 215 1437 1543">
    <p class='ocr_par' dir='ltr' id='par_1_6' title="bbox 328 215 1437 1543">
     <span class='ocr_line' id='line_1_6' title="bbox 329 215 1204 257; baseline -0.002 -10"><span class='ocrx_word' id='word_1_10' title='bbox 329 225 398 247; x_wconf 77' lang='lat'>1135</span> <span class='ocrx_word' id='word_1_11' title='bbox 424 217 450 246; x_wconf 79' lang='lat' dir='ltr'><strong>A</strong></span> <span class='ocrx_word' id='word_1_12' title='bbox 476 216 593 257; x_wconf 80' lang='lat' dir='ltr'><strong>gladiis</strong></span> <span class='ocrx_word' id='word_1_13' title='bbox 617 222 647 247; x_wconf 87' lang='lat' dir='ltr'>et</span> <span class='ocrx_word' id='word_1_14' title='bbox 671 216 806 246; x_wconf 82' lang='lat' dir='ltr'>saevitia</span> <span class='ocrx_word' id='word_1_15' title='bbox 829 215 1021 257; x_wconf 84' lang='lat' dir='ltr'>quandoque</span> <span class='ocrx_word' id='word_1_16' title='bbox 1045 215 1204 253; x_wconf 84' lang='lat' dir='ltr'>videntur,</span> 
     </span>
     <span class='ocr_line' id='line_1_7' title="bbox 505 267 1145 307; baseline -0.002 -9"><span class='ocrx_word' id='word_1_17' title='bbox 505 268 578 306; x_wconf 80' lang='lat' dir='ltr'>Qua</span> <span class='ocrx_word' id='word_1_18' title='bbox 603 267 731 298; x_wconf 86' lang='lat' dir='ltr'>Christo</span> <span class='ocrx_word' id='word_1_19' title='bbox 756 277 866 297; x_wconf 81' lang='lat' dir='ltr'>servos</span> <span class='ocrx_word' id='word_1_20' title='bbox 890 267 1036 307; x_wconf 79' lang='lat' dir='ltr'>eripuere</span> <span class='ocrx_word' id='word_1_21' title='bbox 1060 277 1145 298; x_wconf 77' lang='lat' dir='ltr'>suos,</span> 
     </span>
     <span class='ocr_line' id='line_1_8' title="bbox 421 317 1222 359; baseline -0.004 -9"><span class='ocrx_word' id='word_1_22' title='bbox 421 319 512 350; x_wconf 75' lang='lat' dir='ltr'>Siout</span> <span class='ocrx_word' id='word_1_23' title='bbox 535 320 630 358; x_wconf 84' lang='lat' dir='ltr'>enim,</span> <span class='ocrx_word' id='word_1_24' title='bbox 655 319 747 359; x_wconf 85' lang='lat' dir='ltr'>quasi</span> <span class='ocrx_word' id='word_1_25' title='bbox 772 317 926 355; x_wconf 79' lang='lat' dir='ltr'>vivificat,</span> <span class='ocrx_word' id='word_1_26' title='bbox 951 318 1004 358; x_wconf 82' lang='lat' dir='ltr'>qui</span> <span class='ocrx_word' id='word_1_27' title='bbox 1030 318 1222 348; x_wconf 72' lang='lat' dir='ltr'>mortificare</span> 
     </span>
     <span class='ocr_line' id='line_1_9' title="bbox 507 369 1319 407; baseline -0.004 -6"><span class='ocrx_word' id='word_1_28' title='bbox 507 370 588 402; x_wconf 85' lang='lat' dir='ltr'>Cum</span> <span class='ocrx_word' id='word_1_29' title='bbox 616 369 720 400; x_wconf 80' lang='lat' dir='ltr'>valeat</span> <span class='ocrx_word' id='word_1_30' title='bbox 742 369 916 407; x_wconf 76' lang='lat' dir='ltr'>homiuem,</span> <span class='ocrx_word' id='word_1_31' title='bbox 940 379 1003 398; x_wconf 86' lang='lat' dir='ltr'>non</span> <span class='ocrx_word' id='word_1_32' title='bbox 1027 376 1131 399; x_wconf 82' lang='lat' dir='ltr'>tamen</span> <span class='ocrx_word' id='word_1_33' title='bbox 1156 369 1319 400; x_wconf 78' lang='lat' dir='ltr'>interimit.</span> 
     </span>
     <span class='ocr_line' id='line_1_10' title="bbox 421 419 1121 460; baseline -0.004 -7"><span class='ocrx_word' id='word_1_34' title='bbox 421 422 515 454; x_wconf 90' lang='lat' dir='ltr'>Unde</span> <span class='ocrx_word' id='word_1_35' title='bbox 538 421 701 452; x_wconf 84' lang='lat' dir='ltr'>ferebatur</span> <span class='ocrx_word' id='word_1_36' title='bbox 724 419 833 451; x_wconf 83' lang='lat' dir='ltr'>David</span> <span class='ocrx_word' id='word_1_37' title='bbox 857 430 919 449; x_wconf 89' lang='lat' dir='ltr'>non</span> <span class='ocrx_word' id='word_1_38' title='bbox 945 420 1121 460; x_wconf 74' lang='lat' dir='ltr'>vivificare,</span> 
     </span>
     <span class='ocr_line' id='line_1_11' title="bbox 329 472 1269 514; baseline -0.001 -11"><span class='ocrx_word' id='word_1_39' title='bbox 329 481 397 503; x_wconf 72' lang='lat'>1140</span> <span class='ocrx_word' id='word_1_40' title='bbox 507 473 602 512; x_wconf 79' lang='lat' dir='ltr'>Quod</span> <span class='ocrx_word' id='word_1_41' title='bbox 626 478 762 514; x_wconf 83' lang='lat' dir='ltr'>quantos</span> <span class='ocrx_word' id='word_1_42' title='bbox 787 477 897 512; x_wconf 82' lang='lat' dir='ltr'>posset</span> <span class='ocrx_word' id='word_1_43' title='bbox 923 472 1028 501; x_wconf 76' lang='lat' dir='ltr'>vivere</span> <span class='ocrx_word' id='word_1_44' title='bbox 1053 483 1114 502; x_wconf 88' lang='lat' dir='ltr'>nou</span> <span class='ocrx_word' id='word_1_45' title='bbox 1140 472 1269 502; x_wconf 83' lang='lat' dir='ltr'>sineret.</span> 
     </span>
     <span class='ocr_line' id='line_1_12' title="bbox 422 522 1165 561; baseline -0.004 -6"><span class='ocrx_word' id='word_1_46' title='bbox 422 524 475 555; x_wconf 82' lang='lat' dir='ltr'>Sic</span> <span class='ocrx_word' id='word_1_47' title='bbox 499 523 679 555; x_wconf 77' lang='lat' dir='ltr'>libertatern</span> <span class='ocrx_word' id='word_1_48' title='bbox 704 523 780 553; x_wconf 84' lang='lat' dir='ltr'>dare</span> <span class='ocrx_word' id='word_1_49' title='bbox 805 522 855 552; x_wconf 88' lang='lat' dir='ltr'>vel</span> <span class='ocrx_word' id='word_1_50' title='bbox 879 522 1005 553; x_wconf 78' lang='lat' dir='ltr'>firmare</span> <span class='ocrx_word' id='word_1_51' title='bbox 1029 522 1165 561; x_wconf 79' lang='lat' dir='ltr'>videtur,</span> 
     </span>
     <span class='ocr_line' id='line_1_13' title="bbox 507 573 1331 615; baseline -0.002 -9"><span class='ocrx_word' id='word_1_52' title='bbox 507 577 569 614; x_wconf 74' lang='lat' dir='ltr'>Qui</span> <span class='ocrx_word' id='word_1_53' title='bbox 594 586 667 606; x_wconf 85' lang='lat' dir='ltr'>cum</span> <span class='ocrx_word' id='word_1_54' title='bbox 693 573 866 615; x_wconf 78' lang='lat' dir='ltr'>prevaleat,</span> <span class='ocrx_word' id='word_1_55' title='bbox 891 585 953 604; x_wconf 87' lang='lat' dir='ltr'>non</span> <span class='ocrx_word' id='word_1_56' title='bbox 977 574 1064 612; x_wconf 74' lang='lat' dir='ltr'>facit,</span> <span class='ocrx_word' id='word_1_57' title='bbox 1088 574 1173 604; x_wconf 78' lang='lat' dir='ltr'>unde</span> <span class='ocrx_word' id='word_1_58' title='bbox 1198 580 1331 615; x_wconf 83' lang='lat' dir='ltr'>premat.</span> 
     </span>
     <span class='ocr_line' id='line_1_14' title="bbox 420 625 1284 667; baseline -0.003 -9"><span class='ocrx_word' id='word_1_59' title='bbox 420 627 483 658; x_wconf 80' lang='lat' dir='ltr'>Hic</span> <span class='ocrx_word' id='word_1_60' title='bbox 507 628 569 658; x_wconf 87' lang='lat' dir='ltr'>iam</span> <span class='ocrx_word' id='word_1_61' title='bbox 595 637 656 657; x_wconf 88' lang='lat' dir='ltr'>non</span> <span class='ocrx_word' id='word_1_62' title='bbox 682 637 762 667; x_wconf 89' lang='lat' dir='ltr'>opus</span> <span class='ocrx_word' id='word_1_63' title='bbox 786 632 833 657; x_wconf 87' lang='lat' dir='ltr'>est</span> <span class='ocrx_word' id='word_1_64' title='bbox 858 626 964 667; x_wconf 64' lang='lat' dir='ltr'>Moysi</span> <span class='ocrx_word' id='word_1_65' title='bbox 991 625 1140 656; x_wconf 77' lang='lat' dir='ltr'>mandata</span> <span class='ocrx_word' id='word_1_66' title='bbox 1164 625 1284 663; x_wconf 82' lang='lat' dir='ltr'>videre,</span> 
     </span>
     <span class='ocr_line' id='line_1_15' title="bbox 506 676 1205 717; baseline -0.001 -9"><span class='ocrx_word' id='word_1_67' title='bbox 506 678 569 717; x_wconf 76' lang='lat' dir='ltr'>Qui</span> <span class='ocrx_word' id='word_1_68' title='bbox 594 677 653 708; x_wconf 83' lang='lat' dir='ltr'>soli</span> <span class='ocrx_word' id='word_1_69' title='bbox 678 677 820 707; x_wconf 88' lang='lat' dir='ltr'>Domino</span> <span class='ocrx_word' id='word_1_70' title='bbox 845 677 989 708; x_wconf 80' lang='lat' dir='ltr'>subdidit</span> <span class='ocrx_word' id='word_1_71' title='bbox 1013 678 1044 707; x_wconf 87' lang='lat' dir='ltr'>in</span> <span class='ocrx_word' id='word_1_72' title='bbox 1068 676 1205 707; x_wconf 80' lang='lat' dir='ltr'>famulos</span> 
     </span>
     <span class='ocr_line' id='line_1_16' title="bbox 328 728 1132 770; baseline -0.004 -9"><span class='ocrx_word' id='word_1_73' title='bbox 328 738 396 761; x_wconf 70' lang='lat'>1145</span> <span class='ocrx_word' id='word_1_74' title='bbox 422 730 550 762; x_wconf 81' lang='lat' dir='ltr'>Levitas</span> <span class='ocrx_word' id='word_1_75' title='bbox 573 736 604 761; x_wconf 87' lang='lat' dir='ltr'>et</span> <span class='ocrx_word' id='word_1_76' title='bbox 627 730 672 760; x_wconf 86' lang='lat' dir='ltr'>eis</span> <span class='ocrx_word' id='word_1_77' title='bbox 696 728 857 770; x_wconf 83' lang='lat' dir='ltr'>praelatos</span> <span class='ocrx_word' id='word_1_78' title='bbox 882 728 1132 770; x_wconf 80' lang='lat' dir='ltr'>pontificemque</span> 
     </span>
     <span class='ocr_line' id='line_1_17' title="bbox 506 780 1239 822; baseline -0.003 -10"><span class='ocrx_word' id='word_1_79' title='bbox 506 781 548 812; x_wconf 86' lang='lat' dir='ltr'>Et</span> <span class='ocrx_word' id='word_1_80' title='bbox 572 780 691 822; x_wconf 88' lang='lat' dir='ltr'>populo</span> <span class='ocrx_word' id='word_1_81' title='bbox 715 792 822 822; x_wconf 84' lang='lat' dir='ltr'>regem</span> <span class='ocrx_word' id='word_1_82' title='bbox 847 780 949 811; x_wconf 88' lang='lat' dir='ltr'>noluit</span> <span class='ocrx_word' id='word_1_83' title='bbox 973 792 1044 811; x_wconf 88' lang='lat' dir='ltr'>esse</span> <span class='ocrx_word' id='word_1_84' title='bbox 1067 780 1239 819; x_wconf 82' lang='lat' dir='ltr'>hominem,</span> 
     </span>
     <span class='ocr_line' id='line_1_18' title="bbox 421 831 1245 874; baseline -0.004 -10"><span class='ocrx_word' id='word_1_85' title='bbox 421 833 468 864; x_wconf 89' lang='lat' dir='ltr'>Ne</span> <span class='ocrx_word' id='word_1_86' title='bbox 492 839 661 874; x_wconf 86' lang='lat' dir='ltr'>premeret,</span> <span class='ocrx_word' id='word_1_87' title='bbox 686 843 725 863; x_wconf 90' lang='lat' dir='ltr'>ne</span> <span class='ocrx_word' id='word_1_88' title='bbox 751 833 914 874; x_wconf 80' lang='lat' dir='ltr'>diriperet,</span> <span class='ocrx_word' id='word_1_89' title='bbox 939 832 993 862; x_wconf 88' lang='lat' dir='ltr'>sed</span> <span class='ocrx_word' id='word_1_90' title='bbox 1017 831 1104 862; x_wconf 87' lang='lat' dir='ltr'>solus</span> <span class='ocrx_word' id='word_1_91' title='bbox 1128 832 1159 862; x_wconf 86' lang='lat' dir='ltr'>in</span> <span class='ocrx_word' id='word_1_92' title='bbox 1185 831 1245 861; x_wconf 86' lang='lat' dir='ltr'>illis</span> 
     </span>
     <span class='ocr_line' id='line_1_19' title="bbox 505 882 1242 925; baseline -0.003 -10"><span class='ocrx_word' id='word_1_93' title='bbox 505 885 668 925; x_wconf 81' lang='lat' dir='ltr'>Regnaret</span> <span class='ocrx_word' id='word_1_94' title='bbox 690 884 850 914; x_wconf 84' lang='lat' dir='ltr'>Dominus</span> <span class='ocrx_word' id='word_1_95' title='bbox 873 883 986 924; x_wconf 86' lang='lat' dir='ltr'>legifer</span> <span class='ocrx_word' id='word_1_96' title='bbox 1008 890 1104 924; x_wconf 81' lang='lat' dir='ltr'>atque</span> <span class='ocrx_word' id='word_1_97' title='bbox 1129 882 1242 914; x_wconf 83' lang='lat' dir='ltr'>bonus.</span> 
     </span>
     <span class='ocr_line' id='line_1_20' title="bbox 422 934 1129 977; baseline -0.003 -10"><span class='ocrx_word' id='word_1_98' title='bbox 422 937 512 968; x_wconf 80' lang='lat' dir='ltr'>Ritus</span> <span class='ocrx_word' id='word_1_99' title='bbox 536 934 671 977; x_wconf 81' lang='lat' dir='ltr'>gentiles</span> <span class='ocrx_word' id='word_1_100' title='bbox 694 935 848 966; x_wconf 84' lang='lat' dir='ltr'>inducere</span> <span class='ocrx_word' id='word_1_101' title='bbox 871 946 921 966; x_wconf 89' lang='lat' dir='ltr'>res</span> <span class='ocrx_word' id='word_1_102' title='bbox 945 934 1050 965; x_wconf 86' lang='lat' dir='ltr'>aliena</span> <span class='ocrx_word' id='word_1_103' title='bbox 1073 940 1129 972; x_wconf 82' lang='lat' dir='ltr'>est,</span> 
     </span>
     <span class='ocr_line' id='line_1_21' title="bbox 330 986 1242 1026; baseline -0.003 -7"><span class='ocrx_word' id='word_1_104' title='bbox 330 996 399 1019; x_wconf 81' lang='lat'>1150</span> <span class='ocrx_word' id='word_1_105' title='bbox 508 987 550 1018; x_wconf 80' lang='lat' dir='ltr'>Et</span> <span class='ocrx_word' id='word_1_106' title='bbox 573 986 676 1018; x_wconf 68' lang='lat' dir='ltr'>malea</span> <span class='ocrx_word' id='word_1_107' title='bbox 700 992 764 1018; x_wconf 76' lang='lat' dir='ltr'>tani</span> <span class='ocrx_word' id='word_1_108' title='bbox 789 991 899 1017; x_wconf 84' lang='lat' dir='ltr'>sancto</span> <span class='ocrx_word' id='word_1_109' title='bbox 924 987 1119 1016; x_wconf 81' lang='lat' dir='ltr'>conveniens</span> <span class='ocrx_word' id='word_1_110' title='bbox 1143 986 1242 1026; x_wconf 84' lang='lat' dir='ltr'>operi.</span> 
     </span>
     <span class='ocr_line' id='line_1_22' title="bbox 423 1037 1220 1079; baseline -0.001 -10"><span class='ocrx_word' id='word_1_111' title='bbox 423 1039 490 1070; x_wconf 85' lang='lat' dir='ltr'>Nee</span> <span class='ocrx_word' id='word_1_112' title='bbox 514 1038 649 1069; x_wconf 81' lang='lat' dir='ltr'>inultum</span> <span class='ocrx_word' id='word_1_113' title='bbox 674 1039 780 1074; x_wconf 79' lang='lat' dir='ltr'>mirer,</span> <span class='ocrx_word' id='word_1_114' title='bbox 804 1039 873 1079; x_wconf 84' lang='lat' dir='ltr'>regi</span> <span class='ocrx_word' id='word_1_115' title='bbox 897 1049 989 1068; x_wconf 82' lang='lat' dir='ltr'>sacra</span> <span class='ocrx_word' id='word_1_116' title='bbox 1013 1037 1220 1079; x_wconf 77' lang='lat' dir='ltr'>supposuisse</span> 
     </span>
     <span class='ocr_line' id='line_1_23' title="bbox 507 1088 1227 1132; baseline -0.003 -12"><span class='ocrx_word' id='word_1_117' title='bbox 507 1091 571 1129; x_wconf 70' lang='lat' dir='ltr'>Qui</span> <span class='ocrx_word' id='word_1_118' title='bbox 595 1095 728 1131; x_wconf 84' lang='lat' dir='ltr'>potuere</span> <span class='ocrx_word' id='word_1_119' title='bbox 753 1090 859 1121; x_wconf 87' lang='lat' dir='ltr'>Deum</span> <span class='ocrx_word' id='word_1_120' title='bbox 885 1101 1004 1132; x_wconf 88' lang='lat' dir='ltr'>ponere</span> <span class='ocrx_word' id='word_1_121' title='bbox 1028 1089 1086 1120; x_wconf 88' lang='lat' dir='ltr'>sub</span> <span class='ocrx_word' id='word_1_122' title='bbox 1111 1088 1227 1130; x_wconf 77' lang='lat' dir='ltr'>lapide.</span> 
     </span>
     <span class='ocr_line' id='line_1_24' title="bbox 423 1141 1074 1182; baseline -0.002 -10"><span class='ocrx_word' id='word_1_123' title='bbox 423 1142 466 1172; x_wconf 84' lang='lat' dir='ltr'>Et</span> <span class='ocrx_word' id='word_1_124' title='bbox 489 1142 668 1173; x_wconf 85' lang='lat' dir='ltr'>desertores</span> <span class='ocrx_word' id='word_1_125' title='bbox 692 1141 795 1172; x_wconf 89' lang='lat' dir='ltr'>cultus</span> <span class='ocrx_word' id='word_1_126' title='bbox 820 1146 850 1172; x_wconf 83' lang='lat' dir='ltr'>et</span> <span class='ocrx_word' id='word_1_127' title='bbox 874 1141 1074 1182; x_wconf 83' lang='lat' dir='ltr'>cognicionis</span> 
     </span>
     <span class='ocr_line' id='line_1_25' title="bbox 510 1191 1111 1225; baseline -0.002 -1"><span class='ocrx_word' id='word_1_128' title='bbox 510 1194 628 1225; x_wconf 81' lang='lat' dir='ltr'>Fecere</span> <span class='ocrx_word' id='word_1_129' title='bbox 651 1198 775 1224; x_wconf 81' lang='lat' dir='ltr'>statuas</span> <span class='ocrx_word' id='word_1_130' title='bbox 798 1199 829 1224; x_wconf 86' lang='lat' dir='ltr'>et</span> <span class='ocrx_word' id='word_1_131' title='bbox 853 1193 979 1224; x_wconf 84' lang='lat' dir='ltr'>coluere</span> <span class='ocrx_word' id='word_1_132' title='bbox 1004 1191 1111 1224; x_wconf 84' lang='lat' dir='ltr'>nichil.</span> 
     </span>
     <span class='ocr_line' id='line_1_26' title="bbox 330 1243 1220 1286; baseline -0.003 -10"><span class='ocrx_word' id='word_1_133' title='bbox 330 1253 398 1276; x_wconf 80' lang='lat'>1155</span> <span class='ocrx_word' id='word_1_134' title='bbox 422 1245 485 1276; x_wconf 84' lang='lat' dir='ltr'>Hic</span> <span class='ocrx_word' id='word_1_135' title='bbox 508 1246 606 1286; x_wconf 85' lang='lat' dir='ltr'>igitur</span> <span class='ocrx_word' id='word_1_136' title='bbox 628 1245 710 1283; x_wconf 73' lang='lat' dir='ltr'>finis,</span> <span class='ocrx_word' id='word_1_137' title='bbox 734 1250 769 1275; x_wconf 88' lang='lat' dir='ltr'>ut</span> <span class='ocrx_word' id='word_1_138' title='bbox 792 1251 937 1286; x_wconf 86' lang='lat' dir='ltr'>tempora</span> <span class='ocrx_word' id='word_1_139' title='bbox 961 1243 1048 1275; x_wconf 81' lang='lat' dir='ltr'>nulla</span> <span class='ocrx_word' id='word_1_140' title='bbox 1071 1249 1220 1285; x_wconf 84' lang='lat' dir='ltr'>putemus</span> 
     </span>
     <span class='ocr_line' id='line_1_27' title="bbox 507 1297 1212 1338; baseline -0.004 -11"><span class='ocrx_word' id='word_1_141' title='bbox 507 1297 579 1327; x_wconf 88' lang='lat' dir='ltr'>Non</span> <span class='ocrx_word' id='word_1_142' title='bbox 603 1297 703 1327; x_wconf 81' lang='lat' dir='ltr'>sacris</span> <span class='ocrx_word' id='word_1_143' title='bbox 728 1307 836 1327; x_wconf 79' lang='lat' dir='ltr'>sacras</span> <span class='ocrx_word' id='word_1_144' title='bbox 859 1297 1066 1338; x_wconf 83' lang='lat' dir='ltr'>supposuisse</span> <span class='ocrx_word' id='word_1_145' title='bbox 1090 1306 1212 1334; x_wconf 80' lang='lat' dir='ltr'>manus,</span> 
     </span>
     <span class='ocr_line' id='line_1_28' title="bbox 424 1346 1408 1390; baseline -0.002 -12"><span class='ocrx_word' id='word_1_146' title='bbox 424 1349 532 1390; x_wconf 79' lang='lat' dir='ltr'>Atque</span> <span class='ocrx_word' id='word_1_147' title='bbox 555 1360 612 1390; x_wconf 90' lang='lat' dir='ltr'>per</span> <span class='ocrx_word' id='word_1_148' title='bbox 635 1348 694 1379; x_wconf 85' lang='lat' dir='ltr'>hoc</span> <span class='ocrx_word' id='word_1_149' title='bbox 718 1354 852 1387; x_wconf 81' lang='lat' dir='ltr'>constet,</span> <span class='ocrx_word' id='word_1_150' title='bbox 876 1348 960 1378; x_wconf 84' lang='lat' dir='ltr'>sicut</span> <span class='ocrx_word' id='word_1_151' title='bbox 982 1348 1044 1377; x_wconf 82' lang='lat' dir='ltr'>iam</span> <span class='ocrx_word' id='word_1_152' title='bbox 1069 1358 1145 1388; x_wconf 84' lang='lat' dir='ltr'>sepe</span> <span class='ocrx_word' id='word_1_153' title='bbox 1168 1346 1338 1388; x_wconf 80' lang='lat' dir='ltr'>probatum</span> <span class='ocrx_word' id='word_1_154' title='bbox 1363 1354 1408 1376; x_wconf 89' lang='lat' dir='ltr'>est</span> 
     </span>
     <span class='ocr_line' id='line_1_29' title="bbox 508 1399 1170 1442; baseline -0.005 -11"><span class='ocrx_word' id='word_1_155' title='bbox 508 1400 778 1442; x_wconf 78' lang='lat' dir='ltr'>Deprensumque</span> <span class='ocrx_word' id='word_1_156' title='bbox 802 1400 855 1441; x_wconf 88' lang='lat' dir='ltr'>pia</span> <span class='ocrx_word' id='word_1_157' title='bbox 878 1400 1071 1440; x_wconf 80' lang='lat' dir='ltr'>cognitione,</span> <span class='ocrx_word' id='word_1_158' title='bbox 1096 1399 1170 1440; x_wconf 85' lang='lat' dir='ltr'>quia</span> 
     </span>
     <span class='ocr_line' id='line_1_30' title="bbox 424 1449 1437 1490; baseline -0.002 -7"><span class='ocrx_word' id='word_1_159' title='bbox 424 1452 582 1482; x_wconf 89' lang='lat' dir='ltr'>Anulus</span> <span class='ocrx_word' id='word_1_160' title='bbox 606 1457 643 1482; x_wconf 83' lang='lat' dir='ltr'>et</span> <span class='ocrx_word' id='word_1_161' title='bbox 667 1451 843 1483; x_wconf 85' lang='lat' dir='ltr'>baculus</span> <span class='ocrx_word' id='word_1_162' title='bbox 867 1450 930 1481; x_wconf 87' lang='lat' dir='ltr'>duo</span> <span class='ocrx_word' id='word_1_163' title='bbox 955 1456 1029 1481; x_wconf 81' lang='lat' dir='ltr'>sunt</span> <span class='ocrx_word' id='word_1_164' title='bbox 1053 1460 1145 1480; x_wconf 85' lang='lat' dir='ltr'>sacra</span> <span class='ocrx_word' id='word_1_165' title='bbox 1167 1450 1269 1490; x_wconf 81' lang='lat' dir='ltr'>signa,</span> <span class='ocrx_word' id='word_1_166' title='bbox 1293 1460 1351 1480; x_wconf 83' lang='lat' dir='ltr'>nec</span> <span class='ocrx_word' id='word_1_167' title='bbox 1375 1449 1437 1480; x_wconf 78' lang='lat' dir='ltr'>ullo</span> 
     </span>
     <span class='ocr_line' id='line_1_31' title="bbox 331 1501 1190 1543; baseline 0 -11"><span class='ocrx_word' id='word_1_168' title='bbox 331 1510 400 1533; x_wconf 78' lang='lat'>1160</span> <span class='ocrx_word' id='word_1_169' title='bbox 509 1502 560 1534; x_wconf 88' lang='lat' dir='ltr'>De</span> <span class='ocrx_word' id='word_1_170' title='bbox 583 1502 656 1533; x_wconf 82' lang='lat' dir='ltr'>laici</span> <span class='ocrx_word' id='word_1_171' title='bbox 681 1501 829 1532; x_wconf 80' lang='lat' dir='ltr'>manibus</span> <span class='ocrx_word' id='word_1_172' title='bbox 853 1502 1060 1543; x_wconf 85' lang='lat' dir='ltr'>suscipienda</span> <span class='ocrx_word' id='word_1_173' title='bbox 1084 1501 1190 1532; x_wconf 85' lang='lat' dir='ltr'>modo.</span> 
     </span>
    </p>
   </div>
   <div class='ocr_carea' id='block_1_7' title="bbox 468 1571 1352 1610">
    <p class='ocr_par' dir='ltr' id='par_1_7' title="bbox 468 1571 1352 1610">
     <span class='ocr_line' id='line_1_32' title="bbox 468 1571 1352 1610; baseline -0.003 0"><span class='ocrx_word' id='word_1_174' title='bbox 468 1573 710 1610; x_wconf 85' lang='lat' dir='ltr'>EXPLICIT</span> <span class='ocrx_word' id='word_1_175' title='bbox 738 1573 808 1609; x_wconf 87' lang='lat' dir='ltr'>DE</span> <span class='ocrx_word' id='word_1_176' title='bbox 836 1573 1011 1610; x_wconf 76' lang='lat' dir='ltr'>ANULO</span> <span class='ocrx_word' id='word_1_177' title='bbox 1039 1573 1106 1608; x_wconf 88' lang='lat' dir='ltr'>ET</span> <span class='ocrx_word' id='word_1_178' title='bbox 1133 1571 1352 1609; x_wconf 68' lang='lat' dir='ltr'>BACL&#39;LQ</span> 
     </span>
    </p>
   </div>
   <div class='ocr_carea' id='block_1_8' title="bbox 197 1677 367 1708">
    <p class='ocr_par' dir='ltr' id='par_1_8' title="bbox 197 1677 367 1708">
     <span class='ocr_line' id='line_1_33' title="bbox 197 1677 367 1708; baseline 0.006 -8"><span class='ocrx_word' id='word_1_179' title='bbox 197 1677 223 1708; x_wconf 85' lang='lat' dir='ltr'>a)</span> <span class='ocrx_word' id='word_1_180' title='bbox 247 1677 327 1701; x_wconf 81' lang='lat' dir='ltr'>malet</span> <span class='ocrx_word' id='word_1_181' title='bbox 346 1686 367 1701; x_wconf 87' lang='lat' dir='ltr'>c.</span> 
     </span>
    </p>
   </div>
   <div class='ocr_carea' id='block_1_9' title="bbox 1753 1255 1820 1275">
    <p class='ocr_par' dir='ltr' id='par_1_9' title="bbox 1753 1255 1820 1275">
     <span class='ocr_line' id='line_1_34' title="bbox 1753 1255 1820 1275; baseline 0.015 -1"><span class='ocrx_word' id='word_1_182' title='bbox 1753 1255 1768 1275; x_wconf 76' lang='lat' dir='ltr'>f.</span> <span class='ocrx_word' id='word_1_183' title='bbox 1780 1256 1820 1275; x_wconf 73' lang='lat'>17ยน.</span> 
     </span>
    </p>
   </div>
  </div>
 </body>
</html>
