2132 3067
905 126 1090 155 RANGERH
1113 124 1285 152 EPISCOPI
1307 121 1492 150 LUCENSIS

796 218 861 249 Nec
887 218 987 248 maior
1011 216 1143 246 minimo
1167 212 1310 256 quolibet
1332 221 1350 242 a
1373 210 1465 242 laico.

712 273 753 302 At
778 280 852 301 vero
877 269 1024 307 levita,
1049 266 1138 298 cibos
1162 265 1216 306 qui
1241 264 1332 306 ponit
1354 262 1387 292 in
1410 271 1476 301 ara,

637 331 688 354 :¹:10
797 325 886 360 Quos
910 319 971 350 sibi
996 318 1046 350 vel
1069 316 1188 360 populo
1212 314 1372 358 presbiter
1394 312 1556 350 exhibeat,

712 372 797 413 Quid
821 377 913 413 gerat
937 370 1046 408 officii,
1069 367 1146 411 quid
1171 367 1313 398 muneris
1336 363 1504 395 enucleare

797 423 859 454 Res
882 427 930 453 est
952 421 1017 452 alta
1040 419 1180 462 quidem,
1205 429 1268 448 non
1291 422 1399 448 tamen
1422 415 1546 457 absque
1570 414 1642 446 fide.

715 476 748 507 Si
774 476 845 517 quis
869 471 1060 515 apostolicos
1085 476 1175 501 aetus
1201 469 1286 510 legat
1309 473 1340 499 et
1365 466 1551 506 meditetur,

797 525 953 564 Arbitror,
978 523 1128 561 inveniet,
1153 520 1238 563 quod
1263 519 1324 551 sibi
1347 518 1496 550 sufficiet.

638 587 689 610 *235
715 579 891 618 Assulupto
915 575 1045 605 domino
1071 584 1127 615 pro
1150 572 1254 603 carnis
1279 570 1474 609 conditione,

800 628 841 658 Et
864 628 926 657 iam
952 626 1124 656 commissa
1148 623 1283 664 Spiritui
1307 621 1455 661 ecclesia,

715 680 848 722 Spiritui
874 683 994 717 sancte,
1020 686 1113 719 quem
1139 674 1240 706 Filius
1263 685 1283 705 a
1306 673 1401 704 Patre
1426 672 1545 711 misna,

799 731 841 761 Et
865 729 918 771 qui
943 727 1120 771 procedens
1144 732 1192 757 est
1215 724 1255 756 ab
1280 730 1415 766 utroque
1439 723 1534 754 simul

717 783 850 823 Iamque
874 781 965 811 novis
988 779 1106 820 linguis
1130 784 1160 810 et
1184 777 1282 808 misso
1307 775 1446 818 desuper
1468 777 1544 816 igne

642 844 694 866 :3⁷10
803 831 1080 874 Multiplieabatur
1104 831 1135 860 in
1160 829 1312 867 Domino,
1336 832 1432 869 atque
1455 837 1540 858 novo

718 885 973 917 Instituebantur
994 883 1055 914 ritu
1080 881 1230 913 comunia
1252 884 1380 918 cuncta,

802 937 888 968 Inter
911 947 944 966 se
969 940 1000 966 et
1023 934 1189 976 proprium
1214 941 1344 974 prorsus
1368 930 1486 962 habere
1511 929 1618 962 nichil.

720 989 802 1020 Hinc
827 993 874 1018 est
897 999 916 1018 a
939 986 1054 1018 Grecis
1077 986 1108 1015 in
1134 984 1280 1016 Hebreos
1303 987 1391 1014 mota
1414 981 1565 1024 quaerela

804 1040 845 1070 Iit
869 1039 922 1080 pia
945 1038 984 1069 de
1008 1037 1114 1068 viduis
1138 1036 1175 1066 lis
1199 1035 1323 1076 agitata
1345 1035 1420 1067 suis,

643 1100 695 1122 245
722 1092 770 1122 De
794 1091 901 1121 viduis
926 1090 985 1120 hoc
1008 1099 1153 1119 murmur
1175 1091 1254 1126 erat,
1277 1086 1364 1128 quod
1388 1085 1639 1128 despicerentur,

804 1143 905 1184 Inque
929 1141 1107 1172 ministerio
1131 1150 1205 1178 uon,
1229 1143 1326 1180 prout
1349 1144 1434 1169 esset
1457 1148 1548 1179 opus,

721 1194 846 1236 Cuique
870 1193 998 1224 daretur
1021 1193 1078 1233 eis,
1102 1191 1186 1222 sieut
1209 1191 1338 1232 pietatis
1362 1188 1496 1220 haberet

807 1245 847 1276 Et
870 1245 1003 1276 rationis
1027 1245 1058 1274 in
1083 1243 1144 1274 hoe
1168 1241 1280 1283 regula
1302 1241 1476 1283 principio.

723 1298 765 1328 At
788 1297 912 1335 Petrus,
937 1301 972 1326 ut
995 1305 1123 1336 semper
1146 1293 1218 1325 aliis
1241 1293 1418 1331 ardentior,
1441 1291 1569 1334 inquid:

645 1357 697 1379 250
806 1348 888 1379 ‘Non
912 1353 961 1378 est
984 1347 1081 1378 officii
1106 1356 1221 1376 munus
1244 1343 1413 1387 apostolici

723 1399 814 1431 Talia
838 1409 960 1438 curare,
983 1398 1108 1436 fratres,
1133 1397 1315 1439 mentisque
1337 1406 1469 1434 vacare3

810 1450 900 1482 Unde
924 1449 1031 1492 placet
1054 1453 1160 1480 vestro
1185 1459 1319 1491 querere
1343 1447 1383 1480 de
1406 1457 1540 1478 numero

726 1502 914 1542 prudentes,
939 1503 993 1544 qui
1018 1500 1210 1543 provideant
1232 1505 1263 1532 et
1286 1511 1357 1531 cum
1383 1499 1502 1541 pietate

810 1555 940 1592 Cui-ent,
964 1565 1003 1585 ue
1028 1554 1095 1592 fiat,
1118 1553 1206 1595 quod
1228 1552 1334 1583 minus
1358 1550 1534 1593 expediat'.

648 1615 699 1637 255
724 1607 778 1637 >lie
801 1613 848 1637 est
871 1605 990 1637 electus
1015 1604 1209 1647 Stephanus,
1234 1604 1282 1635 vir
1305 1601 1485 1644 religiosus,

811 1658 852 1688 Et
875 1663 949 1688 sunt
971 1656 1113 1688 adiuncti
1138 1667 1195 1688 sex
1218 1655 1278 1687 sub
1302 1665 1340 1686 eo
1363 1655 1459 1685 socii:

726 1709 815 1749 Quos
840 1714 871 1740 et
893 1708 1005 1740 levitas
1028 1707 1180 1740 dixerunt
1202 1718 1244 1739 ex
1268 1707 1391 1738 ratione

811 1760 941 1792 Scilicet
965 1761 1108 1802 antiqua,
1131 1770 1227 1802 quam
1252 1757 1383 1800 Moyses
1407 1757 1524 1790 docuit.

729 1812 804 1843 lude
828 1811 1010 1843 sacerdotes
1034 1811 1139 1853 primi,
1163 1810 1311 1842 leviticus
1335 1809 1414 1841 ordo

651 1872 703 1894 zum
813 1864 1026 1905 ¹<ubsequitur
1049 1862 1136 1894 nullo
1160 1863 1222 1893 iam
1246 1861 1409 1893 mediante
1431 1859 1544 1902 gradu.

728 1915 790 1946 Sed
815 1916 965 1957 quoniam
992 1915 1092 1946 veteri
1115 1913 1155 1945 de
1179 1913 1352 1945 traditione
1376 1913 1510 1944 suborta
1533 1917 1581 1943 est

811 1967 941 2005 Mentio,
966 1968 992 1997 si
1017 1966 1164 1997 volumus
1187 1964 1315 2007 singula
1338 1964 1510 2004 discutere,

734 2018 771 2049 1⁴:t
795 2018 964 2050 levitarum
988 2019 1067 2049 ritus
1091 2023 1123 2049 et
1145 2016 1282 2059 agenda,
1306 2015 1483 2048 seeundum

815 2069 910 2109 Quod
935 2069 1063 2111 Moyses
1086 2069 1207 2107 docuit,
1230 2067 1366 2110 pleniter
1388 2067 1582 2109 exprimere,

655 2129 706 2151 Ωιι-ἰ
734 2121 870 2153 Deficiet
893 2126 1035 2163 tempus3
1059 2126 1090 2152 at
1114 2132 1218 2153 rerum
1245 2121 1340 2163 eopia
1363 2124 1452 2150 tanta
1475 2123 1534 2158 est,

815 2172 906 2211 Quae
931 2183 993 2203 non
1017 2172 1145 2204 deficiet
1168 2172 1338 2204 deficiente
1361 2171 1423 2202 die.

735 2224 838 2265 Atque
863 2224 934 2255 ideo
959 2235 1029 2255 cuin
1054 2224 1195 2255 sufficiat
1219 2222 1397 2266 primordia
1419 2222 1499 2254 tanti

818 2275 887 2305 Non
912 2276 980 2307 siue
1006 2275 1099 2306 laude
1124 2286 1182 2306 sua
1206 2275 1397 2318 praeterisse
1419 2273 1550 2315 gradus,

736 2326 783 2356 Ad
810 2326 1007 2367 Stephanum
1033 2327 1140 2366 redeo,
1165 2337 1259 2368 quem
1284 2337 1414 2357 mensae
1437 2324 1692 2368 praeposituram

659 2384 709 2406 ¹:7¹³
818 2379 1006 2419 Suscepisse
1029 2389 1127 2420 supra
1150 2378 1347 2409 commonuit
1370 2377 1461 2411 ratio.

736 2428 796 2459 Sed
823 2430 893 2470 quis
918 2429 1034 2461 Iudeos
1058 2430 1103 2461 sie
1127 2430 1233 2471 arguit
1257 2435 1312 2460 aut
1335 2429 1525 2470 sinagogam

819 2481 872 2509 Sic
896 2486 942 2511 est
966 2481 1161 2522 agressusb‘?
1206 2481 1307 2512 Porro
1332 2481 1404 2522 quis
1427 2481 1459 2510 in
1483 2478 1603 2521 populo

738 2530 827 2561 'l'nlia
853 2532 943 2571 signa
967 2531 1079 2563 dedit?
1125 2531 1188 2563 Sed
1213 2543 1286 2564 cum
1310 2533 1372 2563 iam
1399 2530 1575 2574 praedicat,
1598 2536 1696 2571 atque

823 2583 922 2621 Signa
946 2582 1031 2621 facit,
1054 2589 1219 2622 monstrat,
1243 2583 1320 2626 quid
1344 2583 1464 2624 gradus
1487 2583 1548 2613 iste
1571 2582 1662 2613 ferat.

664 2638 714 2660 ⁴77·
740 2633 819 2662 Anu·
844 2632 1014 2663 dini-ouum
1041 2634 1223 2675 Stephanus
1247 2635 1406 2676 probitate
1428 2634 1559 2676 vigebat

827 2683 864 2713 lit
889 2685 989 2715 suerat
1014 2685 1158 2725 patribus
1181 2687 1308 2728 cognita
1332 2686 1396 2717 vita
1419 2686 1491 2718 viri.

515 2799 540 2813 a»
562 2791 644 2813 missi!
666 2804 685 2813 ν.
763 2791 787 2811 h*
812 2799 918 2816 ram-pm<
940 2800 960 2814 ς,
