2132 3067
490 164 542 190 DE
564 163 735 190 UNITATE
757 163 967 191 ECCLESIAE
990 164 1285 191 CONSERVANDA.
1650 162 1710 192 223

64 261 186 297 partem
219 254 267 284 sui
300 253 452 294 Gregorii
483 252 654 284 defendere
685 259 716 283 et
746 252 883 283 intendit
912 264 981 284 eam
1014 261 1199 284 sanctorum
1229 259 1354 296 patrum
1385 255 1515 295 scriptis
1543 253 1713 284 hincinde

64 305 282 337 fraudulenter
310 305 450 336 collectis
481 305 654 343 affirmare,
688 310 721 335 ut
749 303 876 345 gladius
907 304 1036 346 linguae
1067 306 1216 336 acerbius
1246 305 1368 346 affligat
1398 306 1583 346 eeclesiam,
1619 317 1711 348 quani

63 358 189 399 gladius
214 357 384 388 occisionis
409 357 563 387 hactenus
587 356 737 387 afflixerit
758 366 842 394 eam,
867 359 1017 397 quoniam
1042 357 1132 387 iuxta
1156 358 1367 388 seutentiam¹
1393 368 1522 400 quoque
1539 358 1711 398 Augustini

64 410 196 452 gravius
212 408 255 439 illi
273 419 328 439 cor
342 408 468 444 feriunt,
489 409 543 450 qui
560 407 666 449 gladio
683 407 813 448 linguae
831 408 956 445 feriunt,
980 414 1006 438 et
1024 409 1182 448 acerbius,
1203 409 1316 449 inquit,
1341 411 1536 450 sanquinem
1549 410 1715 450 fundunt.

37 462 120 505 §.qui
145 461 319 499 Christum,
351 465 510 501 quantum
538 461 571 490 in
596 461 680 501 ipsis
704 464 759 498 est,
785 460 816 490 in
843 459 971 490 homine
995 460 1157 491 occidunt.
1204 461 1324 491 Scribit
1349 462 1433 491 enim
1462 469 1533 502 post
1558 460 1657 491 multa
1685 470 1713 491 et

64 514 146 544 inter
168 511 277 550 multa,
303 511 418 553 quibus
443 511 656 542 calumniatur
677 511 727 542 vel
749 510 931 542 Henrichus
956 512 1131 552 imperator
1153 510 1200 541 vel
1219 511 1369 542 Clemens
1393 523 1492 553 papa:
1527 513 1637 544 Verum
1659 515 1715 554 (seii

65 566 230 604 hactenus,
254 564 367 605 inquit,
391 563 526 600 tacebat,
550 563 626 594 huic
650 574 870 604 'responsurus
894 563 1080 594 calumniae
1100 574 1194 604 papa
1222 563 1410 594 Damasusl
1428 565 1608 605 procedat:
1636 564 1715 600 ‘Qui

62 621 165 658 potest
187 616 317 646 obviare
341 620 369 646 et
388 615 586 656 perturbare
605 626 777 656 perversos
801 620 828 646 et
854 626 917 645 non
934 615 1036 655 facit,
1063 614 1146 645 nibil
1169 620 1215 646 est
1239 615 1335 645 aliud
1360 627 1456 656 quam
1477 617 1591 653 farere
1607 628 1712 647 eorum

65 668 240 710 impietati;
271 678 326 698 nec
357 667 442 698 enim
471 671 558 697 caret
588 666 744 707 scrupulo
775 668 938 697 societatis
967 666 1120 704 occultae,
1149 667 1206 707 qui
1228 667 1401 707 manifesto
1416 668 1572 707 facinori
1595 668 1717 698 desinit

21 731 46 750 ιο
66 719 213 751 obviare'.
271 718 331 749 Leo
357 723 496 759 papa3:
531 718 726 760 ‘Neylz'qere,
756 729 827 748 cum
858 719 967 758 possis
998 717 1181 756 deturbare,
1214 730 1394 758 percersos,
1426 718 1510 749 nihil
1544 719 1638 750 aliud
1673 725 1715 749 est

67 782 164 813 quam
179 770 246 801 illis
259 769 398 810 favere,·
422 775 564 800 error-³⁴
580 771 675 809 enim,
699 772 753 800 cui
770 781 834 800 non
853 771 1028 807 resistitur,
1053 770 1271 810 approbatur,
1297 775 1324 800 et
1341 771 1470 809 rei-Mas,
1489 782 1569 812 quae
1586 773 1716 801 minime

67 822 267 864 defensatur,
291 822 510 862 opprimitur'.
557 821 761 861 Greyorius⁵
787 822 819 852 in
849 822 918 852 suis
941 821 1148 852 Moralibus:
1179 821 1387 862 ‘Plerumque
1416 823 1515 863 quieti
1545 828 1639 864 alque
1671 824 1717 852 in-

67 875 216 906 concussi
238 874 469 914 relinquimur,
493 874 524 903 si
541 873 671 904 obviare
690 874 810 914 pravis
830 884 893 914 pro
911 873 1039 904 iustitia
1064 883 1129 903 non
1147 885 1310 911 curamus,
1335 874 1392 904 secl
1411 885 1481 903 euin¹
1507 874 1551 903 asl
1568 879 1718 904 aeternae

66 928 151 957 vitae
167 925 367 957 desiderium
383 927 517 956 animus
533 926 704 965 emar-serit,
728 926 757 956 si
775 925 860 955 iarnb
877 925 985 955 lumen
1003 925 1203 955 intrinsecus
1220 925 1366 965 respicit,
1390 926 1419 955 si
1441 926 1474 955 in.
1499 936 1530 954 se
1545 925 1715 966 flammam

22 989 48 1010 15
67 979 159 1020 ignis
175 978 284 1008 sancti
297 976 445 1017 fervoris
462 977 619 1016 accendit,
638 978 674 1008 in
695 982 854 1018 quantum
872 977 963 1007 locus
980 977 1132 1016 admittit,
1149 978 1183 1007 in
1201 981 1360 1017 quantum
1378 988 1480 1006 causa
1498 978 1610 1017 emissit,
1632 977 1717 1007 ‹lebe-

67 1040 138 1060 mus
158 1040 222 1069 pro
242 1029 432 1069 defensione
449 1029 596 1060 iustitiae
613 1034 735 1060 nosmet
759 1030 846 1070 ipsos
871 1028 993 1059 obicere
1016 1033 1044 1058 et
1062 1030 1228 1068 peruersis
1249 1028 1294 1057 ad
1319 1029 1443 1058 iniusta
1468 1029 1718 1068 erumpentibus,

67 1082 164 1113 etiam
191 1092 263 1111 cum
287 1081 325 1111 ab
349 1081 395 1111 eis
418 1091 484 1111 non
507 1081 710 1121 quaerimur,
734 1080 875 1111 obviare.
912 1080 1001 1110 Nam
1020 1091 1091 1110 cam
1111 1081 1281 1117 iustitiam,
1304 1092 1401 1122 qaam
1429 1092 1483 1110 nos
1502 1091 1658 1119 armemus,
1684 1081 1715 1110 in

68 1133 145 1164 aliis
158 1132 304 1174 feriunt,
328 1143 385 1163 nos
401 1133 506 1163 nihilo
521 1133 631 1163 minus
653 1143 716 1163 sua
738 1133 948 1173 percussione
973 1131 1177 1172 confodiunt,
1200 1133 1330 1162 etiamsi
1353 1133 1503 1162 venerari
1525 1132 1718 1162 videantar’.

174 1184 222 1215 12.
269 1183 358 1214 Haec
380 1189 564 1215 sanctorum
590 1189 715 1225 patrum
741 1184 944 1223 documenta,
974 1194 1055 1225 quae
1080 1183 1236 1214 convertit
1260 1183 1312 1214 ille
1338 1194 1509 1224 perversus
1537 1183 1577 1214 ad
1607 1183 1715 1213 confir-

20 1248 47 1267 ιο
67 1235 186 1266 manda
210 1234 365 1266 bellorum
389 1235 504 1274 studia,
532 1246 590 1267 nos
614 1240 778 1267 teneamus
804 1246 860 1276 pro
884 1235 1070 1266 defensione
1094 1235 1183 1277 pacis
1208 1240 1239 1266 et
1262 1246 1357 1266 verae
1386 1235 1536 1274 iustitiae,
1567 1236 1716 1276 quoniam
1739 1245 1766 1263 νς
1786 1245 1864 1269 ³4,st

66 1288 196 1318 iustitia
219 1291 248 1318 et
269 1298 342 1328 paae
365 1287 532 1319 osculatae
555 1293 632 1318 sant
655 1299 696 1326 se,
720 1298 825 1329 neque
842 1287 904 1317 alia
920 1287 1097 1318 sentiamus
1114 1286 1153 1317 de
1170 1287 1364 1328 supradictis
1383 1287 1583 1328 caeterisque
1599 1287 1717 1317 sanetis

68 1339 224 1381 patribus,
247 1340 315 1370 nisi
339 1351 552 1381 quaecunque
568 1344 644 1370 sunt
660 1350 748 1377 vera,
772 1351 986 1380 quaeeunque
1007 1340 1106 1377 iusta,
1130 1350 1342 1381 quaecunque
1359 1344 1484 1379 saneta,
1509 1350 1719 1380 quaecunque
1740 1348 1878 1372 rmr4‚e.9

69 1391 237 1431 amabilia,
260 1402 344 1433 quae
367 1396 395 1422 et
417 1391 583 1423 didicistis
607 1396 635 1422 et
659 1391 811 1422 audistis.
850 1390 914 1421 Sed
931 1391 1047 1431 videte,
1072 1392 1216 1430 obsecro,
1241 1397 1271 1421 et
1287 1390 1441 1422 attendite
1459 1401 1498 1421 ea
1515 1400 1578 1431 qua
1595 1395 1720 1431 oportet

68 1443 244 1485 diligentia,
275 1453 375 1485 quare
404 1442 548 1473 intulerit
577 1441 630 1473 ille
661 1443 882 1484 suprascripta
910 1449 1093 1474 sanctorum
1118 1448 1246 1484 patrum
1271 1442 1463 1482 testimonia,
1491 1441 1613 1472 seilicet
1643 1452 1718 1483 quo-

23 1507 50 1526 25
67 1496 154 1527 niam
178 1494 329 1526 Clemens
353 1505 438 1536 papa
461 1505 559 1536 super
582 1493 631 1524 his
656 1493 758 1533 malis,
789 1505 871 1536 quae
894 1495 974 1525 fiunt
998 1495 1030 1525 in
1054 1494 1204 1530 ecclesia,
1235 1493 1323 1525 dolet
1345 1499 1376 1524 et
1399 1494 1552 1531 tristatur,
1583 1503 1665 1534 quae
1689 1498 1720 1523 et

69 1558 127 1579 nos
150 1547 301 1589 patimur,
331 1546 494 1588 quoniam,
523 1547 552 1577 si
572 1547 702 1587 patitur
725 1558 826 1577 unum
852 1547 1033 1585 membrum,
1057 1547 1305 1587 compatiuntur
1328 1547 1440 1577 omnia
1465 1545 1615 1583 membra,
1640 1549 1667 1574 et
1691 1546 1720 1575 si
1742 1552 1889 1577 monime.

69 1599 236 1641 yloriatur
257 1610 360 1630 unum
383 1598 566 1636 membrum,
591 1598 799 1639 coylyaudent
823 1601 933 1629 omnia
955 1599 1106 1629 membra.
1152 1596 1253 1638 'Ergo
1278 1608 1350 1628 cum
1375 1597 1417 1628 sit
1440 1597 1524 1627 faeta
1547 1597 1662 1627 divisio
1686 1597 1716 1626 in
1740 1604 1815 1629 meo.

68 1650 213 1691 eeclesia,
236 1649 298 1681 illis
315 1649 509 1681 exeuntibus
525 1660 544 1680 a
560 1650 663 1688 nobis,
687 1661 750 1681 non
765 1649 860 1681 nobis
883 1650 924 1681 ab
941 1650 1002 1680 illis
1014 1655 1035 1689 θ,
1060 1650 1268 1680 inscribimur
1283 1654 1391 1679 tamen
1408 1655 1439 1680 et
1460 1648 1721 1690 blasphemamur

68 1703 241 1734 scismatici
263 1712 344 1741 esse,
368 1702 423 1743 qui
446 1712 557 1732 sumus
580 1701 613 1731 in
636 1707 713 1742 toto,
738 1712 801 1732 non
823 1702 855 1732 in
878 1701 1059 1744 aliquorum
1083 1707 1185 1743 parte,
1209 1706 1241 1732 et
1256 1701 1484 1743 praedicantur
1507 1700 1552 1731 illi
1571 1711 1609 1731 ac
1626 1701 1718 1731 bene-

22 1765 49 1785 ³⁰
69 1755 238 1785 fieiantur⁰
261 1752 409 1785 catholici
433 1764 513 1792 esse,
538 1764 674 1795 quorum
691 1764 774 1784 unus
790 1753 946 1784 audacior
968 1754 1106 1784 caeteris
1129 1752 1227 1784 audet
1249 1753 1345 1783 etiam
1370 1753 1500 1794 seriptis
1523 1758 1646 1793 partem
1671 1751 1719 1781 sui

70 1807 221 1848 Gregorii
249 1805 420 1836 defendere
447 1810 479 1836 et
509 1805 555 1836 sic
577 1805 660 1836 inter
689 1811 817 1836 caetera
845 1805 1020 1847 respondet
1042 1805 1081 1837 ad
1107 1805 1193 1836 dicta
1217 1804 1394 1836 Clementis
1423 1815 1543 1845 papae:
1572 1803 1718 1834 Asserit⁷

69 1860 175 1898 etiam,
203 1858 317 1900 inquit,
344 1857 539 1898 praedictus
567 1857 789 1888 calumniator
815 1868 855 1887 eoe
884 1857 1054 1889 occasione
1074 1857 1342 1899 praedicationis
1369 1856 1614 1894 catholicorum,
1643 1857 1718 1885 ‘non

68 1912 153 1942 enim
172 1921 344 1952 possumus
367 1908 498 1950 aliquid
521 1909 679 1939 adversus
711 1910 886 1949 veritatem,
914 1910 970 1940 secl
990 1921 1056 1951 pro
1088 1909 1229 1940 veritate'
1259 1920 1330 1938 cum
1363 1907 1508 1948 apostolo
1532 1907 1718 1945 dicentium,
1740 1918 1887 1941 meoniae.

69 1967 134 1994 tam
163 1963 200 1993 in
230 1962 346 1993 Italico
377 1972 475 2003 quam
507 1960 704 1992 leeutonico
734 1973 834 2003 reyno
859 1962 938 2001 fieri
971 1962 1127 2002 rapinas,
1161 1961 1328 1999 incendia,
1359 1959 1591 1990 destructiones
1623 1957 1717 1988 eccle-

23 2024 50 2044 35
70 2015 207 2053 siarum,
233 2014 371 2055 qemitus
395 2018 423 2043 et
446 2013 598 2054 suspiria
623 2013 849 2053 orphanorum
873 2018 899 2043 et
923 2013 1111 2044 viduarum.
1157 2012 1245 2043 Huic
1274 2011 1433 2053 quiddam
1463 2009 1567 2040 simile
1591 2008 1716 2040 concla-

69 2066 201 2097 mabant
222 2070 251 2096 et
269 2065 390 2096 Iudaei
411 2065 447 2096 in
469 2064 682 2105 redemptoris
706 2067 808 2095 nostri
829 2066 1005 2095 occisione:
1030 2064 1215 2095 ‘Commovit
1232 2063 1406 2105 populum,
1429 2062 1546 2093 docens
1567 2071 1629 2102 per
1646 2061 1716 2092 uni-
1736 2072 1867 2097 Lue.23‚5.

71 2128 196 2149 versam
218 2117 379 2148 Iudaeam
401 2121 429 2147 et
452 2117 616 2156 incipiens
639 2128 659 2146 a
683 2115 839 2147 Galilaea
862 2127 964 2157 usque
987 2117 1068 2147 lzuc’.

175 2169 225 2200 13.
268 2168 379 2199 Nostis
406 2178 483 2198 vero
514 2168 568 2209 qui
600 2166 802 2208 euangelium
834 2167 966 2209 legistis,
998 2178 1082 2209 quae
1111 2167 1261 2197 dominus
1285 2165 1377 2197 Iesus
1408 2165 1482 2197 fecit
1509 2171 1541 2196 et
1564 2165 1719 2205 docuerit,

71 2220 231 2263 quomodo
255 2221 409 2251 sanitates
433 2229 602 2261 corporum
633 2225 664 2249 et
687 2221 870 2250 curationes
899 2220 1078 2250 animarum
1111 2224 1262 2260 operatus
1286 2219 1339 2257 sit3
1370 2217 1507 2258 ideoque
1536 2217 1660 2248 scribae
1689 2224 1720 2248 et

25 2283 52 2302 ιο
71 2271 237 2313 pharisaei,
262 2272 301 2304 de
324 2271 405 2302 falsa
427 2271 549 2302 iustitia
567 2276 816 2312 praesumentes,
843 2271 1006 2302 beneficiis
1031 2272 1098 2301 eius
1123 2277 1153 2302 et
1170 2270 1344 2301 virtutibus
1360 2268 1560 2308 invidebant,
1584 2276 1615 2300 et
1638 2280 1720 2311 quae

71 2334 187 2364 negare
211 2324 422 2366 nequiverant
445 2323 575 2354 sinistra
598 2323 861 2364 interpretatione
886 2329 1069 2364 pervertere
1094 2321 1292 2360 laborabant,
1321 2326 1353 2353 et
1376 2328 1508 2362 propter
1530 2320 1630 2352 multa
1651 2321 1719 2351 eius

74 2374 158 2406 bona
180 2386 278 2417 opera
300 2386 403 2417 usque
426 2375 466 2405 ad
491 2380 625 2405 mortem
650 2375 811 2417 persecuti
835 2380 908 2406 sunt
932 2386 1015 2414 eum,
1045 2374 1262 2405 acclamantes
1286 2384 1358 2404 eum
1383 2374 1596 2404 commovisse
1620 2383 1719 2414 popu-

74 2425 148 2465 lum,
176 2427 330 2468 quoniam
360 2426 497 2468 populus
523 2427 553 2457 in
578 2425 636 2465 his,
660 2438 741 2468 quae
764 2427 903 2467 gloriose
926 2426 1057 2465 fiebant,
1085 2426 1306 2457 admirabatur
1329 2431 1359 2456 et
1382 2423 1581 2465 glorificabat
1604 2424 1721 2456 Deum.

183 2533 210 2564 a)
232 2540 294 2565 ergo
319 2534 341 2557 1.
416 2533 444 2564 b)
464 2540 554 2557 verum
576 2532 640 2557 add.
661 2532 739 2565 Greq.
817 2533 840 2563 c)
865 2533 1047 2557 beneficantur
1071 2533 1092 2555 1.

28 2631 56 2651 45
185 2626 211 2659 1)
235 2626 267 2652 In
290 2626 424 2652 Iohannis
447 2635 545 2660 evanq.
569 2628 606 2661 (c.
628 2628 656 2660 l)
680 2630 761 2653 tract.
786 2627 814 2659 V,
838 2630 852 2657 ἓ
879 2626 924 2658 12,
952 2626 1021 2660 Opp.
1041 2625 1099 2658 Ill,
1118 2626 1144 2658 2,
1169 2625 1221 2651 col.
1239 2625 1309 2651 325.
1397 2624 1426 2658 2)
1451 2625 1574 2649 Decreta
1599 2623 1722 2648 Damasi

74 2685 169 2711 papae
191 2687 214 2703 c.
232 2677 280 2710 23,
306 2677 458 2704 Hinscleius
476 2687 507 2711 p.
526 2678 596 2704 508.
703 2678 732 2711 3)
755 2679 810 2711 Ep.
835 2677 939 2704 Felicis
962 2677 1005 2714 ll,
1028 2687 1052 2705 c.
1070 2677 1097 2709 8,
1122 2677 1164 2703 ecl.
1191 2676 1269 2702 Tln'el
1294 2676 1317 2708 I,
1338 2685 1370 2710 p.
1390 2675 1458 2708 237,
1481 2675 1560 2707 Jaffr!
1583 2683 1624 2700 nr.
1643 2674 1720 2707 592,-

78 2726 238 2760 cf.'Libell.
262 2729 286 2762 1,
306 2738 336 2763 p.
355 2729 425 2754 544.
513 2729 543 2763 4)
566 2729 658 2763 [Ibitl.
683 2738 706 2758 c.
725 2730 754 2760 5,
778 2729 796 2756 l.
815 2730 834 2755 l.
854 2738 886 2763 p.
905 2729 984 2762 ‘236;
1013 2728 1052 2761 cf.
1076 2728 1199 2754 Ndralek
1217 2738 1248 2762 p.
1270 2727 1336 2758 170,
1360 2736 1387 2753 n.
1406 2727 1451 2760 41.
1540 2726 1569 2760 5)
1592 2725 1719 2750 Jloralia

77 2778 96 2807 l.
114 2779 229 2812 XXXI,
253 2789 276 2807 c.
294 2780 341 2812 28,
366 2783 380 2811 ξ
403 2781 451 2812 56,
480 2780 551 2815 Opp.
568 2781 591 2813 1,
617 2781 668 2807 col.
688 2781 777 2807 1023.
877 2781 906 2814 6)
932 2780 975 2812 cy.
1002 2780 1140 2814 Cypriani
1162 2782 1176 2810 ξ
1204 2779 1249 2811 12,
1269 2789 1301 2813 p.
1320 2780 1397 2804 ²220.-
1420 2778 1484 2805 Non
1509 2776 1584 2803 enim
1607 2784 1659 2802 nos
1684 2775 1719 2801 ab

79 2828 144 2863 illis,
168 2830 219 2857 sed
241 2830 282 2856 illi
307 2840 323 2857 a
346 2831 431 2858 nobis
454 2835 646 2858 recesserunt.
737 2832 765 2867 7)
787 2831 955 2866 [Decretum
982 2831 1127 2858 Clementis
1150 2831 1168 2857 ἶ.
1186 2831 1209 2861 Ι,
1232 2840 1261 2865 p.
1281 2831 1368 2864 625]
