2132 3067
833 153 1039 180 APPENDIX.
1699 153 1758 183 165

108 242 290 283 permixtos
320 241 413 272 bonis
445 252 544 282 nsque
576 242 609 271 ιή
632 240 733 280 finem
764 240 864 272 seculi
892 247 1078 284 tempusque
1109 243 1228 274 iudicii
1247 244 1402 283 futuros,
1432 249 1459 275 et
1491 243 1574 276 nihil
1602 245 1695 275 bonis
1725 246 1756 274 in

113 294 238 324 unitate
260 298 288 323 et
307 293 577 334 participacione
597 297 888 332 sacramentorum,
912 295 968 334 qui
984 293 1214 334 eoi-uinfuct‹'s
1238 306 1301 325 non
1326 297 1555 336 consenserint,
1579 295 1758 336 obfuturos.

112 344 197 376 Ecce
223 355 359 386 quorum
383 343 540 374 malorum
565 344 826 374 communionem
851 343 964 374 beatus
981 345 1182 385 Augustinus
1204 345 1295 376 nobis
1313 358 1375 377 non
1393 357 1506 378 nocere
1524 347 1648 386 asserit,
1671 346 1758 378 vide·

110 395 185 427 licet
207 406 328 434 eorum,
360 396 415 437 qui
444 396 476 425 in
507 394 644 426 ecclesia
668 401 743 426 sunt
771 395 879 436 positi,
909 396 1050 426 nondum
1075 396 1114 426 ab
1139 402 1198 427 eaa
1223 397 1441 429 ecclesiastico
1466 397 1584 430 iudicio
1608 399 1759 440 separati.

81 459 93 478 5
112 446 236 487 Quodsi
259 446 343 478 idem
367 447 458 488 ipseb
482 446 595 477 doctor
617 457 680 477 non
705 451 769 476 tam
793 447 959 487 signanter
981 457 1214 490 usquequaque
1236 450 1439 490 exprimeret,
1463 461 1520 481 nos
1548 457 1653 481 tamen
1680 450 1758 482 illud

111 509 315 540 nequaquam
339 497 379 528 de
403 498 693 528 excommunicatis
709 496 890 538 intelligere
907 497 1107 538 deberemus,
1131 511 1169 530 ne
1194 499 1282 530 illum
1307 501 1386 542 ipsis
1410 501 1563 542 apostolis
1588 508 1618 532 et
1641 503 1760 532 sanctis

113 549 258 593 patribus
281 549 410 591 sibique
432 549 495 591 ipsi
519 549 679 580 contraria
701 548 824 579 dixisse
849 555 1077 581 astrueremus.
1130 551 1197 592 Ipsi
1226 552 1309 582 enim
1333 552 1469 593 apostoli
1493 563 1668 594 eorumque
1692 563 1759 584 suc-

111 612 254 633 cessores
277 601 536 632 communionem
561 600 915 632 excommunicatorum
940 601 972 631 in
996 607 1118 632 tantum
1144 613 1259 633 nocere
1284 603 1470 642 docuerunt,
1499 604 1585 646 quod
1609 611 1639 636 et
1662 615 1759 645 supra

112 653 304 691 notavimus,
327 659 362 684 ut
385 652 445 684 sub
469 652 810 684 excommunicacione
834 663 906 682 eum
931 652 1130 693 damnarent,
1161 654 1343 696 quicunque
1367 655 1412 685 eis
1436 654 1485 686 vel
1508 656 1651 687 exterius
1675 666 1759 686 com-

66 719 92 738 ιο
112 707 277 737 municare
300 712 509 747 presumeret.
555 704 623 735 Nec
646 705 730 734 hane
753 705 944 735 sententiam
970 705 1080 735 beatus
1101 706 1322 746 Augustinus¹
1349 707 1518 747 ignoravit,
1543 718 1638 748 quam
1663 707 1759 738 etiam

111 758 143 788 in
174 755 309 788 concilio
339 756 496 788 CCXVII
527 756 756 798 episcoporum
787 766 846 786 sua
877 755 1114 797 subscriptione
1152 758 1363 788 confirmavit.
1421 757 1493 788 Xon
1532 769 1607 799 ergo
1643 758 1759 800 aliquis

111 807 242 840 beatum
265 808 483 849 Augustinum
514 818 574 849 pro
605 807 808 838 defendenda
839 808 1064 839 communione
1094 809 1446 840 excommunicatorum
1480 810 1595 840 frustra
1619 810 1649 840 in
1675 811 1760 840 testi-

112 860 255 891 monium
285 865 439 899 assumat,
469 860 567 890 immo
599 860 628 890 ei
639 865 663 898 ³,
694 870 733 890 ne
758 860 804 890 eis
828 858 891 889 ullo
916 858 1010 889 modo
1034 861 1258 900 communicet,
1290 860 1430 899 obediat,
1463 872 1500 891 ne
1525 866 1555 892 et
1578 862 1646 902 ipse
1671 861 1760 891 iuxta

111 917 295 944 sanctorum
318 916 447 953 patrum
471 916 590 943 statuta
613 911 716 942 eidem
741 911 1075 942 excommunicacioni
1100 911 1278 943 subiaceat.

63 976 91 994 ιε
217 964 280 1003 Qui
297 969 405 994 autem
427 974 461 994 se
484 962 523 994 de
541 963 884 994 excommunicacione
901 962 1033 993 vitanda
1050 968 1222 994 excusatos
1240 970 1363 1004 putant,
1388 964 1478 1005 quasi
1495 963 1760 995 abrenunciantes

111 1014 218 1047 seculo
241 1014 466 1046 ecclesiasticis
490 1014 675 1056 pastoribus
692 1015 760 1045 sive
777 1025 888 1045 eorum
905 1013 1126 1045 sanctionibus
1146 1024 1210 1045 non
1227 1014 1423 1056 subiaceant,
1447 1014 1597 1046 videlicet
1614 1015 1760 1046 monachi

111 1067 180 1098 sive
204 1066 340 1109 quilibet
362 1066 515 1108 religiosi,
546 1077 610 1097 non
635 1067 741 1097 ociose
765 1065 980 1105 considerent,
1004 1065 1082 1108 quid
1107 1065 1145 1096 de
1169 1065 1229 1097 hoc
1254 1072 1399 1098 sanctum
1426 1066 1665 1098 Calcedonense
1689 1078 1761 1098 con-

111 1118 239 1150 cilium²
262 1118 428 1150 deliberet.
472 1118 584 1159 Ipsum
609 1118 694 1149 enim
716 1116 910 1159 generaliter
934 1128 1045 1148 omues
1069 1118 1245 1149 monachos
1276 1129 1333 1159 per
1363 1129 1623 1161 unamquamque
1653 1120 1761 1150 civita-

111 1177 174 1202 tem
204 1171 272 1201 sive
301 1171 465 1212 regionem
496 1170 658 1211 episcopis
688 1169 851 1200 subiectos
875 1169 942 1199 fore
967 1168 1110 1200 decrevit
1133 1171 1286 1211 ipsosque
1310 1169 1538 1201 ecclesiasticis
1566 1172 1691 1202 statutis
1716 1172 1760 1201 in-

65 1233 92 1252 20
111 1222 297 1254 obedientes
320 1221 613 1253 anathematizavit.
654 1220 726 1251 Hoc
749 1228 857 1251 autem
882 1231 981 1251 unum
1007 1227 1054 1252 est
1077 1233 1118 1252 ex
1141 1221 1203 1252 illis
1227 1221 1323 1252 ΙΙΙΙΟΓ
1346 1221 1501 1262 conciliis,
1526 1233 1608 1264 quae
1631 1228 1761 1253 sanctus

112 1274 312 1316 Gregorius*²
334 1274 449 1305 astruit
469 1273 655 1305 veneranda
677 1278 712 1304 ut
735 1279 846 1304 sancta
868 1273 986 1303 miore
1010 1273 1186 1314 euangelia,
1210 1273 1249 1304 de
1273 1272 1390 1315 quibus
1407 1273 1447 1304 ad
1463 1273 1662 1315 patriarchas
1686 1275 1761 1304 scri<

111 1326 191 1357 bens
219 1329 370 1357 testatur:
403 1324 593 1365 Cuiushbet,
623 1325 737 1367 inquit,
769 1327 856 1356 vitae
886 1330 982 1366 atque
1013 1325 1172 1356 actionisd
1196 1326 1323 1362 existat,
1353 1326 1503 1367 quisquis
1526 1336 1635 1356 eornm
1660 1326 1695 1356 id
1718 1331 1762 1356 est

112 1377 321 1409 conciliorum
344 1376 541 1408 soliditatem
565 1388 631 1408 non
655 1381 748 1417 tenet,
777 1377 906 1408 etiamsi
935 1377 1026 1417 lapis
1056 1387 1122 1407 esse
1153 1377 1312 1414 videatur,
1344 1381 1450 1407 tamen
1480 1381 1574 1408 eam-a
1596 1377 1761 1417 edificium

111 1430 204 1461 iacet.
254 1429 297 1460 Et
325 1433 400 1470 post
429 1439 552 1470 pauca:
584 1428 625 1459 Se
655 1433 683 1459 et
714 1439 780 1459 non
813 1427 871 1458 illa
903 1428 1051 1465 destruit,
1085 1429 1234 1469 quisquis
1262 1429 1420 1468 presumit
1450 1433 1507 1458 aut
1536 1428 1653 1459 solvere
1684 1439 1761 1469 quos

65 1491 92 1511 25
111 1481 229 1523 ligant,
253 1485 310 1512 aut
332 1481 450 1522 lipare,
482 1491 562 1521 quos
585 1480 721 1511 solvant.
778 1478 934 1521 Quisquis
963 1490 1039 1520 erqo
1063 1479 1159 1510 aliud
1187 1481 1287 1520 sapit,
1317 1480 1492 1510 anatliema
1516 1481 1567 1510 sit.
1621 1479 1760 1510 Videsne

113 1533 262 1574 quoniam
287 1531 374 1563 nulla
396 1531 510 1573 religio
534 1531 710 1573 quemlibet
732 1542 887 1562 excusare
911 1531 1024 1572 possit,
1055 1531 1132 1572 quin
1157 1530 1381 1562 ecclesiasticis
1406 1532 1532 1562 statutis
1556 1531 1686 1562 obedire
1709 1531 1761 1561 de-

113 1584 197 1626 beat,
220 1595 292 1615 cum
318 1583 454 1626 quilibet
478 1582 669 1614 inobediens
693 1588 785 1613 extra
808 1582 969 1613 edificium
994 1584 1100 1613 iacere
1125 1582 1308 1623 deputetur,
1339 1583 1464 1613 etiamsi
1495 1588 1559 1614 tam
1591 1582 1760 1624 religiosus

113 1637 164 1676 sit,
194 1641 230 1667 ut
258 1635 341 1677 lapis
371 1646 441 1667 esse
471 1634 646 1666 videatur?
696 1634 799 1665 Immo
830 1635 901 1676 ipsa.
931 1633 1096 1676 religionis
1127 1634 1333 1675 prerogativa
1363 1635 1474 1665 maiori
1506 1645 1578 1665 eum
1610 1634 1760 1666 addicete

113 1687 356 1728 dampnacioni,
391 1687 445 1729 qui
477 1697 541 1718 non
571 1691 658 1718 tanto
690 1685 901 1717 obediencior
931 1686 1152 1717 sanctissimae
1183 1685 1277 1716 matri
1311 1696 1387 1717 suae
1420 1685 1575 1717 ecclesiae
1609 1687 1760 1725 extiterit,

66 1750 94 1769 ao
113 1746 233 1781 quanto
255 1738 438 1779 religiosior
461 1738 574 1770 haberi
595 1738 746 1769 voluerit.
791 1738 922 1769 Debent
945 1740 1056 1780 utique
1080 1736 1222 1778 religiosi
1246 1736 1367 1778 aliquid
1385 1737 1610 1768 ecclesiasticis
1634 1738 1761 1768 statutis

113 1801 354 1832 supererogare,
377 1800 441 1821 non
464 1791 537 1832 ipsa
560 1795 680 1822 statuta
702 1790 874 1821 temerario
898 1801 978 1821 ausu
1003 1789 1177 1830 abrogare3
1201 1788 1344 1830 alioquin
1369 1794 1456 1819 tanto
1481 1789 1584 1820 maius
1608 1789 1759 1819 iudicium

113 1842 277 1881 subibunt,
308 1847 429 1884 quanto
459 1842 492 1873 in
522 1841 634 1873 alciori
665 1841 770 1883 gradu
800 1842 981 1873 sanctitatis
1012 1843 1107 1883 positi
1138 1847 1169 1872 et
1200 1842 1270 1883 ipsa
1301 1841 1483 1871 communia
1514 1847 1666 1882 precepta
1696 1851 1760 1870 non

112 1894 226 1926 timent
247 1894 457 1936 prevaricari.
507 1893 567 1924 Est
595 1900 703 1925 autem
734 1893 946 1935 apostolicum
971 1899 1002 1924 et
1025 1892 1207 1924 universale
1231 1893 1333 1923 tocius
1362 1899 1491 1922 sanctae
1515 1891 1667 1923 ecclesiae
1692 1902 1760 1932 pre-

113 1951 253 1988 ceptum,
275 1951 312 1976 ut
334 1946 606 1977 excommunicati
630 1945 823 1976 devitentur.
876 1945 963 1986 Ergo
995 1951 1025 1976 et
1056 1943 1189 1986 quilibet
1217 1943 1357 1985 religiosi
1387 1942 1447 1973 boc
1471 1943 1644 1974 observare
1667 1942 1760 1974 debe-

67 2007 94 2027 ³5
115 1998 202 2037 bunt,
225 1997 369 2039 alioquin
391 1998 505 2028 maiori
528 1996 758 2039 dampnacioni
782 2007 879 2038 quam
903 1997 999 2027 etiam
1023 1996 1095 2026 laici
1119 1996 1232 2026 merito
1256 1995 1479 2026 subiacebunt.

219 2048 285 2081 Sed
309 2054 341 2081 et
363 2049 548 2080 obedientia
571 2050 604 2079 in
627 2048 784 2090 prelatum
810 2059 866 2078 nos
890 2058 1045 2079 excusare
1062 2058 1125 2078 non
1144 2047 1270 2088 poterit,
1295 2047 1371 2088 quin
1388 2045 1574 2087 apostolicis
1591 2046 1643 2077 ets
1660 2045 1758 2077 eccle·

114 2102 252 2133 siasticis
273 2101 427 2132 institutis
449 2101 632 2131 necessario
657 2100 789 2131 obedire
812 2099 1000 2138 debeamus,
1030 2100 1055 2130 si
1088 2098 1144 2129 filii
1172 2097 1325 2129 ecclesiae
1354 2108 1423 2129 esse
1449 2097 1606 2129 volumus.
1652 2097 1759 2128 Hinc⁴

115 2153 200 2184 enim
230 2152 460 2184 obedienciarii
483 2152 642 2183 Euticetis
666 2151 1016 2193 Constantinopolitani
1048 2149 1175 2182 abbatis
1204 2160 1276 2180 cum
1307 2149 1376 2191 ipso
1400 2149 1548 2180 Euticete
1571 2151 1602 2179 in
1627 2154 1759 2179 sancto³

116 2204 348 2236 calcedonensi
373 2203 508 2235 concilio
530 2202 791 2235 anathematizati
816 2209 899 2242 sunt,
923 2203 1022 2244 quia&
1045 2203 1148 2243 magis
1172 2201 1274 2232 eidem
1293 2211 1388 2242 quam
1405 2200 1591 2242 apostolicis
1607 2201 1759 2231 institutis

69 2266 98 2285 «ο
116 2256 246 2288 obedire
277 2255 497 2297 delegerunth.
551 2255 680 2286 Subditi
710 2260 818 2286 autem
848 2254 989 2285 Nestorii
1019 2253 1157 2296 presulis
1187 2251 1537 2295 Constantinopolitani
1569 2263 1587 2283 a
1614 2254 1760 2283 sacratis-

116 2308 215 2339 simai
241 2308 354 2339 sinodo
370 2307 538 2349 Ephesina
553 2306 674 2338 laudati
697 2312 771 2337 sunt
781 2311 802 2347 ⁵,
827 2307 922 2348 quia&
945 2306 1007 2348 ipsi
1030 2304 1216 2347 apostolicis
1244 2305 1397 2336 institutis
1421 2304 1605 2335 obedientes
1629 2304 1759 2345 proprio

116 2360 268 2402 episcopo
291 2360 475 2391 restiterunt
498 2363 529 2390 et
552 2358 593 2390 ob
617 2358 677 2389 hoc
701 2359 796 2389 etiam
821 2364 933 2400 postea
956 2369 997 2388 ex
1020 2358 1089 2389 eius
1113 2361 1270 2398 potestate
1293 2357 1420 2397 penitus
1439 2356 1634 2397 emancipari
1658 2366 1760 2386 meru-

117 2417 218 2444 erunt.
254 2411 340 2442 Hinc
361 2416 393 2442 et
412 2410 528 2442 beatus
544 2410 760 2442 Euticianusk
776 2420 862 2452 papa
884 2415 916 2441 et
938 2410 1050 2440 martir
1066 2420 1085 2440 a
1100 2409 1194 2440 beato
1212 2407 1306 2438 Petro
1324 2407 1431 2438 XVII.
1449 2407 1480 2437 in
1503 2407 1640 2438 decretis
1652 2412 1662 2427 ὃ
1685 2408 1759 2447 suis,

117 2473 198 2505 quae
221 2463 364 2494 martirio
387 2462 597 2501 consecravit,
621 2462 790 2493 verissime
813 2466 1021 2503 protestatur,
1044 2459 1131 2502 quod
1156 2459 1305 2491 subditus
1328 2470 1388 2490 nec
1406 2459 1559 2500 episcopo
1575 2469 1634 2489 nec
1649 2458 1759 2488 abbati

72 2547 98 2567 ⁴5
225 2548 254 2578 a)
274 2547 345 2572 deest
365 2547 396 2572 G.
491 2547 520 2577 b)
541 2555 562 2571 s.
585 2546 648 2570 add.
670 2546 702 2571 G.
797 2548 823 2572 c)
845 2545 958 2570 concilia
978 2545 1042 2569 add.
1063 2546 1087 2570 4.
1183 2544 1210 2573 d)
1233 2551 1326 2568 norma
1347 2543 1411 2567 add.
1433 2544 1463 2566 (ι’.
1560 2542 1584 2573 e)
1607 2542 1707 2566 addicit
1727 2543 1757 2565 (i.

117 2592 138 2618 fl
159 2596 186 2617 et
205 2593 269 2617 eccl.
290 2593 344 2617 des.
365 2592 397 2618 G.
472 2592 502 2624 g)
523 2592 594 2624 quod
616 2592 647 2616 G.
724 2591 750 2623 h)
775 2592 929 2623 delegerant
949 2591 980 2615 (ι’.
1056 2591 1074 2621 i)
1097 2590 1266 2614 sanctissima
1287 2590 1317 2613 (τ’.
1394 2589 1423 2615 k)
1446 2589 1539 2612 lautae.
1560 2590 1585 2612 4.

224 2660 254 2694 1)
283 2660 312 2687 V.
335 2669 426 2695 supra
451 2669 481 2694 p.
506 2660 556 2686 95.
583 2660 651 2686 114.
740 2660 770 2694 2)
794 2659 824 2686 C.
843 2659 870 2685 8.
959 2658 989 2691 3)
1018 2657 1048 2684 V.
1072 2667 1159 2692 supra
1179 2667 1208 2691 p.
1228 2657 1276 2683 61.
1296 2656 1364 2682 126.
1387 2656 1453 2683 129.
1547 2654 1578 2690 4)
1603 2655 1647 2688 CJJ.
1670 2663 1756 2688 supra

117 2720 145 2745 p.
173 2711 239 2738 109.
265 2712 335 2739 110.
362 2711 429 2739 148.
526 2711 556 2743 5)
581 2711 625 2744 Cf.
647 2720 735 2746 supra
758 2719 790 2745 p.
816 2709 865 2736 99.
893 2710 960 2736 102.
1057 2709 1086 2742 6)
1110 2709 1155 2734 Ex
1178 2717 1200 2734 c.
1221 2708 1289 2740 105,
1312 2707 1331 2734 ἰ.
1349 2707 1434 2738 XIX,
1460 2707 1576 2732 Det-reci
1598 2705 1758 2731 Bure-hardi

119 2766 284 2797 excerptum,
314 2763 363 2797 qui
390 2764 481 2796 ipsum
511 2763 554 2789 ‘ex
583 2762 701 2789 decretis
730 2761 902 2796 Eutychiani
927 2760 1031 2795 papae’
1060 2760 1219 2794 inscripsir5
1253 2759 1290 2792 cf.
1318 2758 1434 2792 Jsaneq.
1464 2758 1503 2783 ad
1532 2757 1632 2784 Gebetz.
1661 2766 1683 2782 c.
1710 2756 1757 2790 75,

72 2819 99 2838 50
120 2813 221 2840 Libelli
241 2814 266 2846 1,
286 2824 316 2848 p.
333 2814 404 2841 428.
