2132 3067
55 714 80 733 10

56 973 82 993 1⁵

57 1231 84 1250 20

523 151 560 177 X.
597 151 650 176 DE
671 150 1015 177 EXCOMMUNICATIS
1039 151 1224 178 VITANDIS
1249 151 1328 178 ETC.
1414 128 1417 131 ἢ
1688 150 1744 180 1²37

100 252 159 272 nos
190 241 278 272 intra
309 241 411 271 orbem
441 245 604 270 terrm-mn
635 240 669 269 in
698 240 769 269 suls
800 240 1084 269 constitutionibus
1110 243 1240 279 vimznt;
1273 246 1300 270 et
1331 241 1442 281 siquid
1475 254 1609 283 usquam
1643 244 1747 283 aliter,

100 304 198 335 quam
229 293 296 333 ipsi
326 296 482 331 statuere,
510 292 724 332 presumitur,
756 291 825 320 sine
857 292 1059 321 cunctatione
1091 297 1274 322 cassatur&
1327 292 1376 322 Ex
1409 292 1457 322 liis
1488 305 1564 333 ergo
1596 293 1746 334 colligere

100 354 283 386 possumus,
313 354 409 384 quam
441 341 686 372 indubitabilem
717 342 929 372 reverentiam
955 341 1085 372 Nicenis
1109 343 1288 372 canonibus
1314 344 1429 383 iugiter
1453 345 1605 375 exhibere
1630 345 1745 376 debea—

101 406 181 426 mus.
227 394 325 436 Apud
348 404 406 424 nos
431 400 537 424 autem
563 392 685 423 Niceno
706 392 841 422 concilio
860 393 923 422 XX
942 393 1083 434 capitula
1106 395 1335 434 asscribuntur,
1359 397 1507 436 quamvis
1533 396 1630 427 inulto
1655 397 1745 438 plura

100 446 184 478 illius
207 446 337 476 concilii
362 445 503 487 capitula
528 445 738 486 reperiantur.
784 444 1021 474 Anthiocenum
1048 446 1130 475 enim
1149 445 1337 475 concilium¹
1364 446 1401 476 de
1425 447 1541 488 pascha
1566 449 1608 478 ibi
1633 449 1747 479 asserit

101 498 292 536 institutum,
324 508 363 527 ne
394 497 426 527 in
458 496 569 527 XIIII.
593 496 668 526 luna
699 506 771 525 cum
802 495 910 537 Iudeis
939 496 1127 529 celebretur,
1159 503 1191 527 ut
1215 497 1605 531 'I'hesseresemlccaditav.
1641 500 1670 530 id
1699 506 1746 530 cst

102 548 401 589 Quartadecimani‚
425 547 558 585 faciunt,
583 547 637 589 qui
661 547 757 577 etiam
782 546 856 577 inde
881 557 996 577 nomen
1021 559 1097 579 snae
1121 547 1223 578 heresi
1248 548 1472 580 coiiclidorunt.
1514 550 1591 580 Item
1618 558 1746 582 sanctus

102 601 297 632 Athanasius
329 599 510 642 patriarcha
534 592 789 636 Alexandrinus,
821 599 875 640 qui
899 598 1020 629 Nic-eno
1052 599 1188 630 concilio
1219 600 1359 630 nondum
1393 602 1572 642 episeopus,
1605 603 1659 632 sed
1684 604 1747 644 epi-

101 659 236 694 scopatu
258 653 322 682 iam
343 658 418 682 tunc
435 651 656 692 dignissimus,
680 649 834 686 interfuit.
858 649 956 680 Felici
982 662 1085 692 papae
1102 652 1247 682 scribens
1264 653 1386 691 asserit,
1411 652 1494 694 quod
1512 653 1623 684 Niceni
1642 660 1747 695 patres

102 704 344 741 constituerunt,
369 703 452 734 sicut
476 708 507 733 et
529 713 587 733 nos
611 713 708 743 supra
732 700 898 731 retulimus
911 706 932 739 2,
956 713 994 732 ne
1019 702 1153 732 concilia
1177 703 1298 744 absque
1323 705 1479 734 sententia
1496 704 1630 734 Romani
1648 706 1748 746 ponti-

101 755 168 786 ficis
185 755 395 786 celebrentur.
440 754 520 786 Item
538 754 689 784 Zozimus
716 763 800 795 papa
824 752 863 783 de
886 753 1133 794 apellationibus
1157 756 1379 795 episcoporum
1405 761 1555 786 statutum
1575 757 1747 788 affirmavit

101 808 134 838 in
157 807 403 838 commonitorio
415 811 436 845 ⁸,
469 805 554 848 qnod
583 805 699 845 legatis
723 804 789 835 suis
813 804 853 834 ad
878 805 1075 835 Affricanurn
1102 806 1271 836 concilium
1297 806 1426 837 direxit:
1464 808 1615 837 Affricani
1640 813 1744 838 tamen

102 865 209 901 patres
232 869 266 889 se
290 858 349 889 hoc
372 859 404 888 in
429 859 495 888 suis
519 857 760 898 exemplaribus
785 867 848 886 non
873 857 1036 886 invenisse
1066 859 1229 898 protestati
1256 863 1338 888 sunt.
1384 858 1475 896 Quae
1503 860 1613 899 utiquc
1642 870 1747 889 exem-

103 909 205 952 plaria
227 920 291 941 non
315 910 376 940 nisi
400 909 466 940 XX
491 908 631 950 capitula
661 908 852 947 habuerunt,
882 909 964 938 sicut
993 916 1024 938 et
1053 908 1116 945 illa,
1146 919 1228 951 quae
1254 910 1314 950 ipsi
1340 916 1451 949 postea
1475 908 1513 939 ab
1539 910 1747 940 orit-ntalilms

102 962 264 1003 episcopis
292 972 349 1002 pro
379 961 568 991 auctoritate
599 966 841 991 mutuaverunt.
894 959 973 989 Item
1000 959 1119 990 Iulins⁴
1145 971 1229 1002 papa
1254 967 1380 1001 praeter
1403 960 1467 990 XX
1493 960 1583 1001 plura
1610 961 1651 990 illi
1678 973 1748 991 von-

103 1012 176 1044 cilio
210 1013 362 1044 asscribit
394 1012 551 1053 capitula,
586 1022 668 1054 quae
705 1017 811 1042 tamen
847 1011 877 1041 in
913 1011 1054 1052 antiquis
1089 1011 1304 1042 decretalibus
1337 1012 1552 1042 Romanorum
1589 1012 1748 1053 presulum

102 1065 338 1107 repperiuntur,
362 1063 446 1094 unde
469 1064 500 1094 in
527 1064 682 1094 Nicenun]
708 1064 879 1094 concilium
906 1063 1059 1093 translata
1083 1063 1266 1094 creduntur.

209 1116 379 1147 Predictus
414 1115 510 1146 etiam
541 1115 737 1157 patriarcha.
775 1115 917 1146 scilicetb
949 1114 1175 1154 Athanasius—⁵,
1213 1123 1243 1145 et
1271 1115 1400 1145 Marcus
1431 1126 1513 1156 papa
1544 1114 1637 1145 LXX
1667 1114 1749 1145 illius
1791 1139 1795 1143 .

104 1167 233 1198 concilii
263 1174 411 1198 asserunt
440 1179 509 1198 esse
541 1167 691 1209 capitula,
727 1167 875 1209 quamvis
906 1166 971 1196 XX
1004 1173 1125 1197 tantum
1159 1177 1243 1196 nunc
1274 1177 1506 1208 usquequaque
1536 1165 1580 1196 illi
1615 1166 1750 1197 concilio

104 1220 316 1250 ascribantur.
362 1219 433 1250 Hoc
457 1224 562 1250 autem
588 1219 661 1249 ideo
685 1219 804 1249 factum
829 1230 870 1248 ex
894 1218 1007 1249 litteris
1031 1219 1187 1248 maiorum
1213 1218 1394 1258 didicimus,
1419 1220 1493 1260 quia
1511 1218 1620 1248 Nic-vni
1647 1227 1753 1258 patres

104 1271 157 1303 illa
180 1277 303 1302 tantum
327 1272 419 1313 quasi
442 1271 614 1312 specialius
638 1271 815 1302 instituisse
848 1270 1012 1311 leguntur3
1046 1269 1167 1312 reliqua
1192 1281 1270 1300 vero
1295 1281 1396 1311 nsque
1419 1271 1458 1300 ad
1483 1269 1576 1300 LXX
1602 1281 1662 1300 non
1688 1276 1751 1300 tam

104 1323 168 1366 ipsi
191 1322 410 1365 principaliter
433 1323 619 1361 instituisse,
644 1333 738 1364 quam
764 1323 804 1353 ab
828 1322 899 1352 aliis
923 1323 985 1353 iam
1011 1322 1217 1352 confirmasse
1242 1322 1388 1352 instituta
1412 1322 1623 1362 reperiuntur.
1669 1321 1750 1352 Nam

69 1372 72 1375 ¹
106 1374 235 1413 Osiusfv,
264 1373 484 1406 Cordubensis
514 1375 701 1416 episcopus,
734 1373 861 1405 aliunde
892 1374 946 1405 illa
976 1380 1139 1404 mutuasse
1170 1380 1200 1403 et
1229 1374 1258 1403 in
1292 1373 1413 1414 synodo
1444 1373 1596 1403 recitasse
1626 1372 1751 1414 legitur.

58 1489 85 1509 2⁵

58 1747 86 1766 30

60 2005 88 2024 ³5

61 2263 90 2282 40

63 2570 90 2589 4⁵

105 1426 184 1459 Erat
206 1427 290 1457 enim
315 1426 514 1457 consuetudo
539 1432 722 1457 sanctorum
748 1431 874 1467 patrum
899 1427 931 1456 in
957 1425 1136 1456 huiusmodi
1162 1425 1318 1460 conciliis,
1344 1436 1405 1454 non
1430 1423 1530 1454 solum
1556 1425 1686 1466 propria
1710 1426 1753 1455 in-

105 1479 248 1517 stituere,
281 1477 337 1508 sed
360 1477 494 1508 aliorum
520 1483 640 1509 statuta
662 1478 800 1508 firmare.
856 1477 959 1508 Multa
984 1478 1104 1519 quippe
1129 1478 1159 1507 in
1184 1476 1254 1507 aliis
1279 1476 1431 1507 ventilare
1456 1482 1486 1506 et
1509 1476 1660 1507 ventilata
1685 1487 1754 1517 per-

106 1535 244 1561 tractare
275 1537 526 1569 consueverunt3
558 1540 640 1571 quae
671 1536 779 1560 tamen
811 1529 1029 1560 ecclesiastica
1061 1528 1260 1559 consuetudo
1290 1539 1399 1558 eornm
1432 1528 1604 1569 specialius
1628 1529 1754 1559 statutis

106 1592 334 1612 annumerasse
363 1592 427 1612 non
459 1582 628 1623 reperitur.
674 1581 728 1611 §ic
760 1582 872 1622 utique
904 1581 1144 1612 Calcedonense
1175 1579 1345 1611 concilium
1378 1579 1476 1610 multa
1506 1591 1564 1621 per
1594 1580 1658 1610 XX
1686 1581 1754 1611 dies

108 1639 320 1676 pertractasse
343 1639 375 1664 et
398 1633 605 1664 confirmasse
629 1632 761 1674 legitur3
794 1633 846 1663 eui
878 1638 999 1664 tantum
1033 1631 1234 1663 solummodo
1259 1633 1352 1662 unius
1379 1631 1441 1662 diei
1466 1638 1582 1662 statuta
1607 1631 1755 1662 videntur

106 1686 273 1727 asscripta.
318 1684 369 1715 Ita
391 1695 468 1725 ergo
492 1692 523 1716 et
546 1684 669 1716 Niceno
700 1684 836 1715 concilio
867 1695 925 1715 sua
948 1684 1101 1726 specialia
1125 1690 1243 1714 statuta
1267 1688 1510 1725 competenterc
1534 1683 1753 1722 asscribimus,

108 1748 167 1768 nec
189 1742 295 1768 tamen
320 1737 514 1767 attestationi
538 1743 721 1768 sanctorum
746 1742 873 1778 patrum
899 1736 938 1767 de
963 1736 1056 1766 LXX
1081 1735 1230 1776 capitulis
1255 1735 1472 1766 contradicere
1497 1734 1662 1765 debemus.

213 1788 381 1819 predictus
413 1789 508 1819 etiam
534 1788 632 1819 Osius
666 1795 697 1820 et
726 1788 896 1819 Ianuarius
927 1788 1175 1818 Beneventanus
1207 1787 1378 1828 episcopus
1410 1797 1449 1816 ex
1480 1785 1639 1826 legatione
1670 1785 1754 1815 sedis

107 1840 301 1882 apostolicae
331 1839 443 1871 eadem
476 1840 618 1881 capitula
647 1841 679 1871 in
704 1840 889 1872 Sardicensi
919 1839 1054 1870 concilio
1087 1846 1197 1880 postea.
1226 1838 1392 1868 firmasse*
1422 1837 1579 1878 leguntur.
1636 1837 1753 1867 Beatus

109 1903 236 1934 quoque
263 1891 422 1923 Ysidorus
456 1893 488 1922 in
518 1892 675 1934 prologoss
709 1903 767 1923 suo
803 1892 842 1922 de
871 1891 1048 1922 canonibus
1084 1890 1282 1932 questionem
1312 1889 1408 1920 LXX
1438 1889 1649 1930 capitulorum
1682 1899 1751 1918 curn

109 1944 330 1985 magnitudine
353 1943 496 1974 eiusdem
521 1943 648 1975 concilii
672 1943 745 1975 libri
770 1949 914 1982 excusat,
939 1954 1033 1985 quem
1059 1942 1147 1973 libris
1172 1942 1236 1972 IIII
1261 1941 1501 1981 euangeliorum
1526 1939 1611 1981 apud
1632 1940 1753 1969 Grecos

108 2006 210 2038 aeque
234 2006 386 2037 magnum
410 1995 560 2027 affirmat.
606 1996 780 2028 Sciendum
807 2000 925 2031 autem.
950 1995 1034 2036 quod
1060 1995 1091 2024 in
1114 1994 1237 2024 Latinis
1262 1992 1502 2033 exennilaribus
1526 2003 1588 2021 non
1613 1991 1753 2021 omnium

110 2046 313 2078 CCCXVIII
347 2053 474 2089 patrum
509 2049 640 2079 nomina
675 2049 893 2090 reperiuntur,
928 2047 982 2088 qui
1013 2052 1118 2076 tamen
1150 2045 1273 2075 Niceno
1310 2043 1445 2074 concilio
1482 2043 1752 2084 subscripserunt.

108 2098 191 2130 Nam
214 2098 349 2129 studiosi
373 2100 456 2130 servi
480 2099 552 2140 Dei,
584 2105 620 2131 ut
651 2099 778 2141 legitur,
810 2110 873 2129 non
898 2104 960 2128 tam
986 2096 1242 2136 occidentalium,
1275 2107 1369 2137 quam
1402 2095 1600 2125 orientalium
1627 2100 1750 2135 patrum

109 2151 240 2181 nomina
259 2151 460 2182 conscribere
483 2151 684 2190 studuerunt,
709 2151 784 2193 qnia
811 2148 1024 2180 occidentales
1048 2159 1110 2179 non
1135 2147 1280 2185 similiter
1303 2147 1499 2188 questionem
1526 2145 1564 2177 de
1588 2145 1753 2176 heresibus

110 2201 304 2233 habuerunt.

216 2253 402 2285 Secundum
425 2260 534 2285 autem
558 2253 683 2285 illorum
714 2260 852 2296 quatuor
875 2251 1079 2283 conciliorum
1104 2249 1494 2292 Constantinopolitannin
1521 2260 1538 2279 a
1564 2249 1588 2278 L
1610 2247 1753 2289 patribus

109 2304 254 2336 habitum
278 2312 326 2336 est
348 2310 461 2345 contra
475 2305 701 2337 Macedonium
720 2305 804 2336 illius
822 2304 906 2335 sedis
925 2304 1123 2345 episcopum,
1147 2303 1200 2344 qui
1219 2302 1373 2343 Spiritum
1393 2306 1538 2331 sanctum
1556 2299 1660 2330 Deum
1686 2310 1754 2330 esse

110 2357 258 2398 negabat,
289 2356 365 2388 hera
389 2356 631 2389 CCCCXVIII.
656 2362 800 2399 tempore
825 2356 973 2387 Gratiani
998 2361 1028 2386 et
1051 2354 1225 2385 Theodosii
1255 2354 1446 2394 principum,
1478 2352 1610 2382 Damasi
1642 2361 1754 2391 papae,

111 2407 222 2450 Cyrilli
240 2407 509 2450 Ierosolymitani,
533 2409 673 2440 Nectarii
692 2407 1050 2450 Constantinopolitani.
1068 2405 1260 2447 Thymothei
1279 2404 1502 2435 Alexandrini.
1539 2403 1575 2433 In
1597 2414 1658 2444 quo
1683 2413 1755 2432 con-

220 2518 246 2549 a)
269 2527 367 2542 rasura
387 2518 474 2543 decem
488 2519 550 2550 fere
570 2518 721 2543 litterarum
737 2519 875 2550 praecedit
897 2518 920 2541 7.
996 2518 1022 2548 1))
1046 2526 1065 2547 s;
1088 2518 1111 2540 7.
1198 2516 1222 2546 c)
1247 2517 1402 2545 eompcnter
1421 2513 1554 2544 aliquibus
1576 2512 1667 2536 limeris
1690 2512 1755 2535 inler-

109 2570 129 2588 ιι
148 2567 171 2588 et
190 2567 201 2588 t
220 2564 353 2589 exstinctis
374 2564 398 2588 7.

220 2662 248 2696 l)
272 2661 302 2689 C.
322 2663 350 2688 l.
466 2662 494 2693 2)
518 2662 546 2689 V.
570 2671 657 2696 supra
686 2671 714 2695 p.
744 2662 810 2693 126,
842 2671 867 2687 n.
893 2661 921 2690 3,
1038 2660 1067 2686 3)
1091 2660 1190 2686 Mansa*
1211 2662 1230 2686 t.
1248 2658 1304 2689 III,
1330 2658 1381 2684 col.
1401 2656 1476 2689 10⁶2.-
1504 2656 1589 2688 ‹las-'fe’v
1618 2664 1659 2680 nr.
1685 2654 1753 2679 341.

113 2712 142 2747 4)
165 2713 221 2747 Ep.
237 2722 313 2747 spur.
337 2722 361 2740 c.
379 2713 425 2746 12,
450 2713 603 2740 Hinsclziue
622 2722 652 2746 p.
672 2713 741 2740 467.
821 2712 850 2747 5)
874 2712 975 2738 Athon.
993 2715 1016 2737 et
1033 2711 1152 2737 filare-us
1166 2711 1195 2735 in
1212 2718 1272 2743 epp.
1289 2709 1403 2743 spuriis,
1426 2707 1578 2733 Hinschins
1592 2716 1620 2740 p.
1639 2706 1692 2731 451
1714 2714 1753 2737 sq.

114 2763 143 2799 6)
167 2764 265 2790 Mami
286 2768 305 2791 t.
322 2765 362 2796 II,
388 2765 438 2792 col.
456 2765 484 2797 3,
508 2765 545 2797 cf.
562 2764 698 2790 „wlaassen
718 2773 749 2798 p.
767 2764 835 2789 117.
924 2763 953 2797 Τ)
977 2763 1062 2788 Immo
1081 2761 1224 2788 concilium
1242 2761 1411 2787 Sardicense
1428 2759 1549 2793 primum
1576 2758 1608 2782 ‹Ie
1629 2756 1752 2790 appelat-

111 2815 231 2842 tionibus
254 2817 292 2842 ad
314 2816 405 2842 sedem
428 2816 585 2842 Romanam
602 2815 733 2847 ferendis
755 2815 882 2849 capitula
905 2815 1011 2840 statuit.
1099 2813 1128 2846 8)
1154 2813 1183 2839 C.
1209 2812 1236 2844 9,
1261 2811 1413 2837 Ilinsckius
1432 2819 1460 2843 p.
1483 2809 1528 2834 19.

1775 2257 1821 2279 (34)
