2101 3072
47 711 73 730 10

48 969 75 989 15

48 1228 75 1247 20

49 1563 76 1582 2⁵

50 1821 77 1840 80

51 2080 79 2099 ³5

53 2367 80 2385 4⁰

55 2663 84 2684 45

425 142 608 170 GOFFRIDI
636 141 801 168 ABBATIS
827 141 1122 169 VINDOCINENSIS
1146 141 1332 168 LIBELLUS
1358 141 1394 167 II.
1668 134 1730 165 (3³33

90 234 171 265 Nam
195 243 265 262 cum
291 233 471 262 castitatem
496 242 634 272 sponsae
653 231 714 261 Dei
738 230 874 272 sepelire
900 236 930 260 et
954 231 1085 261 nimium
1112 230 1242 261 sordida
1266 229 1440 271 pollutione
1465 228 1608 269 sepultos
1633 227 1731 257 susci-

91 294 156 316 tare
184 283 340 314 fallaciter
369 291 540 320 conantur,
572 294 604 313 se
636 282 757 312 faciunt
788 281 925 322 amplius
958 283 1154 312 manifestos.
1209 281 1271 312 Sed
1304 282 1378 322 quia
1409 280 1567 319 hereticus
1600 279 1731 317 heretici

89 336 270 368 testimonio
295 335 326 365 in
351 346 387 365 eo
412 334 532 375 heresis
555 346 683 375 genere,
708 344 770 375 quo
794 334 998 367 conveniunt,
1024 335 1153 364 minime
1170 334 1375 374 dampnatur,
1401 333 1513 362 mirum
1539 342 1601 361 non
1626 336 1682 369 est,
1707 330 1731 359 si

90 394 154 419 tam
179 387 318 417 nefanda
341 385 496 416 locuntur.
542 385 577 416 In
602 396 675 416 eum
700 390 818 421 autem,
843 386 919 425 quia
939 385 1014 415 talia
1031 385 1135 415 credit
1151 391 1181 415 et
1199 385 1376 425 profitetur,
1400 384 1438 413 dc
1455 384 1571 414 faretra
1589 382 1733 412 veritatis

91 438 199 471 David
231 449 287 469 rex
319 443 350 468 et
381 437 537 478 propheta
566 437 625 467 hoc
653 436 749 466 modo
779 435 950 466 iaculatur:
981 437 1057 467 Non
1082 442 1125 466 est
1153 437 1239 466 Deus
1266 438 1296 465 [ιι
1322 440 1492 477 conspectu
1516 437 1594 472 eius,
1628 434 1732 474 iaqui-

92 495 189 522 nalae
212 494 287 519 sunt
310 490 383 519 viae
408 488 499 519 illius
523 490 557 518 in
583 491 688 519 omm'a
713 494 860 529 tempore.
908 488 948 518 Et
973 488 1065 518 illud:
1092 488 1189 518 Verba,
1214 489 1279 517 oris
1303 489 1372 518 eius
1394 487 1556 528 iniquitas
1579 491 1606 515 e!
1631 485 1734 522 dolus,

92 542 193 574 noluit
216 539 402 581 intelligere,
427 548 461 570 ut
484 551 566 581 quae
591 545 664 570 sunt
687 540 783 570 fideib
807 546 1003 581 sequeretur.
1043 539 1125 578 Quin·
1142 538 1215 569 talis
1231 546 1278 569 est
1298 539 1475 579 praeessed,
1500 549 1561 567 non
1580 536 1734 578 prodesse

93 600 124 626 et
148 604 230 635 quae
254 591 357 635 [suae]
383 597 457 622 sunt
480 597 603 622 tantum
629 602 795 633 quaerere,
821 602 882 620 non
907 602 988 632 quae
1013 591 1084 620 Iesu
1102 590 1219 620 (lin-isti
1245 589 1417 627 desiderat,
1441 594 1471 619 et
1496 600 1552 629 per
1575 587 1737 629 quaelibet

93 645 187 677 devia
203 655 279 675 oves
296 645 557 685 praecipitentur,
581 643 761 673 nullatenus
784 648 883 673 curat.
926 642 992 672 Des
1009 641 1125 684 quibus
1144 641 1213 671 lar-g
1230 647 1260 672 et
1278 641 1348 672 lana
1366 640 1427 670 sibi
1446 652 1507 670 non
1526 640 1653 676 sufficit,
1680 638 1734 669 scd

93 696 217 727 illarum
242 695 374 727 devorat
397 707 510 726 carnes
534 702 565 726 ct
589 706 661 725 ossa
685 694 836 725 corrodit.
890 694 931 724 Se
964 701 1068 724 tamen
1091 695 1240 724 aestimat
1265 699 1424 734 pastorem
1451 693 1568 726 ovium,
1600 702 1670 721 cum
1697 690 1736 719 sit

93 749 199 790 potius
223 747 316 788 lupus
339 758 459 778 earum.
504 747 545 778 Et
576 747 688 777 merito
720 745 823 788 lupus,
853 757 914 776 non
949 752 1057 786 pastor
1081 745 1186 775 ovium
1213 745 1353 775 creditur
1377 745 1430 785 qui
1461 755 1514 773 eas
1537 754 1599 773 non
1625 743 1736 783 pascit,

93 799 149 831 sed
180 799 219 830 de
248 799 327 840 ipsis
361 800 512 840 pascitur.
568 798 678 829 Haec'·
701 808 719 827 a
743 798 835 828 nobis
860 798 977 828 idcirco
1007 797 1167 836 dicuntur,
1199 797 1274 838 quia
1304 795 1378 826 dum
1403 807 1421 825 a
1444 801 1555 825 satana
1579 794 1737 834 propbeta

94 856 263 892 corruptus
286 851 472 892 agnoscitur
496 851 549 892 qui
574 860 635 879 non
660 848 761 879 solum
787 848 886 879 verbo
910 850 991 879 sicut
1010 847 1149 883 ssalaam,
1175 847 1229 878 sed
1254 848 1348 878 etiam
1374 848 1493 888 scripto
1517 847 1547 876 in
1573 845 1736 876 christiani

93 902 204 945 populi
230 913 338 933 necem
363 901 534 932 consilium
560 903 679 942 pariter
707 907 737 932 et
767 912 933 931 assensum
961 900 1087 930 dedisse
1112 899 1325 938 convincitur,
1355 898 1446 929 valde
1468 909 1599 928 necesse
1623 902 1680 936 est,
1704 901 1738 925 ut

94 955 145 986 cui
170 953 288 985 residet
310 955 401 984 asina
424 953 574 995 loquatur
602 960 632 983 et
663 952 838 994 prophetae
870 952 1022 993 corripiat
1050 951 1279 992 insipientiam,
1312 950 1365 991 qui
1391 960 1480 980 sacra
1504 949 1633 979 ‹livium›
1659 947 1737 988 legis

94 1011 266 1048 praecepta
296 1012 516 1046 transgressus
545 1010 602 1043 est,
634 1004 782 1044 sacrilegi
815 1004 918 1044 regisi
946 1010 1074 1034 secutus
1100 1003 1266 1033 insaniam.
1314 1001 1355 1032 Et
1378 1001 1528 1042 quoniam
1554 1000 1736 1030 Lucitcrum

93 1058 211 1089 nostris
235 1057 434 1099 temporibus
459 1069 475 1088 e
499 1056 587 1087 caelo
617 1056 741 1098 lapsum
772 1056 991 1087 indubitanter
1020 1055 1235 1095 agnoscimus,
1266 1064 1326 1084 nou
1352 1053 1379 1083 ei
1405 1051 1547 1093 qualibet
1571 1051 1739 1081 occasione

93 1109 179 1141 illius
202 1109 401 1151 impietatem
425 1108 663 1139 dissimulantes
688 1108 902 1147 inhereamus,
933 1118 972 1137 ne
1002 1107 1033 1137 in
1062 1112 1195 1147 puteum
1220 1104 1455 1145 desperationis
1480 1114 1549 1134 cum
1576 1114 1623 1141 eo,
1652 1101 1737 1143 quod

95 1161 186 1193 Deus
204 1161 335 1200 abnuat,
360 1171 558 1191 corruamus.
594 1160 650 1190 Sik
668 1161 772 1190 minus
790 1159 856 1190 dixi
876 1170 971 1201 quam
991 1158 1098 1197 debui,
1122 1157 1322 1198 ignorantiae
1341 1155 1520 1197 deputetur,
1546 1155 1570 1185 si
1589 1153 1739 1194 amplius,

94 1213 171 1256 quia
194 1212 233 1243 de
258 1212 332 1244 odio
354 1213 534 1254 iniquitatis
557 1217 589 1242 et
611 1212 785 1253 aequitatis
808 1222 918 1241 amore
943 1211 1111 1252 processit,
1136 1211 1330 1250 ignoscatur.

756 1313 1005 1351 LIBELLUS
1032 1313 1079 1348 II.

170 1383 341 1426 &offridus
365 1384 465 1414 abbas
488 1383 657 1414 Rainaldo
681 1384 834 1424 episcopo
858 1383 1093 1423 Audeyavensi
1117 1392 1182 1411 non
1208 1381 1364 1411 canonice
1388 1379 1480 1410 eleeto
1505 1378 1664 1407 laicorum

554 1437 778 1466 investituram
805 1435 960 1465 haeresim
987 1444 1051 1463 esse
1075 1432 1284 1462 demonstrat.

203 1496 376 1528 Rainaldo¹
403 1496 551 1538 prudenti
569 1502 626 1528 et¹¹¹
645 1495 810 1537 multiplici
829 1500 966 1536 generen
991 1493 1217 1535 peccuniarum
1239 1491 1396 1523 sublimim
1414 1490 1529 1521 frater⁰
1548 1487 1739 1530 G[oti'ridus]

96 1549 345 1580 vindocinensis
380 1549 563 1579 monasterii
599 1547 727 1578 humilis
761 1558 872 1578 servus
907 1545 1112 1576 christianum
1149 1543 1253 1585 legem
1293 1543 1463 1583 diligenter
1501 1541 1674 1571 observare
1712 1546 1743 1570 et

96 1602 254 1633 neminem
281 1612 337 1642 pro
361 1600 538 1631 assertione
561 1600 704 1631 veritatis
729 1599 801 1629 odio
827 1597 954 1630 habere,

203 1653 330 1684 Domno
354 1651 574 1683 Hamelinow
600 1652 688 1682 fratri
720 1658 829 1681 nostro
859 1650 986 1679 dixistis
1016 1660 1065 1679 me
1091 1648 1182 1678 vobis
1207 1648 1236 1677 in
1263 1647 1419 1677 electione
1443 1650 1548 1675 vestra
1576 1644 1673 1673 fuisse
1698 1643 1742 1672 in-

96 1705 223 1736 festum.
269 1704 323 1736 Sic
355 1703 568 1745 magnitudini
592 1708 718 1734 vestrae
750 1702 836 1744 loqui
870 1700 1000 1743 placuit,
1031 1711 1119 1730 meae
1148 1706 1256 1730 tamen
1287 1698 1437 1739 parvitati
1468 1697 1544 1726 satis
1569 1694 1742 1736 displicuit,

97 1757 182 1799 quod
206 1767 364 1787 canonum
396 1754 515 1796 regulis
546 1761 577 1786 et
609 1761 790 1785 sanctorum
821 1753 1102 1784 constitutionibus
1128 1757 1254 1792 patrum
1280 1749 1322 1780 ibi
1348 1749 1421 1778 novi
1446 1759 1515 1777 esse
1539 1747 1742 1777 contrarium.

97 1808 178 1840 Nam
202 1808 258 1839 ubi
282 1807 349 1839 vidi
374 1808 503 1838 unicum
529 1813 559 1837 et
582 1805 744 1847 singulare
770 1811 920 1836 sanctae‘l
944 1803 1120 1834 aecclesiae
1138 1803 1296 1833 hostiumr
1319 1800 1422 1831 claudi
1448 1806 1478 1830 et
1502 1798 1587 1829 aliud
1605 1797 1743 1835 aliunde,

98 1871 155 1902 per
171 1859 257 1902 quod
282 1860 335 1901 qui
359 1860 480 1890 intrant
502 1859 587 1889 fures
612 1864 686 1889 sunt
709 1864 740 1888 et
763 1857 911 1895 latrones,
936 1856 1096 1886 hostiumr
1120 1854 1249 1895 aperiri,
1273 1851 1482 1894 apostolicam
1503 1850 1611 1880 violari
1631 1850 1743 1880 doctri-

98 1923 182 1950 nam,
213 1917 359 1942 sanctum
389 1910 590 1951 euangelium
624 1910 770 1951 penitus⁵
800 1908 996 1948 contempni,
1028 1908 1053 1936 si
1085 1906 1160 1936 mihi
1186 1904 1371 1946 placuisset,
1402 1903 1518 1933 Christi
1545 1912 1657 1932 ¹servus
1682 1911 1745 1931 non

98 1975 212 2002 essem,
242 1963 297 1994 sed
322 1962 453 1994 diaboli.
507 1962 567 1992 At2
591 1961 668 1992 mihi
692 1960 760 1999 soli,
785 1962 868 1991 sicut
890 1959 1038 1997 arbitror,
1067 1969 1124 2000 pro
1155 1957 1288 1987 crimine
1311 1966 1373 1985 non
1399 1953 1493 1985 debet
1516 1953 1634 1984 ascribi
1659 1952 1744 1994 quod

100 2015 263 2057 Stephano
289 2015 439 2045 decanorn
463 2019 594 2044 vestro²
618 2018 648 2044 et
673 2013 828 2054 personis,
852 2023 933 2054 quac
958 2010 1129 2047 affuerunt,
1154 2014 1258 2050 potest
1282 2008 1388 2049 potius
1413 2006 1576 2046 imputari.
1623 2004 1744 2035 Omnes

99 2068 210 2109 utique
227 2066 492 2097 contradixerunt
509 2064 605 2104 illam,
630 2076 726 2107 quam
744 2071 880 2095 vestram
902 2063 1001 2094 fuisse
1023 2062 1128 2093 dicitis
1149 2060 1337 2091 electionem
1346 2064 1365 2078 ¹¹¹
1382 2063 1440 2088 εἴη]
1457 2056 1744 2098 ι·υῙ)ι·οἰ)ἢνρι·ιιῃΐ.3.

211 2173 236 2204 a)
258 2180 312 2197 uno
333 2172 358 2197 2.
416 2172 443 2202 b)
463 2171 525 2204 fidei
546 2172 570 2195 2.
630 2175 656 2198 c)
676 2170 756 2194 verba
770 2170 820 2200 Qui
835 2170 895 2194 talis
911 2183 941 2186 ——
958 2169 1076 2200 pascitur
1088 2167 1117 2191 Δἱη
1130 2174 1214 2198 marg.
1230 2165 1295 2189 add.
1310 2163 1409 2193 eadem,
1430 2166 1458 2186 ut
1473 2162 1585 2192 videtur,
1606 2169 1688 2185 manu
1706 2157 1744 2185 lb.

100 2219 127 2251 d)
149 2217 198 2252 155⁶}
220 2216 266 2250 1¹³;
285 2216 364 2252 pree-e
384 2219 410 2243 2.
517 2218 541 2249 e)
563 2217 694 2249 supplevi,
807 2216 828 2243 f)
851 2217 891 2240 De
912 2229 944 2232 —
966 2215 1030 2238 lana
1047 2213 1077 2238 in
1097 2213 1151 2237 loco
1170 2220 1232 2236 raso
1256 2208 1293 2235 1¹⁷.
1407 2210 1436 2240 g)
1458 2208 1486 2232 in
1505 2216 1590 2240 τηατ-9.
1611 2207 1698 2239 suppl.
1719 2207 1744 2231 3.

99 2265 127 2296 h)
147 2266 223 2290 Haec
243 2273 260 2289 a.
279 2265 355 2289 nobis
377 2279 409 2283 —
431 2271 584 2289 corruamus
603 2263 657 2287 cles.
680 2264 704 2288 2.
802 2262 822 2291 ἰ)
843 2270 923 2294 super
943 2261 989 2285 ἰὶη,
1009 2269 1059 2284 scr.
1083 2257 1123 2283 lb.
1218 2257 1248 2287 k)
1269 2256 1364 2280 abhinc
1384 2255 1463 2279 etiam
1485 2254 1523 2278 1³.
1620 2253 1640 2284 l)
1661 2253 1692 2277 R.
1716 2254 1746 2282 15

99 2312 227 2342 Ricard03
248 2311 340 2336 icardo
361 2310 416 2335 alia
434 2318 517 2334 manu
535 2309 563 2334 in
584 2310 638 2334 loco
658 2318 719 2333 raso
740 2309 765 2334 2.
859 2308 897 2339 ιιι)
918 2315 1048 2338 superscr,
1073 2308 1095 2330 l.
1187 2308 1214 2333 n)
1236 2311 1309 2336 pecc.
1331 2309 1428 2333 genere
1450 2301 1474 2325 ⁴2.
1569 2301 1595 2331 o)
1616 2299 1646 2323 fr.
1667 2299 1698 2324 G.
1722 2299 1745 2323 1.

99 2357 130 2391 p)
150 2358 184 2383 Η.
209 2359 232 2382 1.
252 2358 278 2382 2.
381 2357 409 2389 q)
430 2360 539 2381 sanctae
559 2356 625 2380 ecel.
645 2355 699 2380 des.
722 2356 747 2379 2,
852 2354 875 2385 r)
897 2354 992 2378 ostium
1014 2353 1039 2377 2.
1061 2353 1086 2376 3.
1185 2357 1209 2381 s)
1230 2349 1336 2381 penitus
1357 2348 1382 2372 2.
1404 2348 1431 2371 3.
1529 2349 1549 2377 t)
1573 2347 1608 2370 At
1628 2345 1690 2369 mihi
1712 2359 1745 2362 —

100 2404 174 2437 loqui
192 2403 246 2429 des.
268 2403 293 2428 2.

211 2503 238 2536 l)
255 2502 352 2528 Priori
366 2501 528 2527 monasterii
546 2500 764 2527 Vindocz'nensis.
828 2499 857 2531 2)
875 2499 919 2531 Cf.
936 2488 1070 2523 marbodi
1084 2495 1164 2529 epist.
1181 2495 1194 2520 1
1213 2493 1298 2528 (Opp.
1314 2494 1356 2519 ed.
1371 2491 1557 2526 Beauqendre
1573 2490 1625 2516 col.
1644 2489 1746 2522 1391).

104 2554 133 2587 3)
162 2553 253 2580 Ibid.:
284 2556 314 2579 et
344 2555 445 2579 contra
475 2552 600 2587 optimos
631 2551 810 2584 clericorum,
843 2550 890 2585 qui
921 2548 1053 2584 pluribus
1085 2555 1118 2573 ex
1151 2545 1244 2572 causis
1275 2547 1363 2579 atque
1393 2551 1445 2569 suo
1475 2550 1594 2568 assensu
1619 2549 1636 2567 a
1659 2541 1745 2575 vulgo

102 2605 209 2631 factam
230 2604 398 2639 improbant
421 2604 602 2635 electionem,
634 2603 770 2638 quoniam
801 2605 830 2628 et
861 2601 937 2628 infra
967 2608 1058 2626 annos
1089 2601 1118 2624 et
1148 2600 1228 2624 extra
1251 2595 1369 2623 ordines
1391 2603 1444 2629 per
1467 2593 1620 2620 tumultum
1644 2591 1744 2626 populi

103 2655 196 2692 magis
224 2655 293 2681 fieta
323 2659 401 2682 esset
431 2664 515 2690 quam
546 2655 625 2681 facta
646 2654 837 2689 promotionis
865 2656 933 2679 tuae
963 2659 1064 2678 causas
1095 2657 1210 2681 asscre3
1242 2647 1402 2674 Hildeberli
1425 2646 1508 2679 episc.
1535 2645 1642 2671 Cenom.
1667 2644 1686 2670 Z.
1704 2644 1745 2675 Il,

104 2708 184 2743 epist.
201 2708 228 2741 5,
253 2708 295 2734 ed.
321 2708 506 2741 Beauyendre
529 2707 580 2735 col.
600 2707 656 2733 83:
688 2706 801 2740 Quippe
830 2713 888 2731 non
920 2703 1009 2738 elegit
1038 2705 1067 2728 te
1095 2701 1199 2733 clerus,
1229 2699 1279 2726 sed
1304 2698 1397 2724 minae
1421 2697 1579 2732 populares
1603 2695 1745 2721 intrusere

103 2758 264 2786 renitenti.
283 2781 288 2787 .
307 2768 329 2792 ,ς
352 2759 404 2786 col.
418 2759 472 2784 84.-
494 2758 568 2785 Nam
591 2758 627 2784 de
651 2757 795 2784 electione
812 2756 881 2791 quid
897 2756 1008 2790 loquar,
1033 2754 1061 2780 in
1086 2761 1144 2788 qua
1166 2751 1276 2787 populo
1301 2750 1416 2776 minime
1439 2749 1508 2775 licet
1532 2748 1638 2773 clerum
1664 2753 1745 2779 prac-

105 2810 219 2844 eedere,
242 2810 293 2836 sed
312 2818 431 2836 assensu
447 2809 584 2844 persequi
601 2809 756 2844 eligentem
781 2829 786 2834 .
805 2828 811 2834 .
830 2828 836 2834 .
860 2807 916 2833 Pro
934 2815 967 2833 eo
984 2805 1138 2840 religiosos
1156 2803 1280 2830 abbates
1298 2805 1327 2828 et
1342 2800 1449 2836 integri
1465 2807 1605 2834 personas
1622 2796 1746 2823 nominis

1465 2856 1514 2877 86*

1756 443 1790 460 ΡΑ.
1802 442 1836 465 10,
1847 441 1868 460 5.

1756 495 1785 513 it».
1795 494 1830 518 35,
1840 495 1862 512 -i,
