2132 3067
281 2394 310 2412 ΤΔ
322 2396 348 2413 ιῐξ.

218 2459 289 2478 ond.
305 2460 336 2479 ¹2¹,
347 2459 366 2478 7.

373 138 435 168 426

752 224 789 253 Α.

376 279 610 320 praedictorum
638 275 801 305 martirum
827 273 979 314 reliquias
1009 272 1090 303 forte
1119 273 1163 303 in-

376 330 505 360 veniens
535 329 564 357 in
595 325 849 367 gazophilacium
880 330 1009 355 sanctae
1033 323 1163 365 Cupidi-

375 382 448 411 tatis
473 379 643 410 transforre
671 387 725 407 eas
753 376 925 406 accuravit.
970 375 1164 416 Intellegens

376 443 450 461 vero
467 441 520 461 eas
538 430 681 460 Romano
703 427 830 469 placere
853 427 1008 468 pontifici,
1032 433 1165 457 noverat

375 484 457 513 enim
482 482 540 511 viri
573 480 864 521 compunctionem,
895 478 1024 509 easdem
1055 488 1164 508 secum

376 533 487 565 tollens
513 533 645 562 llomam
679 530 842 572 profectus
872 535 929 560 est.
975 529 1167 570 Suspirabat

376 590 481 615 autem
522 583 604 613 idem
644 582 819 612 Toletanus
858 581 1004 622 pontifex
1037 581 1167 622 Equita-

377 637 446 666 niae
470 635 696 675 legationem¹‚
721 644 815 674 quam
841 644 881 662 ex
905 632 990 663 beati
1015 631 1167 673 Gregorii

377 687 576 717 ordinatione
607 686 747 726 antiquis
777 684 1012 715 adtestantibus
1042 682 1170 725 privile·

377 739 438 779 giis
456 737 613 767 Toletana
638 735 822 777 metropolis
845 736 1034 766 obtinuerat.
1073 734 1169 766 Unde

378 789 536 830 ignaviae,
564 788 661 818 immo
687 787 820 829 pudoris
844 798 914 818 esse
938 785 1119 824 videbatur,
1144 787 1169 817 si

378 846 484 871 tantae
503 840 668 880 gravitatis
686 849 834 880 persona,
858 844 922 869 tam
942 838 1080 879 pinguis,
1105 843 1168 868 tam

379 891 526 931 rotunda,
544 898 606 922 tam
625 889 823 921 delectabilis
841 901 969 920 suorum
988 891 1172 931 privaretur

379 943 534 984 dignitate
566 941 858 983 praedeeessorum.
915 941 1065 973 Ceterum
1097 940 1173 972 licet

381 995 482 1037 plenis
506 994 659 1025 arrideret
685 992 850 1033 calicibus,
877 999 945 1024 erat
972 994 1055 1024 enim
1081 993 1172 1024 fortis

381 1046 420 1077 ad
447 1045 619 1077 bibendum
646 1045 765 1083 vinum,
798 1044 871 1075 lieet
900 1044 968 1075 dies
999 1050 1174 1086 noctesque

381 1104 536 1137 sterteret,
569 1096 701 1137 vigilare
731 1097 814 1126 enim
846 1107 908 1126 non
938 1102 1073 1138 poterat,
1103 1095 1176 1127 licet

382 1154 523 1180 ventrem
549 1147 681 1178 haberet
705 1147 876 1188 pontificis,
908 1148 1060 1189 turgebat
1090 1149 1173 1178 enim

381 1207 493 1232 venter
517 1205 666 1231 extentus
691 1210 752 1229 non
774 1192 952 1238 modicum,
982 1205 1092 1241 utpote
1121 1199 1174 1230 ubi

382 1252 482 1283 salmo
514 1257 598 1282 totus
631 1261 694 1280 uno
726 1250 860 1291 prandio
892 1250 1018 1292 sepeliri
1044 1262 1174 1282 consue·

380 1310 480 1341 verat,
504 1302 580 1333 lieet
597 1303 799 1333 innocentem
822 1301 1033 1343 proscribere,
1057 1303 1174 1334 iustum

381 1355 540 1397 persequi,
573 1365 747 1395 pauperem
781 1354 933 1394 inescare,
965 1355 1031 1385 suis
1063 1354 1175 1396 orpha-

380 1417 455 1437 num
489 1406 690 1447 patrimoniis
722 1405 878 1437 violenter
908 1417 1082 1448 emungere
1107 1405 1176 1437 reli-

381 1459 490 1499 gioni*
518 1457 721 1495 asscriberet‚
753 1456 825 1488 licet
856 1458 887 1488 in
916 1458 1065 1489 omnibus
1090 1468 1175 1488 men-

382 1510 432 1540 tiri
451 1513 620 1549 satageret,
645 1509 802 1550 siquidem
822 1509 918 1540 modo
935 1509 1079 1540 veritatis
1096 1509 1175 1540 forte

382 1561 541 1601 attigisset
567 1561 786 1599 verecundari,
809 1560 884 1592 lieet
908 1561 1085 1602 praefinitis
1110 1560 1175 1602 pol-

384 1612 461 1643 leret
478 1611 649 1642 virtutibus
667 1613 856 1654 ceterisque,
881 1612 999 1654 quibus
1016 1612 1076 1644 hac
1100 1618 1175 1643 tem-

384 1668 506 1705 pestate
530 1664 732 1704 pinguissimi
751 1670 980 1705 promoventur
997 1664 1176 1706 pontifices,

384 1716 512 1746 minime
539 1722 643 1746 tamen
664 1715 828 1746 Romanae
852 1715 1029 1747 aecclesiae
1052 1715 1176 1758 legatus

384 1766 584 1804 habereturb,
623 1767 683 1796 nisi
719 1767 880 1808 preciosas
916 1767 1175 1810 supradictorum

384 1818 534 1859 reliquias
574 1818 738 1849 martirum
776 1818 918 1849 Romano
957 1824 1177 1861 praesentaret

385 1870 537 1911 pontifici.

447 1922 475 1952 2.
524 1921 582 1951 Ilis
606 1932 682 1963 ergo
707 1922 858 1962 munium,
887 1928 981 1964 prout
1005 1921 1176 1953 videbatur

385 1973 618 2012 necessarium,
682 1972 858 2004 Romanam
913 1974 1076 2016 ingressus
1128 1979 1175 2005 est

609 2025 707 2055 Facta
738 2036 812 2055 vero
844 2026 986 2056 oratione
1014 2027 1044 2056 in
1076 2025 1175 2056 eccle-

384 2075 429 2105 sia
462 2075 545 2105 beati
580 2076 662 2106 Petri
696 2077 852 2118 principis
883 2076 1101 2118 apostolorum
1136 2076 1175 2107 ad

387 2126 551 2157 Urbanum
585 2127 746 2159 tendebat.

384 2025 555 2055 civitatem.

796 2128 876 2159 Cum
908 2140 984 2159 vero
1023 2128 1177 2159 clamaret

385 2178 424 2207 :ul
461 2178 609 2211 hostium.
647 2180 728 2209 hoc-⁰
763 2192 780 2210 a
815 2181 949 2211 ianitore
984 2191 1174 2221 responsum

385 2230 522 2270 accepit:
556 2231 600 2259 ‘si
626 2232 697 2272 quis
723 2232 847 2272 ingredi
872 2231 968 2263 habet
992 2231 1030 2262 ad
1056 2242 1174 2273 papam

388 2280 502 2310 Albino
560 2282 781 2313 introducente
1023 2282 1174 2313 accedat'.

390 2331 457 2361 Ilm·
481 2332 589 2362 audito
608 2334 741 2363 Gai-sias
759 2335 897 2372 nomine,
921 2335 975 2376 qui
994 2345 1065 2365 cum
1083 2333 1175 2366 Tole-

839 2294 971 2314 Securus

353 2397 363 2413 α
386 2389 459 2413 tano
479 2383 556 2413 sorte
574 2384 757 2423 wlverwrat‚
775 2386 955 2417 ‘subridens
972 2387 1033 2417 ait:
1055 2386 1174 2425 ‘Quare

386 2445 462 2474 ergo
502 2435 530 2464 in
567 2435 887 2476 supet-limium-ibus¹¹
922 2437 1036 2467 domus
1075 2444 1105 2468 et
1144 2438 1175 2468 in

388 2485 532 2526 postibus
557 2494 719 2527 portarum
738 2487 847 2518 titulus
870 2489 926 2518 iste
951 2489 1088 2530 scriptus
1112 2499 1175 2519 non

387 2536 511 2577 legitur.
544 2543 575 2568 ut
606 2538 794 2569 accedentes
818 2539 856 2569 ml
882 2550 997 2581 papam
1031 2541 1175 2571 extranei

389 2588 562 2618 Romanam
588 2589 848 2620 consuetudinem
868 2596 1067 2631 pernotatum
1092 2591 1177 2623 vide-

499 2697 524 2718 n)
546 2694 683 2725 remigium
707 2694 735 2717 A.
813 2695 839 2718 lui
863 2695 972 2719 liabvtur
994 2696 1024 2719 A.

501 2791 524 2823 l)
551 2790 593 2823 Cf.
615 2791 710 2825 prucs.
732 2800 761 2824 μ.
781 2791 849 2817 423.

1101 2698 1127 2722 (τ)
1148 2696 1185 2720 ila
1207 2697 1245 2725 B,·
1266 2696 1282 2721 h
1300 2700 1400 2728 puncto
1421 2697 1471 2722 del.
1492 2697 1524 2722 A.

759 134 987 162 TRACTATUS
1010 133 1177 160 GARSIAE
1199 132 1425 159 THOLETANI
1449 132 1633 159 CANONICI

1607 220 1644 251 B.

1227 273 1310 303 enim
1336 271 1420 303 idem
1445 270 1644 302 'l‘holetanus
1667 271 1707 302 ad
1731 272 1908 313 Aquitanie
1935 271 2019 312 lega-

1227 324 1345 354 tionem
1360 329 1378 362 ¹,
1411 333 1506 364 quarn
1538 334 1578 354 ex
1610 322 1695 354 beati
1720 323 1870 364 Gregorii
1895 323 2017 354 ordina-

1226 375 1312 405 tione
1335 375 1475 416 antiquis
1498 374 1723 406 attestantibus
1741 373 1920 416 privilegiis
1936 373 2019 405 Tho-

1225 425 1332 456 letana
1355 425 1540 467 metropolis
1563 425 1757 457 obtinuerat.
1809 425 1903 457 Unde
1931 426 2017 467 igna-

1227 477 1287 515 vie,
1317 477 1402 508 unde
1426 477 1559 519 pudoris
1582 489 1651 508 esse
1675 477 1855 516 videbatur,
1884 478 1911 507 si
1935 482 2020 508 tante

1228 529 1396 569 gravitatis
1431 539 1577 570 persona,
1609 534 1672 560 tam
1706 529 1845 571 pinguis,
1877 534 1941 560 tam
1974 539 2021 560 ro-

1229 579 1338 618 tunda,
1362 585 1425 610 tam
1452 579 1660 618 delectabilis,
1685 591 1815 611 suorum
1841 581 2022 621 privaretur

1230 631 1387 671 dignitate
1424 631 1699 672 predecessorum.
1759 631 1911 663 Ceterum
1948 631 2022 662 licet

1230 682 1335 724 plenis
1355 683 1511 714 arrideret
1527 683 1683 714 calicibus
1699 702 1734 706 —
1748 689 1815 714 erat
1831 683 1914 714 enim
1933 683 2023 714 fortis

1231 734 1271 764 ad
1296 733 1470 765 bibendum
1488 735 1608 774 vinum,
1632 734 1784 777 turgebat
1805 734 1888 765 enim
1914 740 2025 766 venter

1232 791 1381 817 extentus
1405 797 1469 816 non
1493 786 1667 826 modicum,
1697 791 1808 828 utpote
1831 786 1885 817 ubi
1911 785 2023 818 salmo-

1233 848 1303 869 nem
1338 843 1437 869 totum
1471 849 1534 869 uno
1563 838 1700 880 prandio
1730 837 1859 880 sepeliri
1893 848 2023 868 consue-

1232 894 1332 920 verat.

1301 1921 1329 1952 2.
1366 1921 1428 1952 Hie
1445 1932 1520 1952 vero
1545 1922 1686 1952 munitus
1710 1922 1929 1963 preciosorum
1948 1931 2028 1952 mar-

1237 1973 1332 2004 tirum
1351 1972 1460 2003 Albini
1484 1978 1580 2015 atque
1598 1973 1702 2004 Rufini
1728 1973 1872 2015 reliquiis
1894 1972 2027 2004 Romam

1238 2025 1403 2066 ingressus
1424 2030 1480 2056 est.
1515 2024 1613 2056 Facta
1630 2036 1705 2056 vero
1722 2025 1865 2056 oratione
1881 2023 1913 2055 in
1930 2023 2029 2056 eccle-

1238 2077 1285 2107 sia
1316 2076 1401 2107 beati
1435 2076 1519 2108 Petri
1550 2076 1770 2118 apostolorum
1803 2075 1958 2118 principis
1989 2074 2028 2106 ad

1239 2127 1455 2159 Lateranense
1479 2126 1631 2169 palatium
1654 2128 1801 2159 accessit.
1847 2126 1929 2159 Cum
1953 2137 2029 2158 vero

1238 2178 1390 2210 clamaret
1409 2179 1448 2210 ad
1467 2178 1616 2217 hostium,
1641 2179 1700 2210 hoe
1716 2190 1734 2210 a
1751 2179 1885 2210 ianitore
1902 2188 2031 2220 respon-

1238 2242 1307 2262 sum
1340 2231 1484 2272 aceepit:
1520 2230 1565 2261 ‘Si
1601 2232 1673 2272 quis
1707 2230 1831 2273 ingredi
1862 2229 1960 2261 habet
1990 2229 2029 2260 ad

1238 2293 1366 2325 papam,
1404 2293 1536 2313 securus
1570 2281 1704 2313 accedat
1737 2281 1855 2313 Albino
1889 2280 2029 2312 introdu-

1238 2335 1348 2365 cente’.
1394 2333 1466 2364 Hoc
1491 2333 1600 2364 audito
1625 2334 1674 2364 vir
1694 2333 1870 2376 Hispanus,
1895 2332 2029 2364 Garsias

1236 2385 1374 2423 nomine,
1399 2386 1453 2427 qui
1476 2396 1547 2416 cum
1565 2384 1744 2416 Tholetano
1760 2385 1841 2416 forte
1857 2383 2032 2416 advenerat

1238 2437 1409 2468 subridens
1433 2437 1491 2468 ait:
1516 2436 1635 2476 ‘Quare
1651 2447 1729 2479 ergo
1753 2437 1784 2468 in
1809 2435 2031 2478 superlimina-

2040 435 2052 454 5

2046 692 2071 710 10

2047 949 2072 969 ίῦ

2047 1206 2074 1224 20

2046 1463 2074 1483 25
2115 1454 2121 1482 '.

2048 1719 2076 1739 ³⁰

2049 1982 2076 2002 ³5

2049 2240 2077 2260 (0

2111 1581 2121 1610 ἱ
2130 1561 2132 1567 ,

2110 1656 2121 1735 2·

2103 1747 2132 1840 ξε

2102 1843 2117 1895 ι

2100 2129 2111 2178 ι,

2095 2206 2111 2250 ὲ

2096 2251 2110 2333 s

1238 2487 1327 2519 ribus
1351 2489 1464 2519 domus
1489 2493 1519 2520 et
1542 2489 1572 2519 in
1596 2488 1745 2530 postibus
1771 2493 1935 2530 portarum
1959 2487 2028 2518 titu-
2049 2497 2078 2518 ⁴5
2097 2491 2111 2503 ·'

1239 2540 1287 2570 lus
1312 2540 1371 2571 iste
1394 2541 1531 2582 scriptus
1548 2551 1610 2571 non
1632 2539 1759 2581 legitur,
1782 2544 1818 2571 ut
1839 2537 2030 2571 accedentes

1239 2591 1280 2622 ad
1313 2592 1418 2633 ipsum
1449 2592 1593 2623 extranei
1619 2591 1796 2622 Romanam
1825 2589 2029 2622 eonsuetudi-

1602 2697 1630 2722 d]
1654 2696 1758 2721 sublim.
1780 2695 1812 2721 A.

2086 2572 2104 2736 ἐ

2080 2738 2101 2870 l

2065 2875 2102 3067 Ξ
2118 2913 2120 2918 ,
