2132 3067
183 985 188 1001 ι
204 982 332 1005 Pru-‚esth

217 1036 253 1055 ps.
266 1036 331 1056 9801.

248 1084 301 1103 Iud.
313 1084 332 1103 8.

193 1137 259 1155 Hehr.
271 1137 304 1158 1⁴3.
313 1137 333 1155 2.

228 1240 256 1258 n).
271 1240 302 1261 12,
314 1241 332 1258 1.

190 1911 195 1926 1
210 1908 262 1927 Smin

254 571 261 579 ⁴
276 572 330 590 ›⁴⁴31-

279 1909 337 1929 24³3.

262 2060 269 2068 ⁸
283 2062 329 2080 «Ali»

350 161 412 192 ‘2‘26
774 160 825 186 DE
848 159 1020 187 UNITATE
1042 158 1254 186 ECCLESIAE
1276 158 1569 186 CONSERVANDA.

351 252 629 293 iliqnitatibusque
653 250 816 280 distinctis
847 249 960 289 officia
978 250 1152 290 potestatis
1180 249 1352 289 utriusque
1382 248 1546 288 discrevit,
1575 258 1648 279 suos
1676 248 1785 279 volens
1806 247 1996 279 medicinali

351 304 532 333 humilitate
562 301 698 340 salvari,
728 312 792 331 non
824 300 971 330 bumana
1001 299 1157 340 superbia
1187 300 1351 341 intercipi,
1382 304 1417 329 ut
1445 304 1474 330 et
1503 299 1683 330 christiani
1706 300 1916 340 imperatores
1935 311 1995 341 pro

351 360 482 385 aeterna
509 354 574 383 vita
597 352 806 393 pontificibus
829 352 1016 393 indiyerent
1039 355 1067 381 et
1085 351 1256 391 pontifices
1281 362 1345 391 pro
1368 349 1595 391 temporalium
1626 362 1728 381 cursu
1757 362 1865 382 rerum
1895 352 1995 392 impe-

350 406 489 435 rialibus
519 403 793 445 dispositionibus
830 407 1006 442 uterentur,
1040 404 1200 442 quatinus
1228 401 1393 443 spiritalis
1427 402 1511 432 actio
1544 414 1565 432 α
1595 401 1826 442 temporalibus
1860 402 1997 433 distaret

353 457 541 487 incursibus
565 461 592 486 ct
613 455 681 485 Deo
704 454 852 485 militans
874 455 1005 485 minime
1027 465 1060 484 se
1083 454 1224 495 ncqotiis
1246 453 1472 484 saecularibus
1495 453 1690 494 implicaret,
1713 458 1741 483 et
1764 454 1907 485 vicissim
1931 465 1997 485 non.
2016 465 2029 484 5

350 508 404 539 ille
426 507 520 538 rebus
551 507 675 537 divinis
695 505 890 547 praesidere
919 506 1094 545 videretur,
1125 506 1182 546 qui
1211 509 1288 535 esset
1320 505 1459 546 negotiis
1482 505 1709 536 saecularibus
1732 505 1932 546 implicatus,
1963 510 1998 536 ut

351 565 378 589 et
402 560 559 590 modestia
582 559 753 598 utriusque
773 557 902 588 ordinis
918 558 1115 596 ‘curm-etur,
1139 567 1178 586 ne
1201 555 1407 587 emtolleretur
1430 561 1564 598 utroque
1586 555 1749 597 suffultus,
1773 560 1800 587 et
1816 561 1996 597 competens

352 611 565 652 qualitatibus
590 609 753 640 actionum
777 607 964 649 specialiter
983 608 1148 649 professio
1173 612 1353 644 aptaretur.
1400 607 1493 638 Hanc
1516 607 1578 638 Dei
1609 607 1881 649 dispensationem
1912 608 1998 650 quis-

352 663 424 704 quis
456 661 628 701 diligenter
659 660 842 691 considerat
871 659 961 690 iuxta
988 659 1131 690 divinam
1155 659 1322 701 utriusque
1354 658 1522 700 potestatis
1546 658 1791 698 ordinationem,
1822 659 1999 700 perspiciet

353 725 429 744 sane
461 714 491 743 in
524 713 582 743 hoc
613 723 741 754 quoque
773 723 830 753 per
853 709 1098 742 Hildebrantum
1130 717 1161 742 et
1188 711 1359 752 episcopos
1390 711 1458 742 eius
1483 720 1633 751 magnam
1659 716 1822 752 operatam
1846 721 1916 742 esse
1938 711 1997 741 ini·
2020 723 2048 742 ιο

353 765 518 807 quitatem,
544 765 609 806 qui,
634 774 705 794 cum
731 774 787 804 pro
813 763 988 804 pontificali
1013 762 1170 804 dignitate
1195 774 1256 793 non
1275 761 1429 793 deberent
1451 761 1501 792 vel
1525 762 1663 803 negotiis
1687 761 1908 793 saecularibus
1931 773 2000 794 sese

353 816 529 858 implicare,
560 820 796 857 usurpaverunt
819 815 879 846 sibi
905 815 1142 846 ordinationem
1166 814 1272 854 regiae
1297 813 1462 855 dignitatis
1487 818 1597 844 contra
1622 813 1682 844 Dei
1709 813 1946 845 ordinationem
1969 820 2002 845 et

353 874 464 900 contra
498 879 590 898 usum
626 873 722 909 atque
756 865 960 908 disciplinam
993 865 1162 905 ecclesiac;
1198 872 1228 896 ct
1259 866 1333 906 quia
1365 866 1426 907 ipsi
1457 865 1629 895 noluerunt
1659 864 1857 896 Henrichum
1890 876 1997 907 regem

353 930 498 961 regnare,
531 919 652 949 idcirco
684 918 787 949 noluit
814 919 910 949 ctiam
941 918 1078 959 scriptor
1108 917 1292 958 propositae
1321 916 1476 958 epistolae
1508 927 1616 957 regem
1647 927 1719 947 eum
1744 915 1917 958 appellare,
1944 915 1999 948 sed

354 972 434 1002 miro
466 971 561 1001 modo
591 982 662 1001 eum
695 970 908 1007 inhonoravit,
940 980 1034 1011 quein
1068 968 1157 999 Deus
1193 979 1249 1010 per
1280 967 1461 1010 apostolum
1499 979 1592 998 suum
1624 968 1754 1000 Petrum
1788 967 2001 999 honorificare
2022 981 2048 1000 ιε

354 1023 523 1064 praecipit,
547 1023 698 1064 quoniam
724 1027 750 1052 et
775 1022 878 1052 honor
901 1021 987 1062 reqis
1010 1021 1171 1051 iudicium
1196 1021 1316 1061 cliliqit.
1354 1020 1397 1051 Et
1420 1020 1496 1062 quia
1519 1030 1576 1050 nos
1600 1020 1737 1051 instituti
1758 1019 1905 1051 doctrina
1926 1030 2000 1061 apo-

354 1074 425 1105 stoli
452 1073 548 1104 Iudae
572 1084 634 1104 non
659 1074 894 1114 praesumimus
918 1072 1169 1102 dominationem
1195 1083 1347 1113 spernere
1373 1070 1421 1102 vel
1446 1072 1646 1102 maiestatem
1664 1070 1898 1113 blasphemare,
1922 1071 2001 1102 iudi-

353 1136 464 1156 camur
487 1125 630 1156 extranei
656 1136 724 1155 esse
748 1125 788 1155 ab
812 1123 1026 1154 ecclesiastica
1050 1124 1288 1161 communione,
1313 1134 1386 1153 cum
1410 1124 1606 1163 aspicientes
1630 1124 1664 1153 in
1689 1128 1853 1154 auctorem
1867 1123 1953 1163 fidei
1975 1127 2001 1154 et

356 1182 642 1207 consummatorem
667 1176 783 1214 Iesum,
815 1174 987 1206 reddamus
1017 1175 1168 1216 potestati
1199 1186 1217 1205 a
1241 1175 1312 1206 Deo
1341 1174 1434 1205 nobis
1465 1173 1626 1215 praelatae
1657 1173 1756 1205 debiti
1787 1173 1916 1205 honoris
1939 1173 2003 1205 suf-

355 1228 503 1269 fragium,
534 1238 683 1267 magnam
709 1227 860 1257 babentes
882 1227 1066 1267 impositam
1091 1227 1203 1257 nubem
1228 1227 1366 1264 testium,
1395 1236 1452 1267 per
1479 1235 1614 1267 quorum
1644 1226 1830 1266 patientiam
1855 1224 1950 1257 simul
1972 1232 2003 1256 et
2022 1237 2049 1257 20

354 1280 533 1310 doctrinam
559 1289 723 1309 curramus
747 1277 787 1309 ad
812 1278 970 1319 propositi
987 1277 1173 1308 certaminis
1198 1276 1355 1308 bravium.
1394 1277 1534 1308 Sanctus
1558 1277 1643 1307 enim
1661 1277 1841 1319 Gregorius
1865 1277 1898 1308 in
1920 1276 2001 1308 libro

354 1330 392 1362 dc
417 1330 569 1372 pastorali
598 1341 675 1361 cura
705 1329 857 1371 proponit
880 1329 972 1360 nobis
995 1329 1178 1370 exemplum
1203 1328 1310 1360 Saulis
1336 1334 1432 1370 atque
1455 1328 1575 1366 David,
1607 1328 1768 1370 quomodo
1801 1328 1876 1360 boni
1905 1329 2001 1360 etiam

355 1388 449 1424 atque
479 1382 657 1413 eminentes
686 1382 717 1412 in
749 1380 886 1412 ecclesia
915 1381 974 1411 viri
1007 1380 1146 1412 debeant
1177 1379 1268 1412 malis
1300 1391 1429 1422 quoque
1452 1380 1632 1412 rectoribus
1656 1379 1777 1412 subditi
1801 1391 1880 1419 esse,
1911 1381 2002 1411 iuxta

356 1435 441 1476 quod
474 1433 581 1464 David
612 1432 741 1464 Saulem
775 1431 916 1474 pertulit,
948 1442 1042 1474 quem
1075 1431 1224 1463 videlicet
1254 1432 1500 1463 infestissimum
1528 1437 1768 1474 persecutorem
1801 1442 1894 1463 suum
1929 1442 2001 1462 curn

356 1491 464 1527 posset
492 1485 650 1524 occidere,
681 1484 784 1515 noluit
815 1483 998 1524 occidere¹;
1029 1484 1160 1525 insuper
1183 1489 1214 1515 et
1237 1484 1323 1515 viros
1347 1495 1432 1523 suos,
1460 1495 1500 1514 ne
1523 1489 1755 1525 consurgerent
1776 1484 1807 1515 in
1831 1494 1916 1523 eum,
1941 1495 2003 1515 ser·
2023 1495 2050 1515 25

356 1537 505 1568 monibus
529 1537 687 1578 confregit
709 1543 749 1576 et,
774 1535 859 1578 quod
883 1535 934 1566 vel
957 1545 1044 1566 oram
1069 1535 1249 1577 chlamydis
1272 1546 1349 1566 suae
1372 1535 1572 1576 abscidisset,
1597 1536 1764 1578 poenituit.
1809 1535 1904 1575 Quod
1927 1546 2002 1567 vero

356 1589 407 1619 hic
431 1599 574 1619 summus
598 1588 743 1630 pontifex
767 1594 798 1619 et
821 1588 973 1619 virtutum
998 1587 1114 1618 artifex
1138 1587 1255 1628 legitur
1278 1588 1485 1629 proposuisse
1509 1593 1540 1618 et
1563 1587 1721 1627 docuisse,
1753 1587 1866 1619 credas
1893 1597 2004 1618 omnes

356 1646 484 1671 sanctos
514 1645 620 1681 patres
651 1640 772 1682 pariter
801 1645 833 1670 et
863 1639 975 1670 fecisse
1004 1644 1034 1670 et
1065 1639 1227 1670 docuisse.
1272 1639 1372 1679 Boni,
1403 1639 1540 1680 inquit²‚
1570 1639 1703 1680 subditi,
1733 1639 1919 1681 siquando
1939 1650 2001 1680 pro

355 1693 547 1733 infirmatam
570 1704 601 1723 se
625 1692 784 1723 abstinere
808 1691 865 1721 via:
884 1696 1038 1731 possunt,
1069 1695 1104 1721 ut
1126 1695 1269 1722 eaetrema
1297 1691 1455 1732 quaedam
1489 1696 1584 1732 atque
1613 1692 1777 1722 exteriora
1795 1691 2002 1732 praeposito-

356 1755 429 1775 rum
459 1743 558 1783 mala,
587 1744 643 1774 sed
673 1748 780 1774 tamen
811 1743 977 1774 humiliter
1005 1743 1194 1784 loquantur,
1226 1744 1321 1784 quasi
1351 1753 1442 1773 oram
1471 1742 1655 1784 chlamydis
1685 1743 1816 1774 silenter
1837 1742 2002 1782 incidunt,
2021 1753 2049 1773 ³0

357 1797 437 1837 quia
462 1795 619 1835 videlicet,
642 1795 718 1826 clum
739 1794 912 1835 praelatae
928 1795 1088 1836 dignitati
1102 1793 1214 1825 saltem
1231 1795 1389 1825 innoaeiea
1412 1799 1440 1825 et
1455 1794 1592 1825 latenter
1607 1794 1779 1836 derogant,
1802 1794 1900 1836 quasi
1914 1795 2002 1836 reyis

357 1848 558 1888 superpositi
588 1851 701 1877 vestem
719 1846 872 1886 foedant,
904 1846 960 1876 sed
989 1851 1095 1876 tamen
1125 1846 1169 1876 acl
1199 1850 1293 1876 semet
1321 1846 1409 1886 ipsos
1440 1846 1574 1876 redeunt
1604 1857 1698 1888 seque
1731 1846 2002 1877 vehementissime

357 1899 610 1940 reprehendunt.
659 1898 751 1929 Unde
779 1902 806 1928 et
836 1897 913 1928 bene
943 1897 1008 1928 illic
1038 1898 1196 1938 scriptum
1228 1902 1283 1936 est,
1314 1898 1393 1939 quia
1416 1902 1488 1938 post
1513 1897 1590 1928 haec
1616 1897 1728 1928 David
1753 1898 1919 1938 percussit
1948 1908 2003 1928 cor

358 1962 462 1989 sunm,
492 1961 526 1980 eo
558 1950 646 1992 quod
677 1949 866 1980 abscidisset
897 1960 987 1980 oram
1017 1949 1200 1990 chlamydis
1224 1947 1318 1980 Saul.
1363 1948 1465 1980 Facta
1496 1949 1620 1991 quippe
1639 1949 1907 1990 praepositorum
1937 1949 2003 1980 oris

359 2001 471 2042 qlcicli'o
487 2002 647 2041 ferienda
664 2012 730 2032 non
747 2006 832 2040 sunt,
856 2002 952 2032 etiam
973 2013 1042 2032 cum
1061 2005 1143 2031 recte
1166 2000 1437 2041 reprehendenda
1462 2000 1663 2031 iudicantur.
1710 1999 1749 2031 Si
1772 2000 1906 2043 quando
1930 2011 2003 2031 vero
2021 2011 2049 2030 ³5

334 2077 338 2080 .
359 2058 474 2083 contra
498 2064 547 2084 eos
571 2053 618 2083 vel
643 2054 677 2084 in
700 2054 846 2084 minimis
867 2052 985 2093 linqua
1007 2052 1142 2092 labitur,
1169 2053 1306 2083 ‘necesse
1329 2057 1382 2087 est,
1413 2056 1446 2082 ut
1467 2063 1529 2092 per
1551 2051 1761 2092 afflictionem
1783 2052 2003 2093 poenitentiae

359 2116 414 2135 cor
428 2110 608 2145 prematur,
633 2105 790 2146 quatinus
814 2105 858 2135 ad
874 2109 966 2135 semet
984 2105 1091 2146 ipsum
1109 2104 1230 2143 redeat,
1255 2109 1292 2143 et,
1316 2115 1385 2134 cum
1401 2104 1616 2145 praepositae
1635 2105 1790 2144 potestati
1812 2104 2003 2142 deti-amerit,

359 2157 429 2185 eius
453 2161 565 2186 contra
591 2168 623 2186 se
646 2157 819 2195 iudicium,
843 2168 863 2186 a
887 2167 948 2197 quo
971 2155 1034 2186 sibi
1055 2156 1210 2196 praelata
1233 2160 1287 2195 est,
1308 2155 1548 2195 perhorrescat.
1593 2154 1679 2185 Nam
1705 2166 1777 2186 cum
1806 2156 1840 2186 in
1863 2165 2003 2196 praepo-

359 2209 435 2237 sitos
467 2207 697 2248 delinquimus,
726 2208 806 2247 eius,
837 2208 950 2248 inquit,
981 2207 1194 2247 ordinationi,
1224 2208 1282 2249 qui
1305 2218 1356 2237 eos
1386 2206 1476 2238 nobis
1495 2206 1665 2247 praetulit,
1689 2206 1863 2238 obviamus
1910 2205 2003 2238 Unde

359 2259 452 2289 etiam
483 2270 554 2288 cnm
587 2258 679 2299 longe
709 2259 834 2300 lateque
865 2259 1085 2289 excrevissent
1115 2259 1309 2289 simoniacae
1340 2264 1370 2289 et
1392 2258 1626 2299 neophytorum
1652 2257 1789 2297 hereses,
1816 2257 1900 2288 idem
1925 2256 2004 2288 Gre-
2021 2269 2050 2288 ιο

359 2311 467 2350 gorius
492 2321 589 2351 super
613 2311 669 2340 hac
695 2322 727 2341 ro
750 2310 844 2341 valde
868 2309 1022 2341 sollicitus
1046 2321 1108 2340 non
1127 2311 1303 2350 minaciter,
1327 2310 1381 2340 sed
1399 2308 1592 2350 suppliciter
1615 2308 1688 2340 inde
1712 2310 1778 2349 egit
1799 2309 1885 2351 apud
1906 2309 2003 2339 Fran-

360 2372 467 2391 corum
487 2373 588 2401 reges.
628 2362 777 2401 Paterno,
802 2362 937 2403 inquit³‚
962 2373 1014 2393 vos
1036 2362 1218 2392 salutantes
1238 2361 1352 2402 affectu
1375 2362 1525 2403 petimus,
1546 2360 1852 2402 praecellentissimi
1866 2360 1946 2401 filii,
1968 2365 2004 2391 ut

361 2413 543 2443 detestabile
574 2414 628 2442 buc
655 2413 771 2443 malum
797 2414 997 2443 simoniacae
1021 2413 1139 2443 liei-esis
1171 2425 1208 2443 ac.
1233 2413 1467 2454 neophytorum.
1495 2413 1532 2444 (Ic
1555 2414 1650 2453 rngni
1673 2413 1770 2443 vestri
1789 2411 1917 2452 finibus
1939 2416 2002 2443 stu—

362 2464 466 2493 deatis
489 2464 663 2504 probibet-i,
688 2470 714 2493 et
740 2464 829 2494 nulla
855 2465 947 2504 apud
972 2476 1024 2495 vos
1047 2465 1226 2504 eaecusati0‚
1253 2465 1347 2495 nulla
1370 2470 1483 2495 contra
1508 2465 1652 2494 animam
1680 2469 1818 2494 vestram
1840 2464 2003 2505 suqqestio

360 2515 460 2545 lucum
493 2516 649 2553 inveniat,
679 2517 756 2557 quia
778 2517 940 2555 facientis
969 2516 1082 2556 procul
1113 2517 1211 2547 dubio
1241 2517 1371 2557 cuipam
1397 2516 1498 2555 habet,
1527 2516 1584 2558 qui
1606 2515 1693 2557 quod
1714 2519 1817 2556 potest
1839 2515 2003 2555 corrigere
2021 2525 2049 2545 45

362 2565 496 2606 rie-qli-qit
527 2566 706 2596 emendat-c.
755 2566 842 2597 Haec
873 2566 1008 2607 legimus
1037 2573 1181 2598 sanctum
1215 2567 1408 2609 Gregoriuin
1440 2567 1606 2608 scripsisse
1637 2572 1668 2597 et
1701 2565 1860 2605 docuisse,
1893 2570 1935 2605 et,
1968 2570 2004 2596 ut

362 2617 476 2647 multos
509 2616 709 2649 lucrificaret.
744 2630 776 2647 se
807 2630 934 2648 servum
966 2620 1120 2659 omnium,
1154 2620 1326 2661 praecipue
1359 2624 1465 2650 autem
1501 2629 1612 2659 regum
1647 2623 1742 2660 :itque
1773 2618 2000 2660 imperatorum

361 2668 488 2707 fecisse;
524 2669 659 2709 ideoque
681 2668 809 2699 videtur
837 2670 929 2699 nobis
961 2669 1020 2700 hoc
1043 2682 1246 2712 consequens
1273 2682 1335 2701 non
1360 2681 1439 2709 esse,
1471 2676 1505 2701 ut
1532 2670 1733 2701 constituerit
1762 2680 1854 2711 reges
1876 2668 2002 2712 aliquos

471 2752 495 2779 n)
520 2751 643 2774 innoxiw·
669 2753 688 2775 1.

469 2816 496 2844 1)
522 2817 565 2848 (js.
584 2816 624 2847 ΙΙ,
643 2826 666 2843 c.
688 2817 712 2848 l,
736 2825 822 2850 supra
843 2825 872 2850 11·
892 2816 961 2842 2¹12.
1028 2817 1057 2850 2)
1082 2818 1190 2851 Regula
1211 2822 1320 2851 pastor.
1338 2818 1356 2844 I.
1375 2818 1432 2850 III,
1457 2827 1480 2844 c.
1498 2819 1526 2853 4,
1553 2817 1623 2852 Opp.
1642 2817 1682 2850 ΙΙ,
1707 2817 1758 2844 col.
1773 2817 1821 2844 39.
1888 2816 1919 2851 3)
1940 2816 2000 2844 Ioh.
2021 2823 2050 2844 50

363 2868 447 2893 Diae.
474 2867 499 2893 Γ.
525 2867 659 2901 Greqorii
681 2867 738 2901 Ill,
761 2877 784 2893 e.
803 2868 828 2898 ⁸2,
857 2867 926 2901 Opp.
946 2867 996 2899 IV,
1021 2868 1072 2895 eol.
1091 2869 1146 2900 82:
1168 2868 1246 2901 Jaffc'
1270 2879 1310 2894 nr.
1332 2869 1420 2895 1544.
