2132 3067
298 377 323 398 ’γ
340 375 374 393 7³.

261 429 315 447 Mal.
327 428 345 446 ²2.
356 427 375 445 5.

395 170 457 200 {23²2
820 171 872 197 DE
894 170 1065 197 UNITATE
1088 170 1300 197 ECCLESIAE
1323 170 1617 199 CONSERVANDA.

395 262 473 293 dens
497 260 601 291 nudus
626 261 755 290 omnino
779 259 930 290 dimissus
950 264 1007 298 est,
1031 264 1062 290 et
1080 258 1284 290 Adalberdus
1299 258 1552 290 lVormaciensis
1569 258 1725 290 ecclesiae
1742 259 1913 302 episcopus
1930 267 2043 302 captus

395 320 443 343 est
467 319 497 343 et
522 313 586 353 regi
613 311 776 342 Henriclio
802 310 937 350 oblatus,
969 310 1063 341 simul
1087 317 1117 342 et
1142 310 1358 342 Herimannus
1382 310 1493 351 Magni
1518 310 1609 341 ducis
1638 316 1782 352 patruus,
1813 321 1894 342 unus
1924 311 2044 343 scilicet

395 365 433 396 de
458 363 668 406 principibus,
693 363 722 392 in
749 362 866 403 quibus
890 374 953 393 non
977 368 1024 393 est
1047 361 1163 394 salus¹.
1217 363 1334 404 Igitur:
1366 362 1499 392 Pactum
1524 373 1638 402 meum,
1661 361 1741 393 dicit
1763 362 1948 404 'Dominus,
1969 363 2044 404 fuit

397 428 467 447 cum
486 416 562 445 Levi
585 415 670 445 vitae
693 419 720 444 et
741 415 858 455 pacis7·
883 413 940 445 sed
956 425 1015 445 vae
1031 414 1215 455 prophetis,
1238 415 1297 455 qui
1315 413 1559 456 prophetabant
1575 414 1613 444 de
1630 414 1780 445 cordibus
1796 416 1875 454 suz'S,
1898 420 1933 445 ut
1947 416 2044 446 inter-

228 468 300 486 fflffl'
319 467 374 489 ¹³⁸⁵*
389 468 447 507 fic«
457 472 525 497 rent
549 467 692 505 animas,
723 477 807 507 quae
830 470 916 496 non⁸
940 466 1137 504 moriuntur,
1161 471 1187 496 et
1213 466 1416 505 vivificarent
1440 466 1582 504 animas,
1611 477 1693 507 quae
1716 476 1781 496 non
1806 467 1930 505 vivunt,
1957 477 2044 497 men-

264 498 297 516 15.
310 496 341 515 1⁴).

229 532 324 550 Malavh.
336 532 376 550 zu.

314 579 367 597 1080

317 1050 378 1069 1075.

316 1408 377 1425 10⁸1.

316 1614 379 1633 1084.

320 2025 381 2043 ¹08?

397 520 509 549 tientes
530 517 652 559 populo
676 528 742 548 meo
765 517 909 547 credenti
931 517 1120 556 mandatis;
1141 522 1278 558 propter
1301 517 1397 559 quod,
1421 517 1466 546 ait
1483 515 1654 555 Dominus,
1679 527 1696 546 o
1721 516 1913 558 sacerdotes,
1937 523 1964 547 et
1987 528 2045 559 eqo

397 570 473 601 <ledi
498 580 549 599 ros
573 568 822 609 contemptibiles
846 573 872 599 et
897 568 1034 599 humiles
1058 569 1204 599 omnibus
1222 568 1367 610 populis.
1420 567 1565 598 Tertium
1597 567 1713 599 deinde
1744 567 1900 609 praelium
1924 567 2044 599 factum

397 628 443 652 est
471 622 502 651 in
527 620 707 661 'l'huringia
731 619 907 650 MLXXX.
931 630 1015 650 anno
1039 620 1079 651 ab
1105 620 1322 650 incarnatione
1347 619 1491 659 Domini,
1516 618 1572 650 VI.
1598 619 1695 650 Idusb
1721 619 1928 660 Februarii23
1959 619 2044 662 quod

395 673 516 703 scilicet
539 671 697 713 praelium
721 671 882 702 alterutris
907 671 1038 711 regibus
1061 682 1176 714 parum
1201 682 1355 712 prospere
1379 671 1485 710 cessit,
1517 671 1669 713 quoniam
1694 681 1776 702 unus
1799 671 1944 710 victoria,
1967 669 2047 702 alter

398 724 541 755 Saxonia
567 724 708 763 caruit³3
733 723 789 754 sed
814 722 925 754 eodem
950 734 1034 754 anno
1059 734 1208 753 reversus
1233 728 1280 754 est
1304 723 1484 753 ilenrichus
1507 727 1754 764 expugnaturus
1771 721 1937 754 Saxonum
1962 721 2046 753 duri-

397 777 473 808 tiam
498 781 529 806 et
553 781 699 817 quartam
727 775 787 805 iam
812 779 923 805 contra
947 785 1002 805 eos
1029 775 1168 806 instituit
1190 785 1345 816 pugnam,
1377 785 1459 816 quae
1483 774 1568 804 faeta
1590 779 1638 805 est
1662 773 1737 805 IIII.
1761 773 1837 806 Idus
1861 774 2047 815 Octobris⁴,

397 827 525 870 quando
550 832 580 857 et
604 826 782 857 Ruodolfns
807 837 864 857 rex
889 825 932 856 ibi
958 827 1081 858 occisus
1113 832 1161 857 est
1192 832 1307 867 quarto
1336 837 1420 856 anno
1450 836 1527 856 suae
1556 825 1777 856 ordinationis.
1823 825 1878 856 Sic
1901 824 1952 856 ille
1975 836 2046 867 pro-

398 885 506 910 vectae
530 879 643 910 aetatis
666 879 715 908 vir
738 878 847 908 amisit
870 879 969 909 vitam
994 889 1066 909 cum
1091 888 1190 919 regno
1207 877 1379 917 Saxoniae,
1404 878 1496 908 cuius
1519 878 1692 919 praecipue
1715 888 1814 919 opera
1833 882 1908 909 ante
1924 876 2048 919 aliquot

398 941 497 961 annos
521 930 597 960 victi
621 935 695 960 sunt
719 930 876 967 Saxones,
908 940 979 960 cum
1013 930 1152 971 primum
1183 930 1364 971 coepissent
1393 935 1503 960 contra
1527 939 1635 970 regem
1660 928 1858 959 Henrichum
1883 927 2047 968 rebellare,

399 983 472 1013 licet
489 983 641 1012 maiorem
659 981 821 1011 exercitus
839 981 994 1012 iacturam
1018 982 1203 1023 acceperint
1226 982 1364 1011 victores
1389 992 1483 1022 quam
1509 981 1624 1017 victi-'³3
1652 979 1738 1022 quod
1762 979 1884 1012 scilicet
1907 981 2046 1022 primum

399 1035 483 1075 regis
508 1033 661 1064 ilenrielii
695 1031 850 1074 praelium
882 1037 992 1063 contra
1016 1034 1162 1064 Saxones
1186 1038 1312 1073 gestum
1345 1038 1393 1063 est
1422 1032 1454 1062 in
1478 1032 1678 1072 Thuringia⁶
1702 1042 1786 1063 anno
1811 1031 1982 1066 MLXXV.
2005 1031 2047 1063 ab

400 1087 620 1116 incarnatione
647 1084 788 1123 Domini,
814 1083 852 1114 V.
877 1084 953 1114 Idus
981 1085 1073 1115 Iunii.
1125 1084 1206 1115 Tum
1233 1084 1364 1126 quidem
1390 1089 1459 1114 erat
1484 1083 1660 1115 Ruodolfus
1684 1083 1751 1114 dux
1775 1083 1966 1123 Suevorum,
1996 1084 2049 1114 cui

399 1139 493 1168 etiam
519 1136 653 1167 dederat
676 1136 794 1176 Hagna
818 1136 1006 1177 imperatrix
1038 1147 1108 1166 eum
1140 1147 1238 1176 regno
1263 1135 1472 1176 Burgundiae
1496 1134 1593 1165 filiam
1618 1145 1708 1165 suam
1734 1136 1765 1166 in
1790 1136 1987 1177 coniugium,
2015 1140 2050 1166 ut

399 1190 466 1230 regi
491 1187 664 1225 Henricho,
696 1187 759 1217 filio
791 1197 859 1227 suo,
889 1193 973 1218 esset
1003 1193 1090 1218 tanto
1122 1186 1255 1225 fidelior,
1287 1192 1406 1228 quanto
1429 1187 1585 1217 affinitate
1609 1185 1705 1217 simul
1727 1191 1758 1217 et
1781 1185 1950 1218 benefieiis
1973 1197 2047 1218 con-

399 1241 568 1271 iunctior'.
622 1238 685 1269 Sed
710 1239 764 1280 qui
789 1239 877 1279 prius
901 1238 1004 1269 fuerat
1027 1238 1177 1270 defensor
1201 1239 1325 1280 imperii
1349 1244 1446 1280 atque
1470 1237 1570 1269 hostis
1595 1238 1773 1278 Saxonum,
1803 1243 1916 1280 postea
1945 1238 2049 1270 factus

399 1298 446 1323 est
470 1293 600 1322 invasor
624 1291 751 1331 imperii
775 1295 872 1332 atque
898 1301 954 1320 rex
979 1291 1155 1331 Saxonum,
1179 1295 1214 1321 ut
1237 1289 1461 1332 praevalerent
1484 1289 1606 1331 praelia
1629 1295 1660 1320 et
1682 1289 1855 1321 seditiones
1879 1300 2000 1321 eorum.

506 1343 554 1374 17.
602 1342 772 1383 l’erempto
797 1341 956 1383 siquidem
976 1341 1134 1373 Ruodolfo
1151 1353 1226 1383 rege
1244 1342 1421 1380 Saxonum,
1444 1342 1571 1384 paravit
1588 1341 1770 1373 Henrichus
1793 1353 1852 1372 rex
1874 1341 2048 1373 secundam

401 1395 630 1437 profectionem
663 1394 694 1424 in
718 1393 855 1433 Italiam,
886 1394 912 1424 si
945 1404 1008 1435 quo
1039 1398 1134 1435 paeto
1166 1400 1275 1435 posset
1298 1392 1427 1424 flectere
1451 1393 1490 1424 ad
1514 1393 1767 1424 misericordiam
1793 1392 2049 1424 Hildebrandum

400 1457 527 1489 papam,
552 1452 585 1476 ut
609 1456 720 1487 pacem
745 1444 919 1487 aliquando
944 1444 1081 1486 diligens
1106 1445 1312 1476 misereretur
1328 1444 1379 1476 vel
1403 1444 1560 1476 ecclesiae
1574 1444 1624 1476 vel
1641 1445 1685 1476 rei
1703 1443 1863 1486 publicae,
1887 1455 1969 1487 quae
1985 1445 2048 1476 iam

401 1498 520 1529 dudum
546 1498 671 1529 fuerant
696 1498 726 1527 in
751 1507 869 1538 magna
893 1496 1073 1528 defectione
1097 1508 1155 1538 pro
1179 1497 1366 1528 imminente
1385 1495 1540 1528 bellorum
1558 1501 1759 1538 tempestate.
1804 1496 1897 1527 Tunc
1919 1495 2049 1538 quidem

401 1556 491 1591 gesta
515 1555 598 1585 sunt,
627 1560 709 1591 quae
733 1549 902 1590 superius*
926 1548 1012 1580 dicta
1035 1554 1109 1580 sunt
1131 1548 1181 1580 vel
1209 1548 1248 1579 de
1273 1547 1447 1580 rebellione
1471 1559 1509 1579 ae.
1533 1548 1610 1590 fuga
1634 1547 1848 1579 Hildebrandi
1873 1559 1976 1590 papae
1998 1547 2050 1579 vel

401 1602 440 1633 de
464 1601 706 1632 consecratione
731 1600 902 1641 wigberdi
927 1601 957 1630 in
982 1600 1166 1642 pontificem
1196 1600 1282 1631 sedis
1312 1599 1508 1642 apostolicae
1531 1599 1581 1631 vel
1605 1599 1644 1630 de
1668 1599 1872 1632 ordinatione
1895 1599 2051 1631 Henrichi

402 1654 495 1694 regis,
524 1652 652 1694 quando
678 1652 779 1683 sactus
803 1658 851 1683 est
874 1653 1049 1693 imperator
1071 1657 1168 1694 atque
1191 1657 1346 1693 augustus
1375 1652 1467 1682 iuxta
1490 1651 1735 1693 dispositionem
1761 1651 1924 1683 Romanae
1948 1651 2050 1693 digni-

402 1706 486 1736 tatis.
532 1704 583 1735 Ex
608 1703 659 1734 illo
683 1710 825 1745 tempore
851 1714 934 1734 nunc
959 1710 1006 1735 est
1029 1714 1132 1734 annus
1157 1710 1289 1734 octavus
1300 1709 1321 1742 ⁹,
1345 1708 1377 1734 et
1400 1714 1439 1734 ne
1461 1703 1569 1734 adhuc
1585 1702 1715 1746 quidem
1732 1709 1860 1734 cessant
1875 1703 2051 1745 participes

405 1756 608 1787 liildebranti
634 1755 762 1786 studere
787 1755 890 1786 modis
914 1755 1074 1796 omnibus,
1099 1761 1133 1786 ut
1155 1766 1219 1786 non
1243 1755 1360 1787 habeat
1384 1755 1528 1786 Romana
1550 1755 1686 1786 ecclesia
1709 1754 1908 1786 Clementem
1933 1765 2051 1796 papam

404 1819 505 1850 neque
529 1819 580 1838 res
605 1806 735 1848 publica
758 1807 949 1837 catholicum
975 1807 1212 1848 imperatorem,
1238 1807 1297 1838 nisi
1318 1806 1516 1838 Herimanno
1541 1807 1608 1848 regi
1632 1806 1876 1848 despectissimo
1899 1806 2054 1837 succedat

403 1860 483 1891 :ilius
508 1871 563 1890 rex
588 1859 771 1900 despectior
794 1858 858 1900 illo,
883 1865 915 1890 et
938 1859 999 1889 nisi
1023 1858 1175 1890 succedat
1198 1859 1305 1890 ‘etiam
1331 1858 1488 1890 catholico
1512 1869 1617 1901 papae
1635 1858 1792 1890 Clementi
1807 1856 1922 1900 aliquis
1939 1857 2052 1890 hereti—

403 1923 468 1950 cus,
494 1912 577 1942 sieut
600 1911 698 1941 fuisse
722 1916 918 1942 monstratur
942 1910 992 1941 ille
1012 1910 1228 1942 Cassiniensis
1246 1909 1348 1941 abbas
1365 1910 1543 1951 Sergius¹⁰,
1569 1910 1623 1952 qui
1646 1915 1720 1952 post
1742 1908 1972 1940 discessionem
1995 1909 2053 1940 im-

404 1963 560 2005 peratoris
584 1974 624 1993 ex
642 1961 733 1992 Italia
750 1962 1015 1993 subintroductus
1039 1968 1096 2002 est,
1120 1967 1151 1993 et
1174 1973 1231 2003 per
1254 1961 1359 1993 studia
1376 1962 1517 2004 partium
1535 1961 1741 1993 Hildebranti
1758 1961 1936 2001 ordinatus,
1960 1961 2053 1992 cuius

404 2014 525 2046 scilieet
549 2014 679 2045 lionoris
703 2014 849 2055 rapinam
874 2025 937 2044 non
961 2014 1015 2045 diu
1040 2014 1218 2056 impunitus
1249 2015 1360 2054 tenuit,
1390 2014 1541 2056 quoniam
1572 2014 1602 2044 in
1634 2013 1706 2055 ipso
1735 2013 1948 2044 ordinationis
1976 2023 2053 2044 suae

406 2067 550 2107 ingressu
574 2065 776 2107 dysenteriae
801 2066 912 2097 morbo
937 2065 1058 2097 solutus
1083 2065 1221 2097 delicere
1251 2065 1367 2107 coepit,
1397 2076 1434 2096 ac
1462 2065 1558 2107 paulo
1584 2070 1656 2107 post
1678 2063 1860 2106 periculosa
1883 2070 1986 2096 morte
2009 2065 2053 2095 in·

516 2148 541 2178 a)
565 2147 636 2171 (ἱερεῖ
660 2150 680 2171 1.
751 2149 777 2177 b)
803 2149 939 2172 Kalendas
961 2148 1096 2179 leyemlum
1120 2148 1239 2173 ridetur.-
1260 2149 1295 2179 ρι’.
1317 2147 1429 2176 Stenzct,
1452 2148 1554 2172 ‘Gen-h.
1576 2147 1773 2171 Deutschlands
1794 2151 1871 2171 miter
1890 2147 1941 2172 den
1957 2146 2053 2178 friz'nk.

409 2192 528 2217 lx'm'sern‘
551 2193 590 2220 ll.
608 2202 635 2224 p.
652 2193 713 2218 ⁸255.

515 2268 542 2301 1)
574 2268 632 2293 llos
662 2277 752 2294 omnes
784 2269 941 2302 episcopos,
973 2278 1040 2303 quos
1071 2272 1263 2295 commemorat
1294 2269 1452 2296 walramus
1478 2269 1605 2303 fugisse,
1636 2277 1669 2294 ne
1701 2268 1799 2294 Bruno
1826 2267 1858 2302 (l.
1882 2266 1918 2301 l.)
1945 2267 2054 2303 quidem

409 2322 497 2352 neglext.
554 2320 611 2344 Sed
641 2329 732 2345 omnes
762 2320 814 2346 alii
843 2321 994 2354 scriptores
1020 2324 1135 2354 praeter
1168 2323 1289 2346 nostrum
1321 2321 1354 2346 de
1383 2321 1436 2347 hac
1470 2329 1500 2346 re
1531 2320 1603 2346 inter
1635 2329 1664 2346 ee
1698 2319 1871 2346 consentiunt
1901 2318 2055 2345 Henn‘cum

408 2370 455 2393 illo
475 2370 583 2402 proelio
608 2370 707 2396 rictum
732 2380 797 2399 essm
845 2372 872 2397 Ia*
894 2372 984 2398 verbis
1002 2371 1139 2397 11'0lrami
1161 2371 1230 2397 nihil
1253 2372 1333 2398 aliud
1356 2372 1452 2406 colliyi
1471 2375 1569 2406 potest,
1593 2372 1650 2397 nisi
1664 2371 1815 2397 Henricum
1839 2369 1947 2396 claram
1969 2370 2055 2396 victo-

408 2421 477 2445 rium
504 2422 538 2446 ab
562 2421 682 2447 hostibus
707 2427 872 2456 reportasse.
918 2423 1015 2457 Itaque
1038 2431 1111 2456 qnae
1132 2423 1254 2449 IIenrico
1278 2423 1344 2449 bene
1362 2427 1556 2457 processerunt
1579 2426 1772 2449 commemorat
1794 2421 1961 2454 ll'alramuo,
1984 2429 2056 2456 quae

407 2473 509 2505 (παυῐιι
534 2472 694 2498 acciderunt
717 2474 825 2499 silentia
844 2475 993 2507 praeterit.
1089 2474 1118 2507 ⁸2)
1143 2475 1225 2507 Apud
1249 2474 1426 2500 Flarcleheim
1451 2484 1478 2501 α.
1499 2475 1588 2500 1080.
1676 2474 1706 2507 3)
1731 2474 1796 2501 Post
1813 2472 1953 2507 proelium
1975 2472 2056 2498 mul&¹

407 2523 550 2556 principes
581 2525 726 2548 Sua-anim·
755 2534 770 2549 a
806 2525 928 2557 liudolfo
958 2526 1143 2551 desciverant.
1252 2524 1282 2559 4)
1311 2526 1394 2559 Apin!
1423 2526 1623 2552 Hohenmiileen
1653 2535 1680 2552 a.
1708 2525 1804 2559 1080,-
1834 2523 1872 2557 cs.
1898 2524 2054 2550 Brinnonem

410 2575 476 2602 (Nx.
498 2574 526 2606 Γ,
547 2584 575 2608 p.
591 2576 681 2607 3⁸12:
706 2575 823 2601 Factum
848 2580 888 2601 ost
915 2581 1008 2602 nutem
1033 2575 1087 2602 hoc
1113 2575 1254 2610 proelium
1280 2580 1412 2610 quartum
1437 2585 1512 2603 anno
1537 2577 1573 2603 ab
1598 2575 1798 2603 incarnatione
1821 2574 1938 2602 Domini
1964 2575 2054 2608 1080,

412 2625 509 2651 idibus
534 2625 669 2651 Octobris
699 2626 771 2652 feria
796 2628 828 2652 5:
865 2627 902 2659 vs.
927 2628 1110 2659 Grandr'dx'ssr,
1143 2628 1279 2653 ‘Histoire
1307 2628 1444 2655 d'Alsnce.
1475 2628 1603 2655 I’renves'
1626 2628 1667 2661 II,
1692 2637 1724 2663 p.
1744 2628 1813 2654 181.
1837 2630 1862 2653 et
1884 2627 2055 2653 Ber-rioldum

410 2678 479 2710 (Ss‘.
499 2677 680 2711 1’,μ.436).·
705 2681 731 2703 υτ
756 2681 859 2711 postca
882 2687 938 2704 nno
964 2679 1009 2704 die
1034 2682 1191 2712 superstes.
1217 2679 1352 2705 omnibus
1371 2679 1429 2705 suis
1447 2679 1500 2705 rite
1518 2679 1669 2712 ordinatis,
1694 2679 1730 2704 ad
1746 2677 1901 2705 Dominum
1917 2677 2057 2713 migrasse

411 2738 467 2754 non
498 2728 647 2754 dubitatur
671 2728 770 2754 Idibus
795 2729 938 2755 Octobris.
1060 2731 1089 2756 ὁ)
1123 2731 1218 2756 Ι.αηι1ι.
1244 2732 1315 2758 Arm.
1344 2731 1439 2756 low.-
1470 2731 1561 2756 mains
1584 2731 1709 2757 victores
1733 2738 1818 2765 quam
1841 2729 1934 2756 victos
1956 2729 2058 2755 tulisse

411 2779 603 2813 dispendium.
708 2780 736 2805 435
762 2781 843 2813 Apud
868 2781 1020 2815 Ilombury.
1129 2781 1157 2815 7)
1182 2782 1225 2814 (ss.
1250 2782 1393 2807 Lambcrti
1415 2783 1486 2809 Ann.
1511 2792 1538 2808 α.
1562 2783 1656 2808 1058.-
1679 2785 1711 2807 ut
1733 2781 1794 2815 regi
1818 2781 1847 2806 in
1871 2780 1967 2807 dubiis
1989 2783 2058 2806 tune

412 2831 497 2856 rebus
523 2840 556 2856 cx
580 2830 720 2856 affinitate
746 2830 906 2858 doxinctior
930 2831 1100 2866 fideliorque
1125 2832 1151 2857 in
1178 2841 1236 2858 rem
1261 2832 1408 2866 publicam
1432 2833 1516 2860 foret.
1585 2833 1614 2867 8)
1640 2833 1669 2859 (⁷.
1686 2832 1712 2860 7.
1727 2833 1743 2859 8
1758 2832 1795 2859 in.
1864 2831 1895 2867 9)
1918 2831 2058 2860 A.1092.

414 2883 461 2908 10')
486 2882 571 2908 Immo
598 2882 770 2908 l›es1'derins.

2067 734 2093 753 10

2069 992 2094 1011 1⁵

2068 1249 2095 1268 20

2069 1506 2096 1525 2⁵

2071 1763 2099 1783 ³0

2071 2020 2100 2040 85

2073 2325 2101 2345 ⁴⁰

2074 2788 2103 2862 ,ἐ

2089 2942 2098 2957 Δ
