2132 3067
318 152 380 181 240
745 151 796 177 DE
819 149 992 178 UNITATE
1015 149 1222 176 ECCLESIAE
1246 148 1540 177 CONSERVANDA.

316 248 410 283 parte
435 241 660 272 damnationis
684 250 795 270 nomen
822 239 1032 280 imperatoris
1057 239 1273 280 att1'9e²·imus,
1302 237 1359 269 sed
1381 239 1530 279 insuper,
1556 243 1731 280 postquam
1759 239 1898 281 adeptus
1922 244 1966 270 est

318 295 441 334 reqiam
462 296 659 333 potestatem,
691 291 882 330 honorificis
905 301 975 321 eum
999 289 1102 320 literis
1125 289 1272 321 salutare
1295 291 1495 320 curavimus.
1546 289 1738 321 Sacerdotes
1762 296 1878 331 autem,
1909 292 1966 332 qui

315 343 642 385 Jn·‹1evaricatoribus
667 354 698 373 se
722 345 979 374 communicasse
998 343 1143 382 propria
1167 353 1239 372 voce
1263 341 1404 382 confessi
1426 345 1512 380 sunt,
1544 352 1565 371 a
1592 342 1816 373 communione
1840 346 1964 384 aposto-

318 397 382 426 lica
407 395 634 425 submoverunt
659 394 836 425 (lecessores
859 395 930 431 mei,
962 393 1080 434 quibus
1109 393 1230 423 scilicet
1261 393 1428 423 damnatis
1450 393 1481 423 si
1504 393 1571 433 ipsi
1594 392 1704 434 placet
1727 394 1868 432 misceri,
1899 403 1964 424 non

314 451 415 488 potest
446 445 550 484 nobis,
582 446 696 487 inquit,
728 446 899 487 imputari,
931 456 951 475 α
984 445 1100 486 quibus
1129 445 1159 475 si
1187 444 1261 475 velit
1288 445 1470 485 imperator
1492 444 1669 481 abscedere,
1700 449 1790 475 tanto
1813 445 1920 485 mayis
1946 455 1965 474 a
1985 457 1997 476 ⁵

320 498 411 529 nobis
435 508 499 528 non
522 502 624 537 potest
647 508 713 528 esse
733 496 924 536 damnatus,
948 496 1004 527 sed
1016 497 1129 537 potius
1146 496 1190 526 ad
1205 497 1349 537 qratiam
1374 496 1523 526 sincerae
1539 496 1776 526 communionis
1791 495 1965 526 admissus.

319 549 360 579 Et
382 548 465 579 idem
488 547 657 579 Gelasius¹
682 547 855 579 ostendens
880 558 942 578 non
966 547 1062 578 licere
1086 558 1158 577 cum
1184 546 1315 588 perfidis
1339 546 1388 577 vel
1413 556 1483 576 eum
1509 547 1605 577 sociis
1628 546 1823 588 perfidorum
1848 545 1966 577 habere

197 611 214 626 κ
233 610 296 633 ‘ru--
319 605 525 638 conventum,
549 600 640 630 iuxta
664 599 750 641 quod
774 599 891 630 dicitur
914 599 946 629 in
971 598 1110 640 psalmo:
1135 599 1212 630 Non
1230 599 1300 629 sedi
1323 599 1356 629 in
1382 598 1522 629 concilio
1539 599 1700 629 vanitatis
1716 604 1744 630 et
1760 609 1831 629 cum
1847 599 1965 640 iniqua

176 1113 204 1131 cs.
216 1113 287 1131 Manu

201 1143 235 1161 25.
246 1143 280 1161 4Ιὶ-

220 1175 253 1199 ⁸1¹-
262 1177 295 1195 551.

151 1486 216 1504 Rom.
231 1487 250 1509 1,
260 1486 294 1504 32,

233 2158 286 2175 lons

316 651 501 693 qerentibus
525 663 588 682 non
615 651 776 682 introibo:
805 651 873 681 Nec
897 651 1118 690 ecclesiastici,
1148 650 1262 692 inquit,
1286 651 1385 681 moris
1408 655 1453 680 est
1477 662 1547 681 cum
1573 650 1624 680 liis
1649 651 1705 692 qui
1724 649 1885 691 pollutam
1909 650 1966 680 ha·

315 703 386 734 bent
410 704 663 734 communionem
684 704 949 744 permiaetamque
973 714 1042 733 cum
1067 702 1206 743 persidis
1228 703 1361 732 miscere
1385 701 1569 741 concilium,
1599 702 1751 743 quoniam
1777 701 1832 743 qui
1857 699 1966 731 volun·
1988 714 2014 732 ιο

316 755 396 786 tarie
419 759 583 785 sectantur
607 754 757 794 contagia
781 753 975 795 perfidorum
1009 755 1179 795 separati²
1209 759 1284 783 sunt
1307 758 1389 783 certe
1420 753 1458 784 ab
1489 753 1670 793 apostolica
1695 754 1786 792 sede;
1817 752 1965 795 ideoque,

316 808 373 845 ait,
408 818 478 837 cuni
510 805 631 836 talibus
661 810 689 836 et
721 805 815 846 apud
846 805 940 841 tales,
983 806 1111 836 etiamsi
1141 809 1219 836 esset
1254 816 1377 836 necesse
1402 804 1499 844 fleri,
1540 805 1632 836 nulla
1662 809 1790 846 posset⁸
1824 805 1966 845 synodus

315 859 499 899 provenire.

421 909 471 940 23.
525 908 611 949 Ergo
644 908 719 938 Pius
751 913 848 950 atque
880 908 1041 948 Urbanus,
1073 908 1194 938 Lucius
1225 909 1320 939 etiam
1353 913 1449 948 atque
1481 907 1697 949 Symmachus
1728 914 1759 938 et
1789 907 1968 949 Gregorius

318 960 453 991 Romani
477 960 646 1001 pontifices
669 960 905 991 constituerunt
930 960 989 990 sub
1014 959 1227 990 anathematis
1244 959 1500 1000 interpositione,
1524 965 1559 990 ut
1575 959 1707 1001 praedia
1723 959 1840 990 divinis
1856 960 1968 990 usibus
1989 972 2014 991 15

317 1012 435 1043 tradita
459 1018 489 1042 ct
513 1011 706 1042 caelestibus
737 1012 868 1042 secretis
897 1011 1003 1042 dicata
1030 1022 1124 1042 nemo
1156 1017 1341 1052 praesumat
1370 1011 1517 1042 humanis
1550 1011 1660 1042 usibus
1689 1011 1862 1052 applicare,
1892 1011 1967 1053 quia

318 1064 386 1094 sive
410 1063 566 1094 alienator
589 1064 656 1093 sive
680 1063 827 1094 venditor
849 1063 986 1094 alicuius
1010 1063 1220 1094 ecclesiastici
1245 1063 1378 1104 praedii,
1409 1063 1517 1104 magni
1548 1061 1598 1094 vel
1629 1063 1749 1104 exigui,
1780 1073 1852 1093 cum
1883 1063 1965 1093 acci—

318 1116 425 1157 piente
450 1115 569 1156 pariter
591 1114 775 1146 iudicantur
799 1126 867 1145 csse
892 1114 1049 1155 sacrilegi.
1102 1114 1144 1144 Et
1168 1125 1240 1144 cum
1265 1115 1340 1145 ituri
1365 1115 1429 1145 sint
1451 1121 1536 1145 certe
1560 1115 1651 1145 iuxta
1674 1114 1816 1146 divinam
1841 1120 1964 1145 senten-

316 1168 392 1198 tiam
418 1168 450 1197 in
474 1165 671 1207 supplicium
703 1171 878 1206 aeternum,
909 1167 963 1209 qui
995 1177 1035 1196 ex
1065 1166 1204 1207 propriis
1234 1165 1442 1196 facultatibus
1467 1169 1542 1196 'non
1567 1165 1735 1197 sublevant
1759 1166 1966 1197 necessitates

316 1228 508 1260 pauperum,
539 1217 617 1259 quid
642 1217 776 1258 dignum
800 1218 963 1248 aestimari
989 1218 1107 1259 poterit
1135 1217 1256 1248 iudicio
1279 1228 1317 1248 ac
1341 1209 1545 1248 damnatione
1575 1228 1696 1258 eorum,
1728 1219 1782 1260 qui
1813 1217 1966 1259 diripiunt
1987 1230 2013 1247 20

315 1270 430 1309 aliona,
454 1270 628 1310 praecipue
651 1274 758 1299 autem
784 1280 867 1311 quae
890 1274 965 1300 sunt
988 1269 1050 1300 Dei
1074 1267 1308 1299 ecelesiarum?
1352 1268 1436 1300 Ecce
1460 1269 1492 1299 in
1517 1269 1703 1310 supradicto
1727 1273 1889 1300 conventu
1912 1268 1967 1300 ad·

315 1326 414 1362 erant,
439 1321 493 1362 qui
517 1320 691 1351 multarum
716 1319 924 1352 ecclesiarum
951 1321 1176 1362 possessiones
1200 1326 1231 1351 et
1254 1320 1388 1362 praedia
1411 1320 1595 1352 invaserant
1618 1321 1739 1362 pariter
1762 1326 1793 1352 et
1816 1320 1966 1362 possede-

315 1378 397 1412 rant,
421 1379 452 1404 et
477 1372 537 1402 hoc
560 1373 604 1402 ita
628 1372 694 1402 tieri
720 1372 904 1403 sacerdotes
921 1372 1083 1403 Saxoniae
1104 1378 1343 1403 consenserant.
1389 1372 1452 1410 Qui
1477 1373 1561 1403 enim
1586 1371 1634 1403 his
1658 1383 1740 1414 quae
1763 1378 1838 1404 sunt
1859 1372 1966 1403 huius-

315 1424 401 1455 modi
432 1435 495 1454 non
524 1424 640 1455 restitit
671 1425 877 1465 suggestione
910 1435 974 1465 qua
1004 1425 1117 1466 potuit,
1148 1424 1318 1463 consensit,
1349 1434 1420 1454 cum
1451 1435 1490 1454 ex
1523 1425 1714 1456 auctoritate
1743 1424 1854 1455 divina
1881 1423 1967 1455 dicat

315 1475 490 1518 apostolus,
521 1487 583 1506 non
615 1475 717 1506 solum
749 1476 803 1518 qui
834 1475 957 1506 faciunt
986 1486 1086 1517 prava
1113 1487 1184 1507 reos
1212 1486 1292 1515 esse,
1323 1475 1379 1507 sed
1404 1480 1435 1507 et
1458 1476 1511 1517 qui
1537 1476 1742 1507 consentiunt
1764 1475 1965 1508 facientibus.
1985 1488 2012 1506 25

315 1528 457 1559 Primum
482 1527 612 1569 quidem
638 1527 742 1558 locum
768 1528 870 1559 tenuit
893 1528 924 1557 in
948 1526 1002 1558 illa
1025 1527 1269 1569 malignantium
1293 1526 1427 1558 ecclesia
1451 1527 1658 1569 supradictus
1682 1527 1758 1559 Otto
1784 1527 1966 1559 Hostiensis

315 1580 498 1621 episcopus,
531 1580 585 1620 qui
610 1590 694 1610 nunc
718 1590 736 1610 a
761 1579 947 1611 Saxonibus
976 1589 1151 1621 eorumque
1183 1578 1387 1610 consortibus
1417 1579 1536 1610 dicitur
1565 1590 1651 1622 papa
1674 1579 1839 1619 Urbanus,
1870 1590 1967 1622 super

315 1631 457 1673 qualium
488 1636 573 1662 certe
602 1630 725 1662 ambitu
757 1636 788 1662 et
818 1631 1020 1672 promotione
1051 1630 1212 1673 supplicat
1239 1631 1426 1672 imperatori
1452 1630 1625 1662 Gelasius⁸
1655 1642 1750 1673 papa,
1781 1631 1879 1663 immo
1908 1642 1966 1673 per

315 1683 481 1714 Gelasium
506 1681 665 1714 catholiea
688 1682 839 1713 ecelesia:
865 1682 1039 1721 Desinant,
1063 1694 1193 1724 quaeso,
1217 1687 1244 1714 te
1267 1683 1466 1724 temporibus
1489 1684 1555 1714 tuis
1579 1683 1713 1725 quidam
1736 1694 1798 1724 per
1821 1684 1963 1715 occasio-

315 1747 385 1766 nem
408 1734 667 1775 perturbationis
690 1735 928 1765 ecclesiasticae
948 1735 1213 1775 praecipitanter
1236 1734 1358 1766 ambire
1381 1746 1463 1777 quae
1487 1747 1552 1766 non
1575 1736 1683 1775 licent,
1706 1747 1746 1766 ne
1762 1740 1790 1766 et
1806 1735 1864 1766 illa
1881 1746 1965 1777 quae
1984 1745 2012 1764 so

314 1787 397 1817 mate
421 1790 580 1827 appetunt
603 1785 792 1817 nullatenus
817 1786 1072 1827 apprehendant
1098 1791 1126 1816 et
1155 1786 1280 1817 modum
1306 1798 1402 1817 suum
1427 1788 1519 1828 apud
1543 1787 1646 1818 Deum
1672 1787 1877 1829 hominesque
1899 1798 1963 1818 non

314 1843 453 1868 teneant.
501 1837 607 1878 Atque
631 1838 768 1868 iterum-²
791 1848 889 1878 super
912 1836 1068 1869 eiusmodi
1093 1836 1258 1879 alloquens
1284 1838 1380 1869 etiam
1405 1843 1550 1869 senatum
1575 1838 1770 1870 Romanum:
1794 1838 1849 1870 Ad
1870 1849 1962 1870 sena-

315 1895 391 1929 tum,
416 1889 528 1930 inquit,
551 1890 690 1930 pertinet
707 1889 904 1929 Romanum,
927 1894 961 1920 ut
983 1900 1104 1920 memor
1118 1888 1212 1929 fidei,
1236 1901 1333 1931 quam
1358 1902 1376 1920 a
1400 1891 1593 1931 parentibus
1614 1891 1795 1932 suscepisse
1811 1901 1843 1921 se
1858 1892 1964 1921 memi-

315 1942 374 1979 nit,
405 1942 562 1981 contaqia
592 1941 666 1971 vitet
696 1942 934 1972 communionis
963 1946 1127 1979 emim—nae,
1157 1951 1195 1971 ne
1227 1953 1247 1971 a
1279 1943 1503 1973 communione
1531 1942 1617 1973 sedis
1640 1941 1848 1982 apostolicae,
1877 1942 1964 1984 quod

316 1993 408 2031 absit,
440 1992 598 2022 reddatur
626 1997 788 2023 castet-nus.
842 1992 923 2023 Cum
955 1992 1038 2022 enim
1071 1992 1103 2022 in
1135 1991 1336 2024 ordinatione
1367 1993 1563 2024 successoris
1593 1993 1641 2024 sui
1673 1992 1849 2025 Clementis
1879 1993 1964 2024 dicat
1984 2003 2012 2023 15

316 2043 430 2074 l'etrus
462 2043 666 2084 apostolus⁵z
697 2044 787 2074 Haec
818 2055 906 2075 meae
933 2044 1201 2084 praedicationis
1230 2050 1257 2074 et
1289 2044 1460 2076 doctrinae
1489 2045 1646 2076 cathedra
1677 2056 1759 2085 eum,
1789 2046 1847 2087 qui
1874 2047 1964 2086 cupit

316 2107 386 2125 enm
411 2100 437 2124 et
462 2096 620 2125 audacter
644 2097 774 2136 ewpetit,
800 2107 863 2126 non
892 2097 1039 2137 requirit,
1064 2096 1120 2126 sed
1144 2101 1294 2127 ornatum
1320 2097 1463 2127 moribus
1479 2097 1560 2127 etin
1577 2096 1681 2127 verbis
1697 2096 1870 2128 eruditum.
1910 2096 1964 2128 llle

317 2154 421 2177 autem
441 2157 536 2187 saepe
553 2145 658 2177 dictus
676 2146 752 2177 Otto
770 2147 1022 2189 praecipitanter
1043 2146 1181 2178 ambivit
1203 2153 1235 2178 et
1259 2148 1375 2178 invasit
1398 2147 1506 2179 sedem
1529 2147 1750 2190 apostolicam,
1774 2159 1851 2179 usus
1868 2158 1964 2179 manu

318 2205 347 2228 et
370 2197 491 2228 auxilio
517 2198 742 2239 pessimorum,
773 2199 859 2240 apud
888 2210 968 2240 quos
992 2209 1052 2229 nec
1076 2198 1256 2230 divinarum
1282 2210 1340 2230 nec
1363 2199 1574 2230 humanarum
1598 2199 1683 2231 valet
1703 2199 1825 2242 aliquid
1848 2199 1965 2231 cousti-

317 2250 396 2279 tutio
428 2248 546 2289 legum.
602 2249 840 2290 Symmaelius⁶
873 2260 968 2292 papa,
999 2249 1141 2291 generali
1173 2251 1361 2292 praesidens
1392 2251 1526 2293 synodo,
1557 2251 1657 2282 dixit:
1689 2251 1728 2283 Si
1757 2252 1840 2294 quis,
1869 2263 1962 2293 papa
1981 2261 2010 2280 ιο

317 2301 510 2339 superstiteb
541 2306 568 2330 et
598 2312 632 2331 co
665 2302 855 2341 inconsulto,
887 2308 945 2332 aut
975 2302 1243 2344 subscriptionem
1272 2314 1334 2345 pro
1359 2303 1509 2335 Romano
1534 2303 1730 2345 pontificatu
1761 2303 1964 2335 commodare

318 2357 374 2380 ant
396 2363 457 2391 pro
483 2352 568 2381 alioc
591 2354 778 2393 promittere
795 2358 852 2383 aut
869 2358 1109 2384 sacramentum
1130 2354 1287 2395 praebere
1304 2356 1506 2396 temptaverit
1523 2359 1581 2385 aut
1598 2355 1731 2397 aliquod
1747 2359 1828 2386 certe
1844 2354 1963 2396 suffra-

316 2404 405 2443 qiam
429 2402 580 2443 polliceri
611 2403 655 2433 cel
687 2404 724 2434 de
754 2404 814 2435 hac
844 2416 946 2435 causa
974 2406 1121 2445 privatis
1145 2407 1377 2436 conventiculis
1397 2406 1506 2447 factis
1529 2406 1708 2438 deliberare
1731 2406 1861 2448 aliquid
1884 2406 1963 2437 aut⁴¹

426 2512 453 2530 a»
474 2508 581 2530 omnino
603 2507 665 2532 mld.
688 2509 743 2532 (let.
820 2509 846 2539 b)
870 2510 995 2534 incolumi
1018 2510 1073 2534 Get.
1149 2513 1174 2540 c)
1196 2511 1305 2543 pittacio
1327 2511 1384 2535 Gel-
1460 2511 1486 2535 di
1511 2512 1590 2536 delib.
1611 2515 1690 2544 atque
1712 2512 1819 2536 decern.
1840 2510 1896 2536 Gel.

425 2604 450 2635 1)
478 2604 565 2637 lapist,
592 2606 639 2632 26.
663 2608 676 2635 ξ
701 2606 726 2636 st,
753 2607 795 2631 ed.
824 2606 899 2631 Thio!
924 2607 946 2637 Ι,
973 2616 1002 2640 ρ,
1021 2608 1091 2633 418.
1194 2609 1223 2641 2)
1249 2609 1337 2642 Epist.
1363 2609 1411 2636 27.
1442 2610 1480 2635 ad
1509 2610 1593 2643 episc.
1621 2609 1725 2635 Orient.
1750 2613 1764 2640 ,ἓ
1791 2610 1814 2641 l,
1841 2617 1871 2643 p.
1890 2608 1959 2638 423.
1981 2610 2009 2629 ⁴⁵

317 2654 347 2683 3)
371 2653 462 2687 Epist.
491 2656 536 2680 12.
561 2656 598 2680 ad
622 2657 717 2682 Anast.
742 2659 756 2687 ξι
781 2658 806 2683 3.
829 2666 859 2690 p.
878 2658 947 2685 352³.
1052 2661 1080 2692 ⁴>
1104 2659 1196 2692 Epist.
1226 2661 1270 2686 10.
1295 2661 1333 2686 ad
1359 2661 1488 2687 Faustum
1513 2664 1526 2691 ,S
1551 2661 1578 2690 2,
1599 2670 1629 2694 p.
1648 2661 1718 2687 34‘2.
1817 2660 1847 2694 5)
1870 2660 1961 2695 Epist.

319 2706 464 2731 Clementis
487 2706 524 2731 ad
549 2706 677 2731 Iacobum
704 2716 725 2734 c,
746 2710 772 2736 ·..’,
798 2709 947 2733 llinsehfns
969 2718 998 2742 p.
1017 2710 1064 2736 31.
1177 2711 1206 2742 6)
1231 2712 1382 2738 Decretum
1407 2712 1541 2745 synodale
1564 2712 1724 2746 Symmachi
1741 2720 1839 2746 papae
1861 2720 1884 2738 c.
1902 2711 1960 2744 III,

315 2759 330 2787 ,8
355 2757 381 2788 4,
409 2756 485 2782 Yhiel
510 2757 531 2788 l,
554 2766 584 2791 p.
603 2757 671 2788 646.
696 2759 737 2783 cd.
764 2759 913 2784 Ilinschius
934 2769 963 2794 p.
983 2761 1051 2787 659.
