2132 3067
57 723 84 742 1⁰

56 988 82 1008 15

55 1239 84 1270 20'

54 1517 81 1536 25

54 1774 81 1794 50

53 2032 80 2052 ³5

52 2290 80 2308 40

51 2574 80 2594 45

726 162 777 190 ΙΙΙ.
816 162 1116 190 APOLOGETICUS.
1358 164 1361 167 ⁴
1711 162 1752 193 65

105 249 310 280 canonizasse
333 260 396 279 non
421 248 616 287 dubitatura,
642 250 686 280 ita
705 249 882 281 decernens
907 251 1046 292 capitulo
1062 252 1132 283 1¹⁰⁰:
1156 247 1302 294 Reyitlns
1325 258 1511 284 sanctorum
1532 260 1667 296 patrum
1690 266 1752 295 per

104 300 260 342 sinyulab
291 312 380 331 nunc
408 311 509 341 usque
538 300 680 332 concilia
709 302 904 332 constitutas
929 304 1103 343 proprium
1134 303 1235 333 robur
1265 304 1380 335 habere
1405 305 1614 336 decrevimus.
1660 305 1750 336 Haec

103 356 209 383 autem
234 351 372 383 concilia-
395 359 468 382 ante
493 352 598 393 ipsum
625 351 868 384 Calcedonense
892 352 1064 394 legunturc
1089 354 1200 384 fuisse:
1225 356 1466 396 Ancyramund,
1491 356 1750 396 Neocesariense,

105 414 187 445 quae
217 408 248 434 et
276 403 396 434 Niceno
427 402 564 433 concilio
595 404 776 445 antiquiora
807 403 987 443 traduntur,
1019 405 1093 435 item
1119 404 1324 446 (iungi-ense,
1354 407 1554 445 sardicense,
1581 408 1750 439 Antioche-

103 465 190 494 num,
214 454 424 485 Laodicense.
470 454 558 495 Ergo
582 454 693 485 eadem
723 460 753 485 et
783 455 814 485 in
847 455 1080 486 Calcedonensi
1105 457 1228 497 synodo
1260 468 1322 487 non
1347 457 1535 489 dubitantur
1565 470 1635 490 esse
1659 459 1750 490 robo-

103 510 182 546 rata,
212 516 294 548 quae
325 506 421 537 etiam
453 516 524 536 cum
555 505 726 536 Affiicanis
757 506 935 537 canonibus
968 507 1080 537 beatus
1111 507 1271 538 Adrianus
1300 520 1385 550 papa
1416 509 1535 540 Karolo
1564 510 1750 550 imperatori

103 556 145 588 ad
175 557 393 598 disponendas
427 556 598 587 aecclesias
632 557 664 587 in
701 568 800 597 regno
833 569 890 588 suo
922 558 1042 589 Romae
1079 559 1248 590 tradidisse
1282 559 1409 600 legitur.
1454 560 1659 602 Quapropter
1692 572 1750 591 nec

103 607 352 650 provincialium
377 608 586 639 conciliorum
611 614 730 640 statuta
753 619 770 639 a
788 608 932 650 quolibet
948 615 1088 641 temeree
1113 615 1186 640 sunt
1209 611 1399 652 respuenda.
1423 622 1504 653 quae
1526 617 1557 642 et
1573 611 1752 653 apostolica

104 659 197 691 sedes
220 661 347 690 censuit
369 659 564 701 recipienda.
603 659 780 702 Hucusque
797 660 937 691 sufficiat
953 660 1096 691 dixisses
1119 661 1158 692 de
1182 673 1344 693 sacrorum
1370 673 1526 693 canonum
1551 664 1751 703 auctoritate,

103 721 190 742 nunc
213 711 253 741 ad
276 712 477 753 propositum
503 711 672 742 redeamus
697 717 728 742 et
751 716 880 751 statuta,
906 723 987 753 quae
1011 718 1119 743 noster
1141 713 1340 753 apostoliens
1369 715 1399 744 in
1432 715 1588 755 superiori
1617 714 1752 756 epistola

105 762 216 794 Ottoni
241 761 503 794 Constantiensiss
526 763 677 804 episcopo
700 763 886 794 cautissime
910 763 1073 805 descripta
1096 765 1283 803 transmisit,
1308 776 1364 806 per
1388 764 1531 795 ordinem
1556 765 1750 806 digeramus

210 823 249 853 V.
295 823 419 853 Horum
443 822 519 854 illud
544 828 612 854 erat
636 823 787 865 primum,
811 829 845 854 ut
869 823 975 854 clerici
999 823 1139 865 aliquem
1166 836 1328 855 sacrorum
1350 825 1518 855 ordinumh
1542 825 1677 866 gradum
1701 825 1752 856 vel

105 873 246 905 officium
270 885 328 916 per
351 875 493 917 precium
517 874 627 916 adepti
652 874 831 906 nullatenus
856 875 1010 916 deinceps
1038 876 1070 906 in
1095 876 1249 908 aeeclesia
1273 877 1470 914 ministrentg
1502 876 1687 914 secundum,
1719 882 1751 907 ut

103 925 292 957 aecclesiam
322 927 431 967 precio
460 927 653 968 acquisitam
683 925 789 957 nullus
816 928 965 967 retineat,
992 938 1052 958 nec
1084 927 1179 958 alicui
1209 928 1361 969 deinceps
1392 926 1581 958 aecclesiam
1613 927 1751 958 vendere

103 976 152 1008 vel
177 988 283 1009 emere
305 977 415 1017 liceat3
440 978 584 1018 tercium,
608 982 644 1008 ut
666 989 685 1008 a
708 977 846 1010 clericali
869 979 993 1010 officioi
1021 984 1157 1017 cessent,
1175 980 1358 1021 quicunque
1383 990 1416 1009 se
1440 989 1498 1020 pro
1522 979 1752 1009 incontinentia

102 1028 370 1070 reprehensibiles
399 1028 567 1069 exliibent3
600 1035 760 1072 quartum,
789 1035 825 1061 ut
854 1030 994 1072 populus
1023 1030 1213 1061 clericorum
1249 1031 1369 1061 *officia
1397 1030 1577 1061 nullatenus
1608 1030 1752 1071 recipiat,

103 1091 183 1123 quos
212 1080 406 1122 apostolicas
436 1081 654 1112 institutiones
685 1086 913 1123 contempnere
945 1082 1062 1113 videat.
1121 1081 1314 1113 Curi-aniusl
1346 1083 1445 1123 igitur
1478 1093 1535 1123 per
1565 1081 1692 1123 singula
1722 1086 1753 1112 et

102 1131 215 1163 eadem
239 1142 334 1173 quam
357 1133 529 1171 autentica,
553 1143 648 1174 quam
673 1133 868 1164 attendenda
878 1134 902 1170 ¹¹,
925 1135 1023 1164 immo
1048 1145 1143 1175 quam
1169 1133 1367 1164 inevitabilia
1391 1134 1463 1172 sint,
1486 1144 1548 1163 non
1572 1144 1613 1164 ex
1636 1134 1753 1164 nostris

102 1184 306 1223 coniecturis,
330 1185 386 1215 sed
409 1195 449 1215 ex
473 1190 654 1215 sanctorum
678 1190 805 1226 patrum
830 1185 975 1216 statutisi
1003 1185 1234 1226 compendiose
1258 1190 1483 1216 monstremus.

209 1244 279 1275 VI.²
318 1245 460 1276 Primum
494 1246 602 1286 itaque
630 1249 784 1276 statutum
816 1247 847 1276 in
873 1244 1128 1277 Calccdonensi¹
1159 1245 1294 1276 concilio
1318 1245 1504 1287 plenissime
1528 1250 1558 1276 et
1581 1245 1751 1276 evidentis-

101 1295 181 1327 sime
201 1297 422 1338 repperiturm,
447 1296 531 1338 quod
551 1308 648 1328 unum
673 1308 714 1327 ex
730 1301 868 1338 quatuor
891 1297 1044 1339 predictis
1070 1297 1214 1328 conciliis
1238 1302 1381 1339 tempore
1406 1297 1546 1338 quidem,
1570 1308 1632 1328 non
1650 1297 1751 1338 digni-

102 1351 175 1388 tate,
199 1347 344 1379 ultimum
369 1349 471 1379 saneti
494 1353 602 1390 patres
619 1348 719 1379 Leoni
739 1355 876 1390 augusto
902 1349 1022 1390 usque*
1049 1349 1088 1380 ad
1114 1350 1302 1390 sanguinem
1321 1348 1548 1379 vindicandum
1573 1360 1641 1379 esse
1665 1359 1750 1379 man-

102 1398 227 1440 darunt,
253 1405 287 1430 ut
303 1405 453 1431 sanetus¹¹
471 1400 661 1431 Liberatus-³
684 1400 717 1430 in
740 1399 821 1432 libro
844 1411 902 1431 suo
919 1405 1064 1432 testatur.
1097 1401 1135 1431 In
1152 1401 1231 1442 ipso,
1256 1401 1399 1442 inquam,
1424 1400 1558 1431 coneilio
1576 1401 1750 1442 seriptuni⁰

102 1455 150 1482 est
172 1450 315 1493 capitulo
338 1451 436 1482 III.·²:
461 1451 501 1483 Si
521 1453 593 1494 quis
617 1453 790 1494 episcopus
808 1457 890 1494 perp
910 1453 1085 1494 pecuniam
1101 1452 1223 1493 feccrit
1247 1452 1486 1482 ordinationem
1512 1457 1539 1482 et
1562 1452 1619 1483 sub
1640 1453 1751 1493 precio

102 1503 263 1544 redeyerz‘t
290 1504 445 1545 qratiam,
476 1515 559 1546 quae
590 1509 678 1534 non‘l
704 1509 807 1545 potest
836 1504 943 1542 vendi,
973 1504 1238 1546 ordinaveritque
1263 1515 1326 1544 per
1345 1504 1519 1544 pecuniam
1544 1504 1751 1544 episcopumr

103 1558 183 1585 autu
209 1555 432 1596 presbyterum
464 1560 520 1584 ant
551 1555 728 1586 diaconum
761 1555 806 1586 vel
837 1555 1004 1597 quemlibet
1031 1566 1070 1586 eae
1095 1556 1156 1595 his,
1187 1556 1244 1596 qui
1267 1559 1566 1586 εοηηυηιςεναιιίιινς
1598 1556 1632 1585 in
1656 1555 1751 1594 clero,

103 1610 162 1636 aut
179 1607 379 1646 promoverit
396 1617 460 1646 per
470 1608 636 1646 pecunias
660 1607 937 1647 dispensator-emi
966 1612 1023 1638 aut
1040 1607 1259 1647 defensoremt
1287 1606 1334 1637 vel
1357 1611 1580 1648 quequtamu,
1604 1607 1660 1647 qui
1681 1606 1750 1637 sub-

101 1657 202 1688 iectus
225 1657 285 1688 esti
312 1658 447 1699 reyulae
464 1669 527 1699 pro
545 1659 599 1688 sui
622 1659 807 1699 turpissimi
829 1659 916 1690 lueri
939 1659 1102 1690 commodo
1129 1659 1166 1696 1¹8,
1192 1659 1267 1689 eui*
1291 1659 1376 1689 lzoew
1401 1658 1608 1699 attemptanti
1628 1657 1749 1698 proha-

101 1713 168 1739 tum
180 1708 302 1749 fuerit,
320 1710 459 1750 proprii
480 1710 608 1750 gyradics
628 1709 778 1750 periculo
803 1710 990 1750 subiacebit,
1015 1715 1041 1741 et
1065 1711 1123 1751 qui
1146 1710 1322 1740 ordinatus
1347 1714 1389 1740 est
1413 1709 1498 1740 nihil
1521 1719 1560 1739 εκ
1583 1709 1645 1740 liae
1663 1710 1749 1740 ordi-

102 1761 234 1791 natione
266 1759 314 1791 vel
335 1761 547 1801 promotione,
577 1772 658 1803 qnae
682 1766 727 1792 est
746 1772 808 1802 per
831 1763 1079 1803 negotiationem
1095 1761 1208 1802 facta,
1229 1761 1395 1802 proficiat,
1418 1761 1473 1791 sed,
1496 1761 1537 1790 sit
1561 1760 1689 1792 alienus
1712 1771 1750 1792 ea

101 1811 264 1853 dignitate
287 1810 335 1842 vel
358 1811 591 1852 sollicitudine,
615 1823 713 1854 quam
730 1814 887 1854 pecuniis
904 1814 1050 1854 quesivit,
1090 1812 1218 1853 Siquis
1236 1823 1307 1843 vero
1332 1813 1489 1842 mediator
1512 1816 1576 1841 tam
1601 1812 1750 1852 turpibus

101 1867 129 1894 el
151 1861 310 1903 nefandis
334 1863 420 1894 datis
442 1863 490 1894 vel
513 1865 654 1904 acceptis
678 1865 830 1904 extiterit,
854 1865 1014 1905 siquidem
1033 1865 1170 1895 clericus
1184 1863 1304 1904 fuerit,
1326 1864 1467 1904 proprio
1483 1863 1592 1904 φ’(ιεῖυ
1610 1863 1750 1903 decidat,

101 1915 220 1946 sivero
243 1914 352 1946 laicus
375 1916 443 1946 vel-¹
462 1916 650 1956 monachus,
676 1916 977 1948 anathematizetur.
1018 1916 1058 1946 Et
1082 1914 1265 1953 notandam,
1292 1925 1387 1956 quam
1410 1920 1503 1945 caute
1527 1913 1611 1944 istud
1624 1919 1639 1939 Y
1663 1914 1746 1955 capi-

100 1965 202 1996 tulum
227 1977 337 1998 omnes
361 1967 621 2008 symoniacorum
646 1967 780 1998 astutias
804 1967 967 2005 excludat,
999 1978 1071 1998 eum
1103 1965 1247 2008 quolibet
1275 1966 1370 1996 modo
1402 1976 1460 2006 per
1482 1965 1651 2006 pecuniam
1676 1975 1747 2006 pro-

101 2021 204 2048 motos
226 2016 349 2059 absque
373 2019 459 2048 omni
483 2029 538 2060 spe
563 2019 814 2060 recuperationis
839 2019 988 2060 deponat.
1035 2017 1144 2049 Solent
1169 2018 1253 2048 enim
1279 2017 1457 2059 symoniaci
1474 2016 1610 2047 diversis
1633 2015 1747 2056 modis,

100 2068 157 2116 sed
180 2080 244 2099 uno
267 2075 358 2101 reatu
382 2080 490 2101 sacras
514 2069 687 2111 dignitates
710 2071 855 2102 mercari.
890 2071 1014 2111 Nempe
1031 2081 1115 2100 nunc
1135 2070 1208 2111 ipsi,
1232 2079 1316 2099 nunc
1340 2079 1398 2110 pro
1423 2068 1502 2108 ipsis
1519 2078 1628 2098 eorum
1653 2068 1747 2098 amici

101 2120 264 2161 preciumz
288 2131 345 2162 pro
370 2131 461 2152 sacra
485 2120 641 2163 dignitate
666 2120 715 2152 vel
738 2126 812 2153 ante
836 2122 1068 2152 ordinationem
1093 2132 1184 2152 suam
1202 2120 1360 2151 dederunt
1383 2119 1431 2149 vel
1456 2119 1487 2149 in
1513 2119 1582 2160 ipsa
1598 2119 1675 2150 dant
1698 2118 1746 2150 vel

100 2171 306 2212 postmodum
330 2183 364 2203 se
380 2173 511 2203 daturos
535 2175 727 2214 promittunt
752 2179 782 2204 et
804 2173 865 2204 hoc
888 2184 973 2204 nunc
996 2179 1130 2204 eoruma
1154 2171 1358 2210 electoribus,
1382 2181 1467 2201 nunc
1486 2181 1595 2201 eorum
1620 2170 1745 2200 ordina-

99 2223 224 2254 toribus
246 2223 298 2255 vel
321 2223 449 2254 demum
474 2223 671 2266 quibuslibet
692 2235 803 2256 eorum
827 2224 1014 2256 fautoribus.
1054 2225 1248 2265 Quicunque
1272 2223 1370 2264 igitur
1385 2221 1492 2263 aliquo
1507 2221 1621 2252 horum
1640 2221 1746 2252 modo-

101 2285 170 2306 rum
194 2273 371 2317 quemlibet
394 2277 609 2317 promoveritb
639 2275 688 2307 vel
717 2287 750 2307 se
781 2277 885 2317 ipsum
911 2277 976 2307 ita⁰
1005 2281 1189 2317 promotum
1213 2286 1285 2306 esse
1309 2274 1505 2315 cognoverit,
1529 2273 1746 2304 indubitanter

99 2336 118 2356 a
148 2327 308 2368 superiori
337 2326 476 2368 capitulo
507 2327 677 2368 degradari
708 2327 846 2367 iubetur,
877 2339 950 2359 cum
981 2338 1039 2369 per
1069 2327 1240 2369 pecuniam
1272 2325 1321 2357 vel
1351 2325 1448 2356 alium
1473 2325 1673 2366 promovisse
1696 2323 1745 2355 vel

211 2431 237 2463 a)
260 2440 292 2456 ea:
313 2432 466 2457 dubitantur
487 2441 553 2458 corr.
571 2434 593 2457 1.
650 2433 679 2463 b)
700 2440 733 2457 ex
752 2433 870 2464 singulas
892 2441 958 2457 corr.
971 2433 995 2456 4.
1060 2432 1084 2463 c)
1108 2432 1124 2456 f.
1145 2432 1161 2456 l.
1185 2433 1208 2456 1.
1273 2431 1299 2462 d)
1323 2431 1503 2454 Ancirannum
1521 2431 1543 2453 1.
1602 2430 1628 2457 e)
1649 2437 1669 2453 s.
1686 2432 1704 2453 t.
1722 2430 1743 2454 l.

99 2477 120 2508 s)
148 2477 220 2502 deest
240 2478 266 2502 4.
360 2478 388 2510 g)
414 2487 437 2503 e.
458 2479 487 2503 C.
511 2479 533 2504 1.
627 2478 655 2510 h)
684 2479 804 2503 ordinem
825 2479 849 2502 4.
947 2478 966 2509 i)
995 2478 1065 2502 deest
1088 2479 1110 2502 1.
1208 2477 1236 2508 k)
1263 2477 1318 2501 adt.
1342 2478 1364 2500 1.
1452 2476 1471 2506 1)
1499 2475 1698 2500 Calcedonense
1721 2476 1743 2498 1.

100 2525 136 2553 m)
161 2531 247 2555 reper-
270 2524 293 2548 1.
381 2524 410 2556 n)
438 2525 509 2549 deese
529 2525 561 2549 G.
637 2524 664 2555 o)
687 2527 728 2548 est
747 2532 796 2548 scr.
818 2525 843 2548 4.
919 2524 948 2556 p)
970 2532 1016 2556 per
1036 2532 1092 2556 pec.
1113 2523 1168 2547 dex.
1186 2524 1208 2547 1.
1284 2523 1310 2554 q)
1333 2522 1411 2546 vendi
1432 2530 1457 2547 n.
1477 2529 1503 2553 p.
1526 2522 1550 2546 4.
1626 2522 1648 2549 r)
1669 2520 1742 2544 chor-

99 2569 253 2601 episcopum
275 2569 338 2595 add.
359 2569 390 2595 G.
467 2570 491 2599 s)
511 2578 612 2595 numer.
627 2571 652 2594 2.
727 2573 749 2601 t)
771 2570 967 2594 defensatorem
987 2570 1012 2593 3.
1088 2571 1115 2599 u)
1137 2569 1245 2593 omnino
1266 2568 1329 2592 add.
1352 2568 1382 2592 G.
1477 2567 1504 2598 v)
1525 2567 1569 2599 qui
1590 2567 1638 2591 hoe
1659 2570 1742 2590 atten-

99 2617 171 2639 tasse
191 2615 318 2647 probatus
337 2616 356 2641 f.
376 2615 408 2641 G.
496 2618 531 2644 w)
552 2620 598 2640 att.
619 2616 670 2641 hoc
694 2617 716 2640 l.
791 2615 818 2647 x)
842 2618 888 2639 aut
907 2614 937 2640 G.
1023 2615 1050 2646 y)
1073 2615 1099 2638 id
1123 2615 1145 2638 1.
1221 2614 1246 2645 z)
1269 2614 1333 2638 dant
1353 2613 1416 2638 add.
1440 2614 1463 2636 l.
1539 2614 1567 2638 a)
1589 2612 1620 2635 cl.
1641 2620 1694 2635 eor.
1718 2612 1742 2636 2.

100 2659 125 2692 b)
148 2660 220 2685 deest
241 2662 266 2686 1.
342 2662 367 2694 c)
389 2665 444 2686 tam
465 2663 490 2687 4.

206 2763 235 2799 1)
266 2762 311 2796 Cf.
336 2764 450 2798 Μανιος.
481 2773 504 2791 c.
525 2764 572 2790 17.
682 2763 711 2798 2)
735 2763 776 2790 lb.
801 2773 823 2789 e.
844 2763 890 2788 18.
1001 2763 1030 2795 3)
1056 2761 1189 2787 Βνευὶαν.
1214 2770 1238 2787 c.
1259 2761 1314 2794 15,·
1346 2760 1444 2786 Mansz·
1465 2763 1485 2786 t.
1511 2759 1564 2791 IX,
1594 2759 1644 2784 col.
1670 2757 1738 2783 684.

101 2813 131 2848 4)
152 2814 239 2841 Immo
262 2824 324 2842 can.
349 2815 383 2840 II
404 2814 540 2849 (Dion.);
564 2816 664 2841 Μαηεί
683 2818 702 2842 t.
727 2814 790 2847 VII,
815 2814 866 2840 col.
891 2813 962 2841 373.

172 2869 269 2893 Libens
290 2870 323 2894 de
344 2870 396 2894 lite.
427 2870 463 2894 11.
1492 2865 1507 2887 9

1772 1038 1802 1060 Ὗ.
1816 1041 1870 1060 148¹.
