2132 3067
379 153 437 182 1⁴34
778 153 929 180 LIBELLI
954 153 1152 180 BERNALDI
1175 153 1413 181 PRESBYTERI
1436 153 1621 181 MONACHI.

378 244 445 275 Hoc
470 255 527 275 nos
558 244 682 284 egimus
705 247 733 273 et
756 242 954 274 ostendimus
977 247 1005 274 et
1029 242 1239 282 obtinuimus,
1270 244 1373 285 quia³
1397 244 1579 274 communio
1608 244 1770 275 malorum
1793 255 1858 275 non
1881 243 2024 274 maculat

377 296 516 336 aliquem
543 294 812 335 participacione
841 299 1130 333 sacramentorum,
1161 295 1216 326 sed
1245 295 1455 326 consensione
1475 294 1658 335 factorum.
1702 295 1792 326 Nam
1814 296 1844 326 si
1866 297 1902 326 in
1916 294 2025 336 factis

376 346 473 377 malis
496 357 561 376 non
585 346 631 376 eis
655 347 827 387 quisquam
850 347 1049 385 consenciat,
1070 351 1183 388 portat
1205 346 1312 377 malus
1335 357 1470 376 causam
1494 357 1589 376 suam
1606 350 1634 376 et
1652 357 1828 388 personam
1843 358 1949 385 suam,
1965 357 2024 377 nec

372 397 563 438 preiudicat
592 396 698 437 alteri,
727 408 818 439 quem
846 397 883 428 in
914 399 1126 429 consensione
1148 398 1230 428 mali
1253 398 1362 439 operis
1385 398 1508 428 socium
1531 408 1595 428 non
1620 397 1712 428 habet
1735 399 1894 429 criminis.
1939 397 2024 429 Ecce

375 448 577 490 apertissime
608 447 722 479 beatus
747 448 947 490 Augustinus
977 460 1039 480 non
1071 461 1105 481 se
1131 449 1191 480 hoc
1214 449 1254 480 de
1277 448 1566 480 excommunicatis
1589 448 1710 480 dixisse
1733 449 1927 489 manifestat,
1950 460 2023 480 cum
2040 461 2052 480 ⁵

376 500 414 530 dc
439 511 485 538 eo,
511 500 564 541 qui
588 500 620 530 in
644 499 779 531 ecelesia
802 510 918 542 corpus
938 501 1067 532 Domini
1091 501 1223 542 indigne
1242 501 1349 540 sumit,
1373 499 1470 531 dieat.
1511 499 1594 530 Nam
1617 501 1785 542 superius¹
1809 500 1871 532 adb
1893 500 2024 532 eosdem

378 552 564 582 Donatistas
595 551 634 582 dc
664 553 951 583 excommunicatis
981 553 1128 594 premisit
1157 553 1283 584 dicens:
1327 552 1487 593 Quisquis
1519 563 1539 582 a
1570 552 1731 583 catholica
1759 552 1894 584 ecclesia
1914 552 2026 593 fuerit

376 608 560 644 separatus,
578 603 809 644 quantumlibet
824 604 1038 635 laudabiliter
1054 615 1085 635 se
1102 605 1207 635 vivere
1223 605 1381 635 eaeistimet
1392 609 1414 642 ⁰,
1435 604 1491 634 hoc
1507 604 1572 635 solo
1589 603 1713 642 scelere,
1731 604 1817 646 quod
1833 604 2024 635 christiani—

377 655 458 685 tated
481 655 669 686 disiunctus
700 660 754 695 est,
786 657 907 687 vitame
939 667 1004 687 non
1036 656 1173 695 habebit,
1201 656 1257 687 sed
1286 657 1340 686 ira
1364 655 1429 686 Dei
1451 660 1559 686 manet
1582 666 1683 697 super
1705 667 1787 686 eum.
1835 654 1962 686 Deinde
1985 654 2026 685 de

378 707 434 743 liis,
467 707 520 748 qui
545 706 577 737 in
600 705 738 738 ecclesia
762 713 836 738 sunt
865 708 972 749 positi,
1003 713 1236 750 consequenter
1267 707 1401 739 adiecit:
1435 707 1594 749 Quisquis
1625 712 1731 738 autem
1762 708 1796 738 in
1829 707 1964 738 ecclesia
1994 711 2027 737 et
2046 719 2072 738 10

377 759 508 800 reliqua,
534 763 567 789 ut
591 769 689 800 supra
712 759 864 790 diximus.
910 759 999 790 Idem
1026 759 1156 790 Eleusio
1179 765 1210 790 et
1234 759 1463 790 Gramatin02:
1495 758 1630 799 Quibus,
1655 759 1770 801 inquit,
1793 758 1875 789 mali
1891 758 2026 800 placent

378 812 409 841 in
438 812 570 851 unitate,
600 812 670 852 ipsi
699 812 939 842 commmzicant
968 810 1083 850 malis;
1114 811 1231 852 quibus
1262 816 1368 842 autem
1400 811 1575 852 displicent
1604 815 1632 842 et
1662 822 1714 841 eos
1741 809 1932 841 emendares
1959 821 2023 842 ‘non

376 867 522 903 possunt,
553 868 612 893 neg
643 867 718 894 ante
746 867 872 903 tempus
902 864 1014 894 ¹messis
1045 862 1191 893 audeant
1219 864 1352 893 zizania
1380 863 1570 902 cradicare,
1600 874 1640 893 ne
1669 862 1768 894 simul
1798 862 1967 893 eradicent
1997 866 2024 893 et

376 915 531 954 triticum,
555 926 619 945 non
642 914 744 951 factis
767 925 886 954 eorum,
909 914 964 945 sed
993 914 1096 945 altari
1121 914 1243 946 Christi
1271 915 1521 954 communicant,
1551 915 1599 945 ita
1628 919 1663 944 ut
1694 925 1758 945 non
1789 914 1893 945 solum
1915 913 1955 944 ab
1978 914 2025 944 eis

380 977 443 996 non
470 966 683 1004 maculentur,
707 966 761 997 sed
785 967 881 997 etiam
905 966 1032 997 divinis
1054 967 1160 997 verbis
1180 966 1320 997 laudari
1339 966 1577 1007 predicarique
1593 970 1791 1006 mereantur,
1815 966 1971 1007 quoniam
1987 976 2026 996 ne
2047 976 2072 995 15

379 1029 490 1048 numen
518 1018 640 1049 (ss'lzristi
668 1029 725 1059 per
755 1017 929 1048 horribilia
954 1018 1110 1048 scismata
1131 1018 1380 1058 blasphemetur,
1408 1029 1471 1059 pro
1494 1018 1576 1048 bono
1600 1017 1741 1048 unitatis
1765 1016 1916 1056 tolerant,
1939 1016 2026 1058 quod

375 1080 436 1110 pro
459 1069 540 1099 bono
565 1070 741 1110 aequitatis
765 1069 912 1100 aderunt.
947 1069 989 1100 Et
1012 1069 1072 1100 hoc
1096 1069 1206 1110 utique
1230 1068 1269 1100 de
1293 1067 1385 1099 malis
1408 1069 1439 1099 in
1465 1069 1586 1100 unitate
1610 1068 1724 1110 positis
1746 1078 1810 1099 non
1834 1067 1874 1099 de
1897 1078 2026 1099 excom-

378 1121 548 1151 municatis
571 1119 811 1152 evidentissime
835 1127 937 1152 sonat.
976 1120 1064 1151 Idem
1082 1120 1122 1151 ad
1140 1120 1354 1151 Emeritum⁸z
1378 1121 1418 1151 Et
1440 1120 1534 1160 illud,
1557 1121 1672 1161 inquit,
1697 1131 1762 1151 non
1786 1125 1831 1151 est
1852 1120 2027 1151 tacendum

378 1172 494 1203 etiam¹¹
518 1173 665 1213 coynitos
694 1173 796 1203 malos
828 1173 919 1203 bonis
949 1183 1016 1203 non
1046 1172 1151 1203 obesse
1176 1173 1210 1203 in
1235 1173 1381 1212 ecclesia,
1411 1174 1441 1203 si
1464 1183 1515 1202 eos
1539 1183 1560 1202 a
1584 1173 1807 1203 communione
1830 1171 2027 1212 prohibendi

379 1229 435 1253 aut
460 1228 604 1264 potestas
626 1224 718 1264 desit,
751 1229 808 1254 aut
838 1225 952 1265 aliqua
976 1225 1068 1255 racio
1093 1224 1341 1255 conservandae
1368 1224 1466 1265 pacis
1498 1223 1655 1265 inpediat.
1708 1222 1751 1254 Et
1778 1228 1853 1264 post
1882 1227 2025 1266 pauea⁴z
2046 1234 2073 1253 20

378 1275 592 1316 JIunifestum
614 1280 658 1306 est
683 1286 746 1307 non
771 1275 828 1306 hoc
852 1275 939 1316 effici
963 1275 1121 1306 hominem
1147 1275 1297 1313 malumi,
1329 1276 1416 1316 quod
1443 1280 1487 1306 est
1516 1274 1623 1306 malus
1652 1276 1837 1316 quisquam,
1865 1286 1938 1306 cum
1963 1285 2026 1316 quo

379 1327 422 1357 ad
453 1326 556 1358 altare
589 1326 711 1359 Cliristi
741 1327 920 1367 acceditur,
951 1328 1078 1358 etiamsi
1110 1338 1174 1358 non
1204 1328 1245 1358 sit
1276 1327 1481 1368 incoynitus,
1511 1327 1541 1358 si
1572 1331 1699 1357 tantum
1729 1337 1793 1357 non
1825 1325 2027 1368 approbetur

379 1384 405 1409 et
436 1390 457 1409 a
485 1378 569 1410 bona
600 1379 798 1410 conscientia
828 1379 1033 1419 displicendo
1061 1383 1242 1419 separetur.
1294 1378 1383 1410 Idem
1415 1378 1447 1408 in
1479 1388 1626 1409 sermone
1655 1377 1764 1409 XVII.
1788 1377 1828 1410 de
1857 1376 2026 1419 euangelio

378 1429 554 1461 seeundum
580 1429 785 1461 Mathaeum⁵
814 1430 854 1461 de
884 1430 1001 1462 duobis
1031 1431 1155 1461 caecis:
1185 1429 1226 1460 In
1256 1430 1377 1470 multis,
1406 1430 1521 1471 inquit,
1550 1434 1737 1461 sanctorum
1767 1430 1924 1461 librorum
1947 1429 2027 1461 locis

379 1483 583 1522 apertissime
606 1487 701 1513 sonat
725 1493 791 1513 esse
813 1483 904 1513 intus
928 1483 961 1513 in
987 1481 1119 1513 ecclesia
1144 1487 1172 1513 et
1194 1482 1295 1513 bonos
1319 1486 1346 1513 et
1368 1481 1482 1522 malos,
1506 1492 1586 1522 quos
1601 1492 1698 1522 saepe
1722 1481 1862 1513 dicimus
1874 1481 2026 1522 frumen-
2046 1492 2073 1511 25

378 1538 442 1563 tum
467 1538 494 1564 et
514 1533 656 1574 paleam.
702 1533 745 1564 Et
767 1533 806 1565 de
829 1534 950 1565 eisdem
974 1534 1054 1575 ipsis
1078 1533 1181 1574 malis,
1204 1533 1235 1564 id
1260 1539 1307 1565 est
1330 1534 1362 1564 in
1386 1534 1510 1565 unitate
1533 1533 1659 1574 positis,
1683 1532 1846 1574 quomodo
1871 1533 1945 1564 boni
1962 1543 2025 1564 non

379 1584 589 1624 maculentur,
618 1585 649 1615 in
673 1585 786 1616 eodem
811 1590 980 1616 sermone⁸
1004 1584 1240 1627 subsequenter
1263 1584 1421 1616 adnectit:
1454 1585 1623 1625 Duobusk,
1647 1585 1760 1626 inquit,
1784 1584 1888 1616 modis
1911 1595 1974 1616 non
1998 1589 2027 1616 te

378 1637 522 1667 maculat
552 1635 669 1676 malus,
699 1638 729 1668 si
759 1648 824 1668 non
856 1638 1046 1668 consencias
1076 1643 1104 1668 et
1134 1638 1164 1668 si
1193 1637 1397 1679 resim-quas,
1429 1637 1486 1667 hoc
1516 1641 1562 1667 est
1591 1648 1656 1667 non
1687 1637 1938 1676 communicare,
1968 1636 2023 1667 id'

377 1693 422 1719 est
447 1699 511 1719 non
536 1690 727 1720 consentire.
775 1689 1040 1721 Communicatur
1070 1690 1202 1730 quippe,
1231 1689 1366 1730 quando
1385 1688 1483 1729 facto
1511 1690 1582 1719 eius
1611 1689 1816 1719 consorcium
1846 1687 2026 1719 voluntatis

224 1752 357 1775 apinam.
379 1741 424 1772 vel
456 1741 712 1782 approbacionis
742 1741 981 1782 adiunyiturm.
1030 1741 1098 1771 Hoc
1128 1751 1204 1782 erqo
1233 1751 1293 1771 nos
1324 1741 1501 1772 admonens
1525 1739 1691 1781 apostolus
1715 1741 1779 1770 ait:
1803 1739 1923 1771 ‘Nolite
1945 1750 2026 1771 com-
2046 1751 2073 1770 so

377 1795 547 1824 manicare
571 1792 721 1833 operibus
746 1792 965 1832 infructuosis
988 1792 1214 1823 tenebrarum&
1260 1791 1301 1823 Et
1324 1792 1440 1822 innan
1469 1792 1544 1823 Non
1568 1793 1803 1823 consentientes
1825 1792 1898 1823 sitis
1920 1791 2026 1831 malis,

380 1850 412 1875 ut
436 1843 632 1886 approbetis,
662 1855 763 1886 neque
786 1844 983 1885 neqliyentes
1013 1845 1097 1882 sitis,
1128 1848 1162 1874 ut
1190 1855 1256 1874 non
1288 1844 1454 1886 arquatis,
1484 1855 1586 1885 neque
1608 1844 1841 1885 superbientes,
1863 1847 1899 1873 ut
1920 1841 2024 1874 insul—

379 1901 505 1927 tantern
529 1896 691 1938 arquatis.
747 1893 813 1931 Qut
837 1901 942 1926 autem
966 1895 1144 1926 deseruerit
1168 1896 1335 1935 unitatem,
1366 1896 1468 1926 violat
1491 1896 1673 1936 caritatem,
1701 1900 1729 1926 et
1752 1896 1902 1937 quisquis
1925 1893 2025 1926 violat

380 1949 559 1988 caritatem,
583 1947 765 1990 quodlibet⁰
781 1959 939 1989 maqnum
957 1947 1082 1987 habeat,
1107 1948 1174 1989 ipse
1194 1946 1279 1978 nihil
1296 1951 1340 1977 est
1357 1947 1448 1977 iuxta
1464 1945 1656 1988 apostolum.
1702 1946 1812 1978 Ideml’
1831 1946 1864 1977 in
1884 1945 1968 1978 libro
1983 1945 2024 1977 de

380 1999 443 2031 fide
467 2005 498 2031 et
521 1999 711 2041 operibus⁸:
744 1999 822 2031 Cum
851 2010 912 2040 per
934 1999 1172 2040 neyliqenciam
1198 1999 1443 2040 prepositorum
1466 1999 1533 2029 sive
1553 2010 1615 2039 per
1639 1998 1786 2040 aliquam
1809 1996 2025 2030 eoecusabilem
2045 2008 2073 2028 π

383 2053 609 2091 necessitatem,
637 2052 704 2082 sive
733 2063 794 2092 per
817 2051 960 2082 occultas
991 2050 1199 2091 obrepciones
1227 2051 1414 2082 invenimus
1438 2051 1471 2081 in
1495 2049 1631 2081 ecclesia
1653 2049 1768 2090 malos,
1798 2061 1879 2092 quos
1901 2049 2026 2081 ecclesi-

382 2105 486 2134 astica
511 2103 695 2144 disciplina
719 2104 882 2144 corrigere
900 2107 957 2133 aut
973 2113 1116 2133 coercere
1140 2113 1205 2132 non
1227 2112 1411 2142 possumus,
1434 2106 1511 2132 tunc
1528 2113 1567 2133 ne
1584 2102 1741 2133 ascendat
1757 2103 1793 2133 in
1810 2112 1866 2133 cor
1881 2105 2025 2133 nostrum

383 2156 485 2196 impia
508 2159 535 2185 et.
556 2155 746 2195 perniciosa
764 2155 987 2195 presumpcio,
1017 2165 1084 2195 qua
1113 2155 1317 2184 aestimemus
1341 2164 1399 2184 uos
1423 2154 1462 2184 ab
1487 2153 1537 2184 his
1561 2164 1627 2184 esse
1650 2152 1866 2195 separandos,
1897 2157 1932 2184 ut
1951 2163 2026 2194 pec-

381 2208 463 2238 catis
488 2218 596 2237 vorum
618 2218 681 2237 non
701 2207 912 2247 inquinemur
928 2211 1042 2247 atque‘¹
1068 2207 1115 2236 ita
1134 2209 1209 2246 post
1226 2216 1285 2236 nos
1301 2205 1430 2235 trahere
1446 2216 1600 2236 conemur
1616 2204 1714 2236 veluti
1730 2205 1868 2236 mundos
1883 2209 2026 2236 sanctos-

383 2270 442 2300 que
466 2257 646 2299 discipulos
671 2269 691 2288 a
714 2268 871 2299 compagye
893 2262 1096 2299 seyreqatos;
1122 2258 1256 2287 veniant
1280 2257 1315 2287 in
1338 2261 1469 2287 mentem
1494 2255 1569 2287 illae
1592 2256 1650 2287 der
1674 2257 1852 2298 scripturis
1874 2256 2025 2287 similitu·
2044 2265 2072 2284 ⁴0

385 2311 476 2340 dines
501 2315 527 2339 et
550 2310 665 2339 diuina
697 2308 844 2345 oracula,
877 2308 994 2350 quibus
1022 2308 1275 2339 demonstratum
1304 2312 1331 2338 et
1360 2309 1619 2349 pronunciatum
1641 2313 1686 2339 est
1710 2308 1810 2340 malos
1832 2309 1869 2339 in
1892 2307 2025 2339 ecclesia

495 2431 521 2448 ιιι
543 2423 612 2455 quod
635 2424 665 2448 (ι’.
741 2423 767 2453 1))
791 2423 822 2447 de
844 2422 874 2448 G.
946 2424 970 2453 c)
993 2423 1125 2447 existimat
1147 2422 1178 2447 G.
1256 2422 1283 2446 d)
1307 2430 1322 2446 η
1342 2421 1395 2446 chr.
1414 2422 1462 2447 (:.:
1482 2430 1497 2445 a
1519 2422 1616 2447 Christi
1636 2423 1739 2447 unitate
1760 2421 1829 2455 Any.
1905 2423 1932 2448 e)
1952 2430 1978 2446 n.
1999 2421 2025 2446 h.

385 2479 407 2493 v.
429 2472 470 2499 (ἦ,
491 2470 558 2501 Any.
635 2470 656 2495 s)
677 2469 812 2494 emendari
834 2471 865 2493 (ἶ.
936 2470 965 2501 g)
986 2477 1071 2501 noque
1093 2487 1098 2493 .
1119 2487 1126 2494 .
1148 2488 1153 2493 .
1175 2468 1275 2493 audent
1294 2467 1363 2500 Auq.
1430 2468 1460 2493 h>
1481 2473 1507 2493 et
1528 2469 1559 2493 G.
1627 2469 1646 2499 i)
1668 2468 1739 2493 deest
1759 2468 1828 2501 Aug.
1894 2468 1924 2495 k)
1945 2468 1970 2493 d.
1991 2476 2024 2493 m.

384 2518 455 2548 inqu.
478 2517 510 2540 G.
567 2516 585 2539 1»
605 2516 644 2539 vel
664 2525 713 2547 pro
734 2516 759 2539 id
781 2521 819 2539 est
841 2516 871 2540 G.
931 2516 966 2546 m)
989 2515 1143 2546 adpingitur
1162 2514 1193 2538 (ι’.
1253 2515 1280 2541 ιι)
1304 2514 1463 2539 insultantes
1485 2516 1516 2539 G.
1572 2515 1598 2545 ο)
1621 2515 1750 2547 quidlibet
1769 2514 1802 2539 G.
1859 2514 1889 2547 p)
1909 2515 1974 2539 Ideo
1994 2514 2025 2539 G.

385 2566 411 2594 q)
433 2570 462 2586 ac
485 2564 515 2586 (ι’.
593 2568 615 2585 ru
638 2562 824 2593 descriptionis
846 2562 876 2586 G.
2046 2562 2074 2582 ⁴⁵

494 2664 520 2697 1)
544 2663 598 2697 Ep.
619 2663 685 2695 141,
711 2665 724 2693 ξ
749 2664 775 2695 .··›,
803 2665 873 2697 (tpp.
899 2664 940 2689 ed.
968 2663 1071 2689 Itened.
1096 2666 1115 2689 t.
1133 2663 1173 2690 Il.
1198 2663 1250 2688 col.
1269 2663 1338 2689 458.
1450 2663 1478 2697 2)
1504 2663 1557 2697 Ep.
1576 2663 1624 2695 43,
1648 2665 1663 2695 ἓ
1687 2663 1735 2695 21,
1759 2663 1777 2690 ἱ.
1794 2663 1813 2689 Ζ.
1837 2663 1889 2689 col.
1907 2663 1964 2696 98;
1988 2662 2025 2695 cs.

385 2725 470 2750 supra
492 2724 522 2749 p.
541 2716 589 2740 5¹1.
679 2715 708 2748 3)
733 2715 785 2749 Ep.
804 2715 852 2747 ST,
877 2718 891 2745 ς’
914 2714 941 2746 ⁴2,
969 2714 1038 2748 Opp.
1063 2718 1082 2741 t.
1101 2714 1142 2748 II,
1167 2714 1218 2739 col.
1237 2714 1306 2740 209.
1395 2714 1425 2748 4)
1449 2715 1522 2742 lbid.
1546 2717 1560 2745 ξ
1583 2714 1611 2742 3.
1693 2715 1723 2748 5)
1746 2714 1844 2742 Sermo
1868 2714 1916 2746 88,
1939 2716 1954 2745 ξ
1981 2714 2026 2745 19,

389 2770 458 2800 Upp.
482 2770 500 2793 t.
526 2766 553 2798 V,
578 2766 629 2792 col.
648 2766 718 2794 478.
786 2765 816 2801 G)
840 2766 872 2792 L.
897 2766 914 2792 I.
940 2765 990 2793 col.
1009 2765 1079 2792 479.
1148 2765 1176 2797 7)
1200 2768 1214 2794 ξ
1239 2766 1288 2791 20.
1313 2765 1361 2791 ⁴21.
1434 2766 1463 2797 S)
1488 2765 1517 2792 C.
1537 2766 1563 2798 ἴ),
1588 2768 1602 2797 ς
1623 2765 1650 2799 7,
1677 2765 1750 2800 opp.
1772 2769 1792 2792 t.
1817 2765 1862 2799 Vl,
1885 2765 1937 2792 col.
1958 2765 2026 2793 168.

384 2818 524 2852 aliquibus
548 2818 664 2844 omissis.
