2132 3067
196 345 248 363 Luc.
268 346 300 364 11,

149 617 195 635 Luc
219 618 252 639 11,
263 618 298 634 'lu

185 825 297 847 Pu.11,·:,

204 978 297 1002 ‘1·-¹³¹-

150 1547 208 1565 l'hil.
220 1548 238 1569 2,
250 1548 268 1566 ὓ,
278 1549 298 1565 ὅ.

151 1701 219 1719 Meum
232 1700 300 1723 Musei.

197 1799 238 1817 lac
250 1800 269 1820 3,
283 1801 300 1819 Ι,

154 1854 299 1875 l.('or.l,1(⁴⁴

323 155 383 185 272
751 155 800 180 1›1-;
823 153 994 180 UNITATE
1016 152 1222 179 ECCLESIAE
1246 152 1539 179 ‹fONSERVANDA.

322 247 525 288 baptismatis
549 255 567 274 a
591 247 797 284 peccatorum
822 240 894 272 labe
919 241 1119 282 castigatam,
1151 241 1206 272 sed
1237 241 1323 272 nulla
1354 241 1425 273 boni
1451 242 1557 283 operis
1580 241 1739 272 industria
1762 241 1968 283 cumulatam,

323 299 405 339 quia,
432 296 485 327 ubi
510 306 572 325 non
597 300 643 325 est
666 295 797 332 iustitia,
822 293 865 323 ibi
892 304 954 323 non
977 300 1026 323 est
1048 293 1150 323 virtus
1173 292 1289 335 aliqua.
1328 293 1433 332 Quam
1459 292 1586 323 domum
1613 294 1707 324 etiam
1731 299 1899 324 vacantem
1924 295 1970 324 in-

258 374 283 390 ‹„‚
323 350 418 386 venit,
442 360 459 378 a
484 347 577 379 bonis
601 345 726 376 scilieet
749 345 875 376 actibus
900 356 957 386 per
980 343 1220 386 negligentiam,
1244 349 1395 375 ornatam
1415 350 1523 375 autem
1541 344 1698 376 simulatis
1714 343 1888 376 virtutibus
1913 356 1970 387 per

322 400 516 440 hypocrisin,
541 404 571 428 ct
594 403 670 428 tunc
694 397 786 427 vadit
810 402 838 428 et
860 397 997 427 assumit
1019 401 1136 437 septem
1162 397 1245 427 alios
1268 397 1408 437 spiritus
1425 398 1594 437 nequiores
1610 408 1652 436 se,
1676 401 1704 427 et
1721 397 1864 438 inqressi
1880 397 1969 428 habi-

320 457 389 481 tant
415 452 467 481 ibi.
513 451 574 480 l’er
597 454 719 490 septem
745 447 846 479 malos
870 449 1002 490 spiritus
1026 448 1175 479 universa
1195 448 1273 478 vitia
1297 447 1518 489 designantur,
1543 447 1678 489 ideoque
1695 454 1783 478 reete
1800 448 1970 490 nequiores

321 511 395 533 tunc
420 513 492 532 euin
518 501 655 542 ingressi
679 500 812 542 spiritus
836 500 998 539 dicuntur,
1021 500 1097 540 quia
1119 510 1182 530 non
1206 498 1307 530 solun)
1333 498 1385 529 illa
1408 505 1532 540 septem
1553 499 1641 539 vitia,
1666 510 1749 541 quae
1765 504 1887 540 septem
1906 499 1969 541 spi-

321 553 488 585 ritualibus
520 553 694 583 virtutibus
725 557 799 582 sunt
829 552 999 589 contraria,
1031 551 1170 591 habebit,
1202 551 1256 581 sed
1288 556 1318 582 et
1348 562 1404 592 per
1435 550 1620 592 hypocrisin
1653 551 1739 592 ipsas
1770 562 1804 582 se
1834 551 1970 581 virtutes

322 605 438 636 habere
462 603 636 634 simulabit.
683 603 723 634 Et
741 604 841 643 flunt,
865 603 970 644 inquit
987 602 1156 642 Dominus,
1181 604 1360 634 novissima
1378 603 1518 633 hominis
1542 602 1632 634 illius
1653 604 1769 643 peiora
1790 602 1969 644 prioribus.

323 658 405 688 Eece
436 657 520 687 enim
552 656 612 696 ipsi
645 667 678 686 se
709 655 808 685 iustos
833 659 864 684 et
887 653 1050 695 regulares
1074 665 1144 684 esse
1170 654 1341 684 monachos
1365 654 1567 695 profitentur,
1597 654 1651 695 qui
1677 654 1773 684 etiam
1799 653 1971 686 simulacra

321 719 544 750 perversorum
569 706 757 747 dogmatum
782 705 889 736 colunt
913 712 942 736 et
966 710 1170 745 venerantur,
1194 716 1276 747 quae
1300 705 1453 736 conflavit
1469 704 1616 736 diabolus
1634 705 1665 735 in
1682 705 1811 736 officina
1828 711 1859 736 et
1875 705 1971 736 domo

320 760 381 793 illa,
407 771 488 800 quae
513 764 606 789 vacat
629 769 647 788 a
671 762 792 799 septem
811 756 1034 798 spiritualibus
1051 758 1224 788 virtutibus
1249 762 1280 788 et
1303 757 1421 787 divinis
1445 757 1665 796 sacramentis,
1689 755 1728 788 de
1753 755 1871 798 quibus
1895 756 1972 788 dicit

321 811 496 853 psalmista,
521 811 690 852 quoniam:
717 809 858 851 Eloquia
879 809 1014 840 Domini
1029 809 1157 850 eloquia
1174 814 1276 847 casta,
1299 809 1448 850 septuplo
1464 814 1541 839 sunt
1561 813 1724 850 pumma,
1749 819 1805 850 per
1822 809 1969 840 timorem

319 863 442 894 seilicet
467 863 608 900 Domini,
639 872 696 903 per
720 861 882 902 pietatem,
914 871 970 901 per
994 861 1172 898 seientiam,
1206 872 1262 902 per
1286 860 1518 900 fortitudinem,
1547 871 1605 902 per
1627 859 1808 899 consilium,
1838 871 1896 902 per
1925 860 1971 891 in—

320 915 493 952 tellectum,
519 926 575 956 per
599 914 807 955 sapientiam3
840 918 875 942 ut
900 912 1017 943 exinde
1042 917 1165 943 constet
1196 913 1249 943 uni
1279 918 1310 943 et
1339 912 1514 954 septiformi
1540 911 1696 943 eeclesiae
1721 922 1783 942 non
1807 911 1870 942 alia
1893 912 1971 943 reci-

321 967 439 1008 pienda
463 978 531 997 esse
556 965 693 1006 eloquia,
717 965 777 995 nisi
802 963 1057 1005 septempliciter
1080 970 1217 1005 purgata
1240 964 1349 1006 ‘atque
1373 964 1518 1005 probata.
1563 963 1658 994 Unde
1675 968 1706 994 et
1722 970 1851 994 sanctus
1868 963 1971 994 Bene-

320 1018 460 1048 dictus¹z
487 1017 721 1049 Constituenda
745 1021 800 1056 est,
825 1010 937 1058 inquit,
962 1015 1054 1046 nobis
1078 1016 1237 1047 dominici
1260 1015 1346 1046 scola
1370 1016 1506 1049 servitii,
1533 1016 1565 1046 in
1583 1027 1648 1056 qua
1665 1016 1869 1045 institutione
1885 1014 1972 1046 nihil

321 1082 483 1111 asperum,
514 1069 599 1100 nihil
629 1080 731 1110 gli-ave
762 1068 992 1099 constituturos
1023 1078 1215 1108 speramus,
1255 1068 1311 1098 sed.
1341 1073 1368 1098 et
1399 1068 1427 1098 si
1458 1067 1538 1108 quid
1565 1065 1745 1108 paululum
1777 1067 1971 1106 districtius,

319 1122 463 1152 dictante
487 1121 663 1162 aequitatis
688 1121 826 1159 ratione,
848 1124 984 1160 propter
1000 1119 1252 1150 emendationem
1273 1120 1426 1149 vitiorum
1450 1119 1496 1149 vel
1520 1119 1796 1150 conversationem
1820 1119 1972 1150 caritatis

318 1174 520 1214 processerit,
549 1184 613 1202 non
646 1172 719 1202 ilico
746 1182 872 1212 pavore
895 1171 1093 1212 perterritus
1116 1171 1268 1212 resuyias
1291 1172 1379 1201 viam
1402 1170 1530 1210 salutis,
1555 1181 1638 1212 quae
1662 1181 1725 1200 non
1751 1175 1795 1200 est
1821 1171 1887 1201 nisi
1910 1181 1969 1200 an—

319 1229 412 1265 ynsto
438 1225 532 1254 initio
560 1223 774 1264 incipienda;
794 1234 949 1263 processu
976 1234 1046 1252 uero
1071 1223 1330 1253 conversationis
1353 1227 1380 1252 et
1396 1221 1481 1262 fidei
1504 1221 1643 1252 dilatato
1668 1221 1772 1259 corde,
1797 1223 1971 1252 inenarra-

319 1276 377 1306 bili
399 1276 583 1306 dilectionis
608 1275 778 1305 dulcedine
802 1275 951 1304 curritur
976 1275 1029 1304 via
1053 1273 1284 1304 mandatorum
1309 1273 1382 1311 Dei,
1413 1278 1446 1303 ut
1475 1273 1513 1303 ab
1542 1273 1649 1315 ipsius
1674 1284 1841 1314 nunquam
1865 1274 1969 1315 mayi-

319 1329 416 1357 sterio
440 1327 651 1366 (lis-cedentes,
675 1327 710 1357 in
735 1327 805 1357 eivs
829 1326 980 1356 doctrina
1004 1336 1104 1366 nsque
1125 1325 1170 1355 ad
1185 1329 1316 1356 mortem
1342 1326 1375 1355 in
1399 1325 1596 1355 monasterio
1616 1329 1872 1365 perseveranteS,
1891 1335 1969 1366 pas-

318 1379 466 1410 sionibus
493 1378 615 1409 (leristi
638 1389 698 1418 per
718 1377 918 1418 patientiam
941 1377 1212 1418 participemurss²
1238 1381 1272 1407 ut
1295 1377 1389 1417 requi
1412 1377 1483 1407 eius
1507 1386 1690 1406 mereamur
1709 1387 1775 1406 esse
1798 1380 1971 1407 consortes.

322 1431 370 1461 Ex
396 1430 443 1460 his
467 1429 517 1460 vel
541 1430 653 1470 paucis
671 1428 777 1460 verbis
800 1429 918 1470 poterit
935 1428 1142 1467 considerari,
1167 1439 1262 1470 quam
1285 1427 1460 1469 spiritualis
1484 1428 1523 1458 sit
1540 1427 1696 1458 institutio
1713 1431 1810 1469 atque
1827 1426 1972 1458 doctriua

320 1482 496 1513 beatissimi
530 1480 715 1518 Benedicti,
752 1480 805 1521 qui
838 1479 931 1510 docet
963 1480 1047 1510 inter
1083 1486 1209 1511 caetera
1240 1479 1387 1510 alumnos
1418 1490 1494 1509 suos
1525 1479 1730 1520 passionibus
1762 1478 1882 1510 Christi
1914 1489 1972 1521 per

320 1534 508 1575 patientiam
532 1532 730 1574 participari,
754 1532 821 1573 qai,
845 1543 917 1562 cum
942 1531 1109 1573 informa
1134 1532 1197 1562 Dei
1219 1537 1307 1571 esset,
1331 1531 1516 1562 humiliavit
1539 1536 1633 1561 semet
1659 1532 1765 1572 ipsum
1779 1530 1899 1572 factus
1923 1531 1971 1562 ob-

319 1586 430 1616 ediens
454 1595 554 1625 nsque
579 1584 623 1614 ad
648 1590 787 1622 mortem,
819 1587 948 1614 mortem
973 1588 1078 1614 autem
1102 1584 1220 1623 crucis,
1245 1584 1336 1613 cuius
1360 1582 1479 1613 scilicet
1503 1582 1758 1613 mortificationis
1782 1581 1970 1624 exemplum

320 1636 370 1667 vel
394 1636 549 1666 indicium
574 1640 621 1665 est
644 1635 825 1666 renuntiare
849 1634 969 1664 mundo
993 1641 1023 1665 et
1047 1635 1172 1665 actibus
1201 1636 1269 1665 eius
1293 1645 1330 1665 ac
1361 1634 1537 1673 desideriis,
1568 1634 1643 1675 quia
1667 1635 1735 1676 ipse
1759 1633 1838 1664 dicit
1859 1633 1972 1665 Domi-

321 1699 394 1718 nus:
429 1687 494 1723 Qui
517 1699 580 1718 non
609 1688 740 1727 accipit,
770 1686 927 1727 inquiens,
957 1697 1083 1717 crucem
1107 1691 1133 1716 et
1156 1688 1304 1727 sequitur
1327 1698 1384 1726 me,
1413 1698 1478 1717 non
1503 1691 1546 1717 est
1570 1698 1617 1717 me
1641 1686 1774 1728 dignus.
1821 1685 1862 1716 Et
1885 1685 1971 1727 quod

320 1740 415 1770 docet
443 1740 511 1780 ipse
542 1743 632 1780 pater
657 1738 853 1768 Benedictus
877 1738 1126 1768 conversantcsb
1151 1738 1182 1767 in
1212 1737 1300 1768 scola
1328 1738 1447 1768 servitii
1473 1737 1573 1768 divini
1599 1748 1661 1767 non
1686 1736 1806 1768 debere
1830 1747 1972 1779 unquam

321 1791 485 1822 discedere
509 1802 527 1820 a
552 1790 737 1830 magisterio
762 1788 893 1828 Christi,
924 1788 984 1819 hoe
1007 1793 1055 1820 est
1079 1789 1164 1831 quod
1189 1789 1265 1819 dicit
1290 1788 1428 1820 Iacobus
1451 1787 1634 1831 apostolus:
1663 1788 1782 1828 Nolite,
1810 1789 1972 1831 inquiens,

318 1843 432 1884 plures
463 1843 616 1883 mayistri
640 1842 730 1881 steri,
751 1841 883 1882 fratres
914 1842 985 1880 mei,
1015 1842 1170 1881 quoniam.
1199 1842 1308 1871 mains
1332 1841 1492 1872 indiciam
1516 1841 1654 1880 sumitis,
1685 1840 1769 1870 nisi²
1793 1841 1914 1872 dicat1's
1935 1841 1972 1873 id

323 1895 429 1935 ipsum
453 1905 572 1933 omnes,
595 1899 622 1923 et
648 1904 710 1923 non
735 1893 800 1923 sint
826 1894 860 1922 in
884 1892 972 1923 vobis
996 1893 1162 1932 scismata,
1185 1894 1257 1924 sitis
1281 1897 1387 1923 autem
1408 1892 1547 1933 peifecti
1570 1893 1603 1923 in
1629 1892 1732 1923 eodem
1752 1903 1849 1923 sensu
1879 1897 1906 1922 et
1937 1893 1972 1923 in

321 1946 431 1976 eadem
454 1946 624 1978 sententia.
678 1944 742 1975 Sed
768 1945 797 1974 in
823 1943 1036 1982 monasteriis,
1065 1942 1119 1974 ubi
1143 1943 1183 1974 ad
1207 1945 1452 1974 conversionem
1475 1944 1618 1983 veniunt,
1647 1954 1749 1985 usque
1772 1942 1812 1974 ad
1835 1950 1971 1975 mortem

322 2007 526 2038 perseverare
558 1995 732 2026 monachos
764 2001 794 2026 et
826 1994 936 2036 regula
967 1994 1108 2026 eiusdem
1142 1996 1242 2036 patris
1271 1995 1437 2026 Benedicti
1470 1995 1607 2026 instituit
1636 2000 1668 2026 et
1698 1994 1973 2027 Chalcedonensis

322 2048 462 2089 synodus
495 2046 554 2078 sub
583 2047 796 2078 anathematis
826 2047 1071 2088 interpositione
1103 2046 1255 2086 decrevit,
1286 2047 1346 2077 nisi
1378 2047 1459 2078 forte
1489 2047 1608 2078 fuerint
1630 2047 1766 2089 quaesiti
1789 2058 1809 2078 a
1831 2048 1972 2079 civitatis

321 2100 473 2141 episcopo
498 2105 630 2140 propter
654 2110 784 2129 causam
809 2099 1023 2129 necessariam
1049 2098 1215 2138 eeclesiae,
1239 2099 1329 2130 iuxta
1352 2099 1438 2140 quod
1463 2099 1670 2130 constitutum
1695 2109 1766 2130 esse
1789 2098 1917 2130 videtur
1938 2099 1971 2130 in

320 2152 456 2182 decretis
489 2151 587 2181 Siritii
619 2162 721 2192 papae
733 2155 755 2181 ³.
801 2151 996 2190 Monachos,
1028 2151 1149 2191 inquit,
1181 2162 1258 2192 quos
1289 2155 1392 2181 tamen
1425 2162 1547 2182 morum
1579 2152 1729 2192 yravitas
1759 2156 1787 2182 et
1817 2152 1902 2182 vitae
1931 2163 1970 2182 ac

314 2203 398 2242 fidei
423 2204 583 2233 institutio
607 2207 723 2233 sancta
747 2203 957 2242 commendat,
981 2201 1171 2233 clericorum
1195 2202 1316 2243 officiis
1335 2204 1518 2244 aym-effari
1541 2208 1569 2233 et
1591 2207 1741 2243 optamus
1764 2207 1792 2234 et
1815 2202 1971 2241 volumus,

324 2256 368 2284 1711
402 2259 446 2293 ut,
476 2255 533 2295 qui
558 2255 647 2284 intra
671 2255 872 2294 tr1'5Jesimum
897 2255 1014 2285 aetatis
1038 2266 1164 2285 annu—niv
1188 2258 1275 2293 sunt,
1307 2254 1339 2284 in
1372 2255 1553 2285 minoribus
1581 2266 1642 2295 per
1671 2254 1799 2296 yradus
1821 2253 1971 2295 singulos

322 2310 478 2335 crescente
501 2310 641 2345 tempore
661 2305 891 2345 provehantur
915 2306 1088 2336 ordinibus
1111 2310 1137 2336 et
1161 2306 1207 2335 sic
1232 2305 1277 2336 ad
1299 2306 1499 2336 diaconatus
1528 2305 1576 2336 vel
1599 2306 1798 2347 presbyterii
1820 2306 1971 2347 insiqnia

323 2362 470 2386 Μαῖαν-ιω
488 2358 604 2386 aetatis
623 2357 864 2387 consecratione
886 2358 1092 2398 perveniant,
1119 2368 1173 2387 nec
1189 2357 1295 2387 statim
1309 2362 1320 2377 ὓ
1343 2357 1427 2387 saltu
1448 2358 1640 2397 ascendant,
1665 2358 1733 2388 nisi
1756 2358 1791 2388 in
1815 2357 1865 2387 his
1887 2367 1971 2399 qaae

268 2417 300 2435 '2‘v
322 2408 465 2448 sinyulis
489 2407 708 2448 «liquantibus
730 2408 883 2447 praestata
908 2414 982 2438 sunt
1006 2414 1152 2449 tempora
1176 2408 1307 2450 fuerint
1339 2409 1511 2439 custodita.
1557 2409 1613 2440 ‘At
1641 2419 1725 2439 nunc
1749 2408 1856 2439 onmia
1886 2413 1972 2439 recta

324 2465 546 2499 pervertuntur
577 2464 605 2488 ‹·t
638 2457 785 2488 monaehi
817 2470 945 2500 quoque
978 2460 1130 2490 terminos
1162 2465 1288 2500 patrum
1320 2459 1601 2501 transgrediuntur
1631 2466 1662 2491 et
1691 2459 1814 2501 absque
1842 2459 1972 2491 licentia

323 2511 440 2552 proprii
466 2511 607 2551 episcopi
633 2509 867 2549 ingrediuntur,
892 2511 989 2541 inuno
1009 2511 1163 2542 invadunt
1181 2511 1352 2552 parochias
1368 2511 1499 2542 alterius
1515 2512 1671 2553 episcopi,
1695 2510 1805 2553 quales
1822 2511 1972 2542 dicuntur

433 2615 460 2646 n)
477 2616 664 2647 participi-inus
678 2615 777 2640 chcd.
837 2616 862 2639 b‘·
878 2619 1065 2640 conservantes
1080 2618 1106 2646 ¹3
1119 2616 1230 2640 Sohar-d.
1243 2616 1399 2641 emendarit.
1459 2617 1483 2648 c)
1497 2618 1530 2642 ad
1543 2617 1713 2650 episcopatus
1725 2616 1830 2641 culmen
1841 2615 1904 2641 add.
1915 2614 1968 2641 Sir.

432 2714 458 2746 l)
485 2713 587 2738 Iti-urci.
616 2714 691 2747 Κεφ,
714 2714 804 2746 prol.,·
833 2713 931 2746 Miync
957 2714 1061 2741 l'atrol,
1088 2714 1196 2746 LXVI,
1220 2715 1271 2740 col.
1297 2715 1367 2742 21s,
1478 2715 1507 2748 2)
1531 2715 1608 2740 Mire
1633 2715 1677 2741 hic
1699 2715 1774 2741 duae
1794 2714 1969 2741 atvernorum

322 2768 464 2791 curtorum
489 2765 638 2790 sententiae
662 2765 689 2789 in
714 2774 796 2790 unam
821 2765 984 2798 conflantur.
1091 2765 1121 2797 3)
1145 2765 1269 2791 Decreta
1293 2766 1394 2792 Siricis
1412 2775 1510 2800 papae
1533 2775 1554 2793 c.
1585 2766 1628 2799 13,
1653 2769 1667 2797 ξ
1695 2766 1741 2799 17,
1766 2767 1808 2793 ed.
1832 2766 1968 2793 Schoene-

324 2826 405 2842 mann
427 2825 457 2850 p.
477 2816 546 2841 414.

1989 719 2016 738 10

1990 975 2018 995 15

1990 1233 2018 1252 20

1991 1491 2018 1509 ‘25

1988 1749 2017 1768 ³0

1990 2007 2018 2027 ³5

1988 2265 2018 2284 4⁰

1988 2521 2016 2541 ⁴⁵
