2132 3067
325 267 357 292 (3)

326 634 358 658 (¹)

294 1352 321 1373 'n
331 1355 357 1371 δ’.

327 1466 359 1490 (5)

381 164 438 194 106
777 162 931 189 LIBELLI
957 160 1153 187 BERNALDI
1175 159 1413 187 PRESBYTERI
1436 158 1621 187 MONACHI.

487 254 554 284 lloc.
588 254 697 293 ntique
731 251 915 282 roboratum
951 254 999 281 est
1032 260 1191 280 consensu
1225 247 1415 280 universalis
1449 247 1634 287 aecclesiae,
1669 247 1754 279 unde
1788 252 1819 279 et
1852 258 1910 278 nos
1944 246 2021 278 illud

380 307 469 337 iuxta
503 305 716 345 Augustiuum
748 313 858 332 secure
889 307 919 331 et
949 301 1106 331 veraciter
1136 311 1307 342 possumus
1344 311 1498 330 asserere.
1553 299 1663 330 Idem¹
1696 310 1825 341 quoque
1855 299 2022 330 verissime

380 363 523 395 testatur,
548 355 632 396 quod
658 353 734 384 nihil
758 353 880 383 firmius
904 353 944 383 sit
969 351 1154 390 tenendum,
1179 363 1275 393 quam
1300 351 1388 391 illud,
1412 353 1444 382 in
1461 362 1524 393 quo
1542 352 1658 382 veritas
1675 350 1898 381 consuetudini
1915 350 2024 381 suffra-

379 414 481 449 gatur.
528 406 590 437 Sed
620 411 651 437 et
678 405 837 435 Iohannes
867 414 953 445 papa
983 403 1152 433 decimus2
1181 403 1241 442 vir,
1270 403 1411 445 inquam,
1442 402 1648 444 apostolicus,
1680 402 1801 433 iudicio
1831 401 2024 433 universalis

379 458 514 500 synodi-‘⁵
539 458 694 493 decrevit,
727 462 762 486 ut
792 455 976 497 quicunque
1006 454 1159 496 deinceps
1191 454 1332 485 bannum
1361 454 1402 485 ab
1433 454 1596 495 episcopis
1619 453 1805 495 impositum
1830 459 1860 484 et
1883 453 2024 484 maxime
2045 467 2057 486 5

380 513 410 541 in
435 510 658 540 communnione
682 507 1032 538 excommunicatorum
1059 507 1264 547 corrupisset,
1296 505 1356 536 XL
1380 505 1448 536 dies
1472 506 1504 536 in
1525 516 1606 547 pane
1629 511 1661 536 et
1683 516 1767 548 aqua
1790 515 1878 535 more
1894 504 2025 535 homici-

380 562 490 593 darum
516 561 682 602 peniteret.

487 622 533 651 l)‹,=
568 619 726 651 sententia
761 618 846 648 beati
881 617 1025 648 Gelasii⁴
1059 628 1179 659 papae,
1220 628 1302 659 quae
1336 617 1428 648 dicit:
1471 617 1566 648 Nihil
1605 616 1718 648 nobis³
1753 627 1918 647 commune
1953 627 2026 647 cum

380 673 562 704 hominihus
587 671 824 701 communionis
853 674 1015 709 emm-nae,
1046 669 1228 700 necessario
1260 667 1432 709 colligitur,
1464 675 1498 699 ut
1527 673 1591 699 tam
1615 668 1923 699 communicatorem
1947 668 2026 698 Gui-

379 724 468 756 berti.
494 734 588 765 quam
614 723 718 763 ipsum
744 721 886 752 devitare
911 720 1096 761 debeamus,
1121 725 1152 751 et
1175 720 1234 751 hoe
1260 721 1400 751 maxime
1418 721 1448 750 in
1466 719 1527 750 illis
1547 719 1654 758 rebus,
1678 730 1758 761 quas
1775 725 1902 750 sanctos
1919 725 2025 760 patres
2045 734 2072 753 ιο

379 775 580 817 prohibuisse
605 773 825 813 cognovimus.
882 771 950 802 Nec
973 777 1054 812 ego⁵
1078 771 1155 802 mihi
1179 782 1305 813 arrogo,
1330 778 1364 803 ut
1387 771 1532 802 iudicare
1556 772 1676 812 possim
1703 781 1842 802 canones
1866 781 1924 812 pro
1948 777 2025 801 tem-

380 838 464 869 pore,
489 825 574 867 quod
599 824 782 866 specialiter
806 823 976 865 privilegio
1001 823 1137 854 Romani
1162 823 1346 865 pontificisb
1370 822 1552 862 ascribitur,
1578 823 1632 864 qui
1657 821 1848 853 Guibertum
1873 821 2026 853 heresiar-

379 879 457 908 chen
489 884 520 908 et
550 888 659 907 omnes
691 875 864 917 complices
895 876 963 906 eius
993 875 1112 905 iudicio
1143 874 1330 906 universalis
1361 873 1475 916 synodi
1505 874 1803 905 excommunicavit
1841 884 1959 916 eosque
1992 873 2024 904 in

379 929 580 965 salutatione,
604 928 634 958 in
660 927 779 962 osculo,
804 927 835 956 in
859 927 1013 966 oratione,
1037 927 1067 957 in
1093 927 1242 957 convictu
1266 925 1456 956 devitandos
1481 925 1540 956 sub
1565 936 1669 967 poena
1685 925 2026 956 excommunicationis

379 982 469 1012 iuxta
497 979 714 1021 apostolorum
745 979 977 1009 institutionem
1010 977 1222 1009 denuntiavit.
1269 977 1356 1019 Ergo
1387 983 1443 1008 aut
1467 976 1660 1008 Guibertum
1693 977 1733 1008 de
1764 977 2024 1008 excommunica·
2046 989 2072 1009 15

380 1033 464 1063 tione
490 1031 653 1073 purgabis,
685 1035 739 1061 aut
768 1030 1058 1061 communicatores
1087 1031 1156 1060 eius
1186 1029 1226 1060 de
1255 1029 1451 1069 obligatione
1474 1029 1821 1060 excommunicationis
1844 1038 2026 1069 expurgare

380 1095 441 1114 non
468 1084 595 1125 poteris,
621 1083 697 1124 quin
721 1082 937 1112 necessariam
963 1081 1104 1113 habeant
1127 1081 1430 1119 reconciliationem,
1454 1086 1488 1111 ut
1511 1080 1642 1112 redeant
1664 1080 1705 1111 ad
1729 1079 1916 1111 catholicam
1941 1089 2026 1110 corn-

381 1136 580 1165 muuiouem:
612 1144 669 1164 nec
699 1133 840 1174 aliquam
872 1132 1093 1164 difficultatem
1127 1132 1327 1174 pretendam,
1360 1133 1437 1174 quin
1465 1131 1664 1173 apostolicae
1687 1132 1871 1163 auctoritati
1895 1130 2026 1163 obedire

380 1187 530 1224 debeam3
556 1185 643 1227 quod
666 1183 769 1216 sicubi
795 1195 859 1215 non
883 1183 1030 1225 observo,
1055 1185 1163 1215 statim
1188 1184 1228 1215 ad
1253 1183 1543 1215 reconciliationem
1570 1184 1678 1214 venire
1702 1194 1764 1214 non
1789 1194 1911 1215 recuso.
1958 1182 2026 1213 Nec

381 1238 456 1268 mihi
481 1248 682 1277 succenseas,
706 1237 731 1267 si
756 1237 850 1268 beato
876 1235 1026 1267 GelasiO⁶
1050 1235 1122 1277 plns
1145 1247 1241 1278 quam
1264 1235 1321 1267 tibi
1344 1235 1451 1276 credo,
1480 1235 1534 1277 qui
1558 1235 1636 1266 (licit
1658 1246 1720 1265 non
1745 1236 1866 1274 iuvare,
1889 1235 1915 1265 si
1939 1234 2027 1265 here·
2045 1246 2072 1266 πο

380 1291 477 1321 ticum
504 1289 635 1327 (levites,
660 1289 686 1318 si
710 1289 977 1319 communicatori
1001 1288 1069 1318 eius
1094 1287 1330 1327 communices3
1354 1299 1391 1318 ac
1415 1288 1440 1318 si
1465 1287 1601 1318 diceret:
1626 1286 1703 1328 quid
1727 1287 1827 1327 iuvat,
1850 1287 1875 1317 si
1900 1285 2027 1328 Wiper-

380 1347 447 1372 tum
473 1341 594 1372 devites
624 1346 656 1371 et
683 1340 947 1370 communicatori
972 1340 1040 1369 eius
1065 1338 1305 1370 communices?
1334 1340 1387 1381 qui
1417 1339 1508 1370 iuxta
1531 1338 1764 1369 institutionem
1789 1337 2026 1380 'apostolorum

381 1393 475 1424 simili
499 1392 824 1424 excommunicatiom
849 1391 1015 1422 subiacere
1038 1390 1231 1422 decernitur.

488 1454 608 1494 Accipe
639 1464 715 1494 ergo
747 1463 859 1483 sanum
891 1451 1073 1490 consilium,
1104 1456 1134 1483 et
1163 1450 1339 1482 catholicae
1369 1451 1586 1482 communioni
1617 1450 1825 1482 reconciliare
1855 1454 1887 1481 et
1915 1461 1934 1481 a
1957 1460 2026 1492 per-

381 1506 477 1536 tinaci
512 1505 696 1535 defensioue
730 1515 850 1543 cesses,
885 1515 966 1546 quae
1001 1503 1096 1534 beato
1128 1503 1335 1544 Augustino⁷
1369 1508 1542 1534 attestante
1571 1503 1687 1533 scisma
1719 1503 1750 1532 in
1780 1501 1918 1533 heresim
1949 1501 2028 1534 solet
2046 1512 2073 1533 2⁵

382 1563 578 1587 convertere.
626 1557 660 1587 In
687 1556 826 1586 Domino
851 1560 981 1596 rogatus
1005 1556 1067 1586 cito
1091 1555 1262 1596 resipiscas
1291 1559 1386 1596 teque
1416 1554 1509 1586 nobis
1538 1553 1839 1586 communicabilem
1869 1554 2028 1594 restituas,

382 1620 421 1639 ne
446 1609 471 1638 si
495 1609 590 1638 nimis
614 1608 820 1649 pertinaciter
844 1607 1101 1638 aecclesiasticae
1124 1607 1307 1637 auctoritati
1332 1607 1506 1647 obstiteris,
1530 1605 1651 1648 aliquid
1668 1606 1808 1647 gravius,
1833 1605 1917 1647 quod
1934 1605 2028 1646 absit,

381 1661 421 1691 ab
445 1661 516 1702 ipsa
539 1665 640 1690 matre
663 1659 819 1690 aecclesia
843 1659 954 1690 audire
978 1659 1139 1690 merearis.

1014 1921 1262 1959 LIBELLUS
1291 1922 1394 1958 VIII.

793 1993 871 2032 DE
906 1992 1166 2034 1‹]M'1‘10NE
1200 1991 1618 2034 EOOLESIARUM.
2045 2016 2072 2036 ιο

490 2077 665 2107 lz'mtionem
691 2077 735 2107 vel
760 2077 974 2107 venditionem
999 2077 1183 2117 officiorum
1199 2077 1489 2108 ecclesiasticorum
1512 2076 1727 2106 simoniacam
1749 2085 1814 2105 esse
1836 2074 2026 2105 Bernaldus

382 2128 418 2157 in
443 2127 648 2168 Apologletico
673 2139 745 2168 cap.
765 2127 876 2158 Τ-ῙΟ,
900 2128 1064 2159 contendit
1074 2133 1095 2160 ⁸.
1152 2129 1191 2159 In
1216 2129 1266 2159 his
1290 2139 1363 2159 vero
1387 2127 1503 2158 litteris
1525 2138 1591 2157 rem
1615 2125 1846 2167 difficillimam
1870 2137 1938 2157 eam
1961 2136 2026 2157 esse

384 2178 472 2217 (licit,
495 2190 577 2220 qnae
604 2179 733 2209 multum
760 2179 844 2209 vires
868 2190 946 2209 snas
970 2180 1112 2210 eaecedat.
1167 2180 1207 2211 Ue
1230 2191 1374 2211 sermone
1402 2184 1464 2209 tam
1494 2183 1589 2209 cauto
1613 2177 1743 2219 lenique
1766 2181 1919 2216 uteretur,
1948 2176 2029 2208 Ber-

384 2229 517 2259 naldnm
545 2230 579 2259 id
599 2241 780 2270 permovere
800 2232 919 2271 potnit,
948 2231 1034 2271 quod
1064 2232 1149 2262 inter
1171 2231 1317 2262 ordinem
1347 2235 1442 2272 atque
1472 2229 1618 2270 officium
1648 2229 1839 2260 accuratius
1862 2228 2027 2259 distinxit.

385 2280 500 2311 Nihilo
529 2282 632 2311 secius
662 2282 773 2319 miror,
805 2281 890 2322 quod
922 2287 1039 2312 certum
1071 2282 1229 2313 indicium
1264 2284 1311 2314 rei
1330 2283 1425 2323 ferre
1453 2283 1573 2312 veritus
1601 2286 1656 2321 est,
1687 2282 1722 2312 in
1746 2291 1813 2322 qua
1836 2279 1967 2311 totalis
1991 2279 2029 2310 de
2047 2291 2074 2312 ss

387 2333 580 2361 investitura.
614 2332 813 2370 versabatur,
845 2344 927 2372 qnae
956 2333 1054 2363 laicis
1085 2334 1264 2365 adimenda
1295 2339 1383 2372 esset,
1418 2338 1451 2364 ut
1481 2333 1625 2363 haeresis
1653 2333 1837 2363 simoniaca
1864 2331 2028 2362 radicitus

385 2383 578 2412 caelaretur.
634 2383 824 2423 Epistolom,
856 2383 1059 2416 Ilm-[manno
1083 2386 1236 2426 episcopo
1260 2385 1330 2416 sedi
1352 2385 1490 2416 Metensi
1519 2385 1586 2415 iam
1618 2384 1771 2424 restituto,
1802 2394 1834 2414 α.
1861 2383 1950 2414 1089.
1980 2381 2029 2413 vel

388 2434 476 2463 1090.
501 2435 654 2474 scriptam
671 2434 781 2474 faisse
805 2446 843 2464 ex
866 2436 935 2465 eins
953 2436 1022 2474 fine
1046 2437 1190 2467 conicere
1212 2437 1296 2468 licet.

496 2548 524 2571 ιι)
545 2548 619 2570 vulvis
640 2549 664 2570 9.
740 2548 767 2571 b}
790 2548 862 2579 potis.
885 2549 908 2572 ⁴).

496 2654 522 2687 1)
548 2654 592 2679 Dc
614 2654 688 2688 bapt.
713 2658 808 2679 cantra
835 2655 908 2680 Dori.
933 2655 950 2680 Ι.
975 2655 1028 2689 IV,
1052 2658 1066 2687 ἓ
1091 2656 1116 2688 7,
1145 2656 1214 2690 opp.
1240 2657 1282 2683 cd.
1309 2657 1450 2682 Benedict.
1473 2659 1493 2683 l.
1518 2656 1572 2689 IX,
1597 2656 1650 2683 col.
1678 2655 1746 2683 124.
1834 2655 1864 2690 2)
1890 2653 2029 2681 Bemaldu'
2046 2661 2074 2681 ιο

385 2705 478 2731 chron.
503 2714 530 2731 α.
556 2705 624 2732 916,
650 2706 704 2731 SS.
728 2709 747 2731 t.
780 2705 807 2737 1',
829 2715 857 2739 p.
877 2706 946 2731 422.
1037 2707 1066 2739 3)
1091 2707 1292 2734 .·¹li1wimensis.
1388 2707 1418 2741 4)
1448 2707 1477 2736 V.
1500 2716 1586 2741 supra
1608 2717 1638 2742 p.
1659 2707 1727 2734 104.
1814 2706 1845 2741 5)
1868 2706 1976 2733 Reccho
1997 2705 2028 2732 id

385 2757 439 2782 sibi
462 2756 619 2782 vindicasse
642 2756 758 2782 videtur.
869 2756 898 2786 6>
931 2756 957 2783 Γ.
981 2766 1067 2791 supra
1089 2767 1118 2791 p.
1141 2759 1207 2785 104.
1318 2759 1347 2792 7)
1370 2759 1425 2793 Ep.
1450 2759 1498 2791 87,
1522 2761 1536 2790 §
1561 2759 1588 2791 4,
1615 2758 1685 2793 opp.
1709 2759 1751 2785 ed.
1777 2757 1919 2785 Benedici.
1941 2760 1962 2786 ί.
1986 2756 2027 2789 ΙΙ,

386 2808 436 2834 col.
461 2807 530 2833 209.
620 2808 649 2841 8)
673 2807 737 2832 Rem
762 2807 855 2841 ultiqil
880 2808 904 2831 in
929 2808 1020 2833 libella
1045 2808 1085 2841 II,
1106 2819 1135 2843 p.
1154 2810 1202 2835 55.
