<?xml version="1.0" encoding="UTF-8"?>
<!DOCTYPE html PUBLIC "-//W3C//DTD XHTML 1.0 Transitional//EN"
    "http://www.w3.org/TR/xhtml1/DTD/xhtml1-transitional.dtd">
<html xmlns="http://www.w3.org/1999/xhtml" xml:lang="en" lang="en">
 <head>
  <title>
</title>
<meta http-equiv="Content-Type" content="text/html;charset=utf-8" />
  <meta name='ocr-system' content='tesseract 3.04.00' />
  <meta name='ocr-capabilities' content='ocr_page ocr_carea ocr_par ocr_line ocrx_word'/>
</head>
<body>
  <div class='ocr_page' id='page_1' title='image "./monumenta02geseuoft_0319.png"; bbox 0 0 2132 3067; ppageno 0'>
   <div class='ocr_carea' id='block_1_1' title="bbox 481 164 1784 194">
    <p class='ocr_par' dir='ltr' id='par_1_1' title="bbox 481 164 1784 194">
     <span class='ocr_line' id='line_1_1' title="bbox 481 164 1784 194; baseline 0.001 -2"><span class='ocrx_word' id='word_1_1' title='bbox 481 165 670 192; x_wconf 79' lang='lat' dir='ltr'><em>LIBELLUS</em></span> <span class='ocrx_word' id='word_1_2' title='bbox 693 164 847 192; x_wconf 80' lang='lat' dir='ltr'>CONTRA</span> <span class='ocrx_word' id='word_1_3' title='bbox 872 165 1085 193; x_wconf 56' lang='lat' dir='ltr'><em>INVASORES</em></span> <span class='ocrx_word' id='word_1_4' title='bbox 1110 166 1156 192; x_wconf 82' lang='lat' dir='ltr'><em>ET</em></span> <span class='ocrx_word' id='word_1_5' title='bbox 1180 165 1433 194; x_wconf 72' lang='lat' dir='ltr'><em>SYMONIACOS.</em></span> <span class='ocrx_word' id='word_1_6' title='bbox 1723 164 1784 194; x_wconf 60' lang='lat'><em>305</em></span> 
     </span>
    </p>
   </div>
   <div class='ocr_carea' id='block_1_2' title="bbox 91 254 1793 1794">
    <p class='ocr_par' dir='ltr' id='par_1_2' title="bbox 125 254 1787 452">
     <span class='ocr_line' id='line_1_2' title="bbox 125 254 1787 297; baseline 0 -11"><span class='ocrx_word' id='word_1_7' title='bbox 125 254 254 296; x_wconf 79' lang='lat' dir='ltr'><em>fuerit³¹</em></span> <span class='ocrx_word' id='word_1_8' title='bbox 283 254 470 295; x_wconf 84' lang='lat' dir='ltr'><em>postulatus</em></span> <span class='ocrx_word' id='word_1_9' title='bbox 499 266 569 286; x_wconf 83' lang='lat' dir='ltr'><em>cum</em></span> <span class='ocrx_word' id='word_1_10' title='bbox 600 254 799 286; x_wconf 74' lang='lat' dir='ltr'><em>solemnitate</em></span> <span class='ocrx_word' id='word_1_11' title='bbox 829 254 979 293; x_wconf 71' lang='lat' dir='ltr'><em>electusb,</em></span> <span class='ocrx_word' id='word_1_12' title='bbox 1018 256 1183 286; x_wconf 75' lang='lat' dir='ltr'><em>omniumc</em></span> <span class='ocrx_word' id='word_1_13' title='bbox 1211 255 1505 297; x_wconf 69' lang='lat' dir='ltr'><em>snbscm&#39;ptionibus</em></span> <span class='ocrx_word' id='word_1_14' title='bbox 1534 256 1727 287; x_wconf 64' lang='lat' dir='ltr'><em>roboratusb</em></span> <span class='ocrx_word' id='word_1_15' title='bbox 1759 261 1787 288; x_wconf 87' lang='lat' dir='ltr'><em>et</em></span> 
     </span>
     <span class='ocr_line' id='line_1_3' title="bbox 134 305 1786 348; baseline 0.001 -11"><span class='ocrx_word' id='word_1_16' title='bbox 134 306 318 338; x_wconf 76' lang='lat' dir='ltr'><em>dilectionis</em></span> <span class='ocrx_word' id='word_1_17' title='bbox 342 311 416 336; x_wconf 84' lang='lat' dir='ltr'><em>tuae</em></span> <span class='ocrx_word' id='word_1_18' title='bbox 439 307 620 337; x_wconf 86' lang='lat' dir='ltr'><em>testimonio</em></span> <span class='ocrx_word' id='word_1_19' title='bbox 639 306 825 337; x_wconf 80' lang='lat' dir='ltr'><em>litterarum</em></span> <span class='ocrx_word' id='word_1_20' title='bbox 842 305 887 336; x_wconf 81' lang='lat' dir='ltr'><em>ad</em></span> <span class='ocrx_word' id='word_1_21' title='bbox 903 317 960 336; x_wconf 83' lang='lat' dir='ltr'><em>nos</em></span> <span class='ocrx_word' id='word_1_22' title='bbox 981 306 1192 336; x_wconf 70' lang='lat' dir='ltr'><em>sacrandusd</em></span> <span class='ocrx_word' id='word_1_23' title='bbox 1209 312 1379 345; x_wconf 78' lang='lat' dir='ltr'><em>occurrat;</em></span> <span class='ocrx_word' id='word_1_24' title='bbox 1404 313 1654 339; x_wconf 61' lang='lat' dir='ltr'><em>commonentesss</em></span> <span class='ocrx_word' id='word_1_25' title='bbox 1678 309 1786 348; x_wconf 80' lang='lat' dir='ltr'><em>etiam,</em></span> 
     </span>
     <span class='ocr_line' id='line_1_4' title="bbox 136 357 1787 400; baseline 0.001 -12"><span class='ocrx_word' id='word_1_26' title='bbox 136 362 169 388; x_wconf 86' lang='lat' dir='ltr'><em>ut</em></span> <span class='ocrx_word' id='word_1_27' title='bbox 193 357 319 388; x_wconf 82' lang='lat' dir='ltr'><em>nullum</em></span> <span class='ocrx_word' id='word_1_28' title='bbox 343 357 402 388; x_wconf 76' lang='lat' dir='ltr'><em>def</em></span> <span class='ocrx_word' id='word_1_29' title='bbox 426 358 528 388; x_wconf 87' lang='lat' dir='ltr'><em>altera</em></span> <span class='ocrx_word' id='word_1_30' title='bbox 552 357 632 399; x_wconf 74' lang='lat' dir='ltr'><em>eliyi</em></span> <span class='ocrx_word' id='word_1_31' title='bbox 653 358 874 398; x_wconf 70' lang='lat' dir='ltr'><em>permittatisg</em></span> <span class='ocrx_word' id='word_1_32' title='bbox 898 357 1042 397; x_wconf 86' lang='lat' dir='ltr'><em>ecclesia,</em></span> <span class='ocrx_word' id='word_1_33' title='bbox 1066 358 1133 388; x_wconf 85' lang='lat' dir='ltr'><em>nisi</em></span> <span class='ocrx_word' id='word_1_34' title='bbox 1147 357 1238 398; x_wconf 82' lang='lat' dir='ltr'><em>forte</em></span> <span class='ocrx_word' id='word_1_35' title='bbox 1264 359 1348 389; x_wconf 85' lang='lat' dir='ltr'><em>inter</em></span> <span class='ocrx_word' id='word_1_36' title='bbox 1367 358 1501 389; x_wconf 81' lang='lat' dir='ltr'><em>clericos</em></span> <span class='ocrx_word' id='word_1_37' title='bbox 1519 361 1626 400; x_wconf 79' lang='lat' dir='ltr'><em>ipsius</em></span> <span class='ocrx_word' id='word_1_38' title='bbox 1643 360 1787 390; x_wconf 75' lang='lat' dir='ltr'><em>civitatis</em></span> 
     </span>
     <span class='ocr_line' id='line_1_5' title="bbox 138 409 1786 452; baseline 0.001 -14"><span class='ocrx_word' id='word_1_39' title='bbox 138 409 247 440; x_wconf 86' lang='lat' dir='ltr'><em>nullus</em></span> <span class='ocrx_word' id='word_1_40' title='bbox 269 409 313 439; x_wconf 81' lang='lat' dir='ltr'><em>ad</em></span> <span class='ocrx_word' id='word_1_41' title='bbox 336 410 559 450; x_wconf 80' lang='lat' dir='ltr'><em>episcopatum</em></span> <span class='ocrx_word' id='word_1_42' title='bbox 583 409 718 449; x_wconf 73' lang='lat' dir='ltr'><em>dz‘ynuS,</em></span> <span class='ocrx_word' id='word_1_43' title='bbox 742 409 830 450; x_wconf 77' lang='lat' dir='ltr'><em>quod</em></span> <span class='ocrx_word' id='word_1_44' title='bbox 845 409 971 439; x_wconf 74' lang='lat' dir='ltr'><em>evenire</em></span> <span class='ocrx_word' id='word_1_45' title='bbox 992 420 1055 439; x_wconf 85' lang='lat' dir='ltr'><em>non</em></span> <span class='ocrx_word' id='word_1_46' title='bbox 1074 409 1245 446; x_wconf 78' lang='lat' dir='ltr'><em>credimus,</em></span> <span class='ocrx_word' id='word_1_47' title='bbox 1268 411 1387 450; x_wconf 80' lang='lat' dir='ltr'><em>poterit</em></span> <span class='ocrx_word' id='word_1_48' title='bbox 1406 412 1565 442; x_wconf 77' lang='lat' dir='ltr'><em>inveniri:</em></span> <span class='ocrx_word' id='word_1_49' title='bbox 1584 412 1786 452; x_wconf 76' lang='lat' dir='ltr'><em>provisurus</em></span> 
     </span>
    </p>

    <p class='ocr_par' dir='ltr' id='par_1_3' title="bbox 93 460 1790 864">
     <span class='ocr_line' id='line_1_6' title="bbox 108 460 1784 504; baseline 0.001 -13"><span class='ocrx_word' id='word_1_50' title='bbox 108 473 120 491; x_wconf 79' lang='lat'>5</span> <span class='ocrx_word' id='word_1_51' title='bbox 136 465 210 491; x_wconf 85' lang='lat' dir='ltr'><em>ante</em></span> <span class='ocrx_word' id='word_1_52' title='bbox 233 461 355 500; x_wconf 84' lang='lat' dir='ltr'><em>omnia,</em></span> <span class='ocrx_word' id='word_1_53' title='bbox 380 472 419 491; x_wconf 89' lang='lat' dir='ltr'><em>ne</em></span> <span class='ocrx_word' id='word_1_54' title='bbox 444 461 489 491; x_wconf 84' lang='lat' dir='ltr'><em>ad</em></span> <span class='ocrx_word' id='word_1_55' title='bbox 504 461 675 491; x_wconf 85' lang='lat' dir='ltr'><em>cuiuslibet</em></span> <span class='ocrx_word' id='word_1_56' title='bbox 691 460 971 491; x_wconf 69' lang='lat' dir='ltr'><em>conversationish</em></span> <span class='ocrx_word' id='word_1_57' title='bbox 996 461 1143 491; x_wconf 76' lang='lat' dir='ltr'><em>meritum</em></span> <span class='ocrx_word' id='word_1_58' title='bbox 1167 460 1306 491; x_wconf 62' lang='lat' dir='ltr'><em>laicaeh‘</em></span> <span class='ocrx_word' id='word_1_59' title='bbox 1328 473 1489 502; x_wconf 73' lang='lat' dir='ltr'><em>personae</em></span> <span class='ocrx_word' id='word_1_60' title='bbox 1513 463 1688 504; x_wconf 76' lang='lat' dir='ltr'><em>adspirare</em></span> <span class='ocrx_word' id='word_1_61' title='bbox 1710 474 1784 504; x_wconf 89' lang='lat' dir='ltr'><em>pre-</em></span> 
     </span>
     <span class='ocr_line' id='line_1_7' title="bbox 135 512 1784 555; baseline 0.001 -13"><span class='ocrx_word' id='word_1_62' title='bbox 135 517 278 552; x_wconf 85' lang='lat' dir='ltr'><em>sumant,</em></span> <span class='ocrx_word' id='word_1_63' title='bbox 300 517 328 542; x_wconf 89' lang='lat' dir='ltr'><em>et</em></span> <span class='ocrx_word' id='word_1_64' title='bbox 351 517 383 542; x_wconf 84' lang='lat' dir='ltr'><em>tu</em></span> <span class='ocrx_word' id='word_1_65' title='bbox 406 512 591 553; x_wconf 83' lang='lat' dir='ltr'><em>periculum</em></span> <span class='ocrx_word' id='word_1_66' title='bbox 615 512 744 543; x_wconf 80' lang='lat' dir='ltr'><em>ordinis</em></span> <span class='ocrx_word' id='word_1_67' title='bbox 768 513 827 550; x_wconf 82' lang='lat' dir='ltr'><em>tui,</em></span> <span class='ocrx_word' id='word_1_68' title='bbox 852 512 939 553; x_wconf 79' lang='lat' dir='ltr'><em>quod</em></span> <span class='ocrx_word' id='word_1_69' title='bbox 962 512 1056 550; x_wconf 77' lang='lat' dir='ltr'><em>absit,</em></span> <span class='ocrx_word' id='word_1_70' title='bbox 1081 512 1246 542; x_wconf 75' lang='lat' dir='ltr'><em>incurras.</em></span> <span class='ocrx_word' id='word_1_71' title='bbox 1286 512 1336 542; x_wconf 78' lang='lat' dir='ltr'><em>Ex</em></span> <span class='ocrx_word' id='word_1_72' title='bbox 1361 513 1496 543; x_wconf 78' lang='lat' dir='ltr'><em>concilio</em></span> <span class='ocrx_word' id='word_1_73' title='bbox 1514 513 1633 545; x_wconf 77' lang='lat' dir='ltr'><em>Nic-eno</em></span> <span class='ocrx_word' id='word_1_74' title='bbox 1659 522 1784 555; x_wconf 81' lang='lat' dir='ltr'><em>patrum</em></span> 
     </span>
     <span class='ocr_line' id='line_1_8' title="bbox 137 562 1788 607; baseline 0.001 -13"><span class='ocrx_word' id='word_1_75' title='bbox 137 562 307 594; x_wconf 76' lang='lat' dir='ltr'><em>CCCtorum</em></span> <span class='ocrx_word' id='word_1_76' title='bbox 332 563 457 602; x_wconf 81' lang='lat' dir='ltr'>XVIII,</span> <span class='ocrx_word' id='word_1_77' title='bbox 487 574 559 605; x_wconf 84' lang='lat' dir='ltr'><em>cap.</em></span> <span class='ocrx_word' id='word_1_78' title='bbox 585 563 667 594; x_wconf 51' lang='lat' dir='ltr'><em>VIM</em></span> <span class='ocrx_word' id='word_1_79' title='bbox 700 563 760 594; x_wconf 88' lang='lat' dir='ltr'><em>Per</em></span> <span class='ocrx_word' id='word_1_80' title='bbox 790 565 901 594; x_wconf 86' lang='lat' dir='ltr'><em>omnia</em></span> <span class='ocrx_word' id='word_1_81' title='bbox 932 568 1037 594; x_wconf 81' lang='lat' dir='ltr'><em>autem</em></span> <span class='ocrx_word' id='word_1_82' title='bbox 1068 563 1278 604; x_wconf 65' lang='lat' dir='ltr'><em>manifestum</em></span> <span class='ocrx_word' id='word_1_83' title='bbox 1311 569 1365 602; x_wconf 83' lang='lat' dir='ltr'><em>est,</em></span> <span class='ocrx_word' id='word_1_84' title='bbox 1395 566 1473 605; x_wconf 78' lang='lat' dir='ltr'><em>qaia</em></span> <span class='ocrx_word' id='word_1_85' title='bbox 1503 566 1532 595; x_wconf 89' lang='lat' dir='ltr'><em>si</em></span> <span class='ocrx_word' id='word_1_86' title='bbox 1561 567 1633 607; x_wconf 76' lang='lat' dir='ltr'><em>quis</em></span> <span class='ocrx_word' id='word_1_87' title='bbox 1654 571 1788 606; x_wconf 77' lang='lat' dir='ltr'><em>praeter</em></span> 
     </span>
     <span class='ocr_line' id='line_1_9' title="bbox 137 613 1787 659; baseline 0.001 -14"><span class='ocrx_word' id='word_1_88' title='bbox 137 613 334 645; x_wconf 82' lang='lat' dir='ltr'><em>voluntatem</em></span> <span class='ocrx_word' id='word_1_89' title='bbox 357 620 384 645; x_wconf 87' lang='lat' dir='ltr'><em>et</em></span> <span class='ocrx_word' id='word_1_90' title='bbox 407 615 596 646; x_wconf 64' lang='lat' dir='ltr'><em>scientiam*</em></span> <span class='ocrx_word' id='word_1_91' title='bbox 623 615 867 656; x_wconf 81' lang='lat' dir='ltr'><em>metropolitani</em></span> <span class='ocrx_word' id='word_1_92' title='bbox 890 615 1036 656; x_wconf 75' lang='lat' dir='ltr'><em>episcopi</em></span> <span class='ocrx_word' id='word_1_93' title='bbox 1049 615 1159 654; x_wconf 76' lang='lat' dir='ltr'><em>faerit</em></span> <span class='ocrx_word' id='word_1_94' title='bbox 1184 615 1370 655; x_wconf 77' lang='lat' dir='ltr'><em>ordinatus,</em></span> <span class='ocrx_word' id='word_1_95' title='bbox 1395 616 1480 646; x_wconf 77' lang='lat' dir='ltr'><em>hunc</em></span> <span class='ocrx_word' id='word_1_96' title='bbox 1501 617 1672 648; x_wconf 82' lang='lat' dir='ltr'><em>concilium</em></span> <span class='ocrx_word' id='word_1_97' title='bbox 1699 629 1787 659; x_wconf 50' lang='lat' dir='ltr'><em>&#39;may-</em></span> 
     </span>
     <span class='ocr_line' id='line_1_10' title="bbox 138 665 1788 707; baseline 0.001 -11"><span class='ocrx_word' id='word_1_98' title='bbox 138 678 215 697; x_wconf 81' lang='lat' dir='ltr'><em>num</em></span> <span class='ocrx_word' id='word_1_99' title='bbox 238 671 267 698; x_wconf 87' lang='lat' dir='ltr'><em>et</em></span> <span class='ocrx_word' id='word_1_100' title='bbox 290 671 438 697; x_wconf 87' lang='lat' dir='ltr'><em>sanctum</em></span> <span class='ocrx_word' id='word_1_101' title='bbox 463 667 608 697; x_wconf 75' lang='lat' dir='ltr'><em>censuitk</em></span> <span class='ocrx_word' id='word_1_102' title='bbox 632 678 698 698; x_wconf 91' lang='lat' dir='ltr'><em>non</em></span> <span class='ocrx_word' id='word_1_103' title='bbox 723 667 832 697; x_wconf 81' lang='lat' dir='ltr'><em>debere</em></span> <span class='ocrx_word' id='word_1_104' title='bbox 856 666 940 697; x_wconf 84' lang='lat' dir='ltr'><em>esse¹</em></span> <span class='ocrx_word' id='word_1_105' title='bbox 967 667 1164 707; x_wconf 79' lang='lat' dir='ltr'><em>episcopum.</em></span> <span class='ocrx_word' id='word_1_106' title='bbox 1211 665 1300 697; x_wconf 85' lang='lat' dir='ltr'><em>Sane</em></span> <span class='ocrx_word' id='word_1_107' title='bbox 1324 668 1353 697; x_wconf 85' lang='lat' dir='ltr'><em>si</em></span> <span class='ocrx_word' id='word_1_108' title='bbox 1376 670 1537 699; x_wconf 83' lang='lat' dir='ltr'><em>communi</em></span> <span class='ocrx_word' id='word_1_109' title='bbox 1557 670 1697 699; x_wconf 76' lang='lat' dir='ltr'><em>omnium</em></span> <span class='ocrx_word' id='word_1_110' title='bbox 1717 680 1788 699; x_wconf 84' lang='lat' dir='ltr'><em>con-</em></span> 
     </span>
     <span class='ocr_line' id='line_1_11' title="bbox 93 717 1786 759; baseline 0.001 -9"><span class='ocrx_word' id='word_1_111' title='bbox 93 731 117 750; x_wconf 89' lang='grc' dir='ltr'><em>ιο</em></span> <span class='ocrx_word' id='word_1_112' title='bbox 136 724 260 749; x_wconf 83' lang='lat' dir='ltr'><em>sensu¹n</em></span> <span class='ocrx_word' id='word_1_113' title='bbox 283 717 529 749; x_wconf 74' lang='lat' dir='ltr'><em>rationabiliter</em></span> <span class='ocrx_word' id='word_1_114' title='bbox 550 718 685 759; x_wconf 79' lang='lat' dir='ltr'><em>probato</em></span> <span class='ocrx_word' id='word_1_115' title='bbox 701 718 880 749; x_wconf 79' lang='lat' dir='ltr'><em>secundum</em></span> <span class='ocrx_word' id='word_1_116' title='bbox 897 717 1171 749; x_wconf 73' lang='lat' dir='ltr'><em>ecclesiasticamn</em></span> <span class='ocrx_word' id='word_1_117' title='bbox 1195 718 1341 759; x_wconf 67' lang='lat' dir='ltr'><em>reyulam</em></span> <span class='ocrx_word' id='word_1_118' title='bbox 1368 719 1452 749; x_wconf 79' lang='lat' dir='ltr'><em>duo⁰</em></span> <span class='ocrx_word' id='word_1_119' title='bbox 1477 719 1523 750; x_wconf 63' lang='lat' dir='ltr'><em>vet</em></span> <span class='ocrx_word' id='word_1_120' title='bbox 1546 725 1609 750; x_wconf 84' lang='lat' dir='ltr'><em>tres</em></span> <span class='ocrx_word' id='word_1_121' title='bbox 1633 722 1786 751; x_wconf 79' lang='lat' dir='ltr'><em>animosi-</em></span> 
     </span>
     <span class='ocr_line' id='line_1_12' title="bbox 137 769 1788 810; baseline 0.001 -10"><span class='ocrx_word' id='word_1_122' title='bbox 137 774 200 800; x_wconf 83' lang='lat' dir='ltr'><em>tate</em></span> <span class='ocrx_word' id='word_1_123' title='bbox 224 769 315 800; x_wconf 83' lang='lat' dir='ltr'><em>ducti</em></span> <span class='ocrx_word' id='word_1_124' title='bbox 334 781 396 810; x_wconf 85' lang='lat' dir='ltr'><em>per</em></span> <span class='ocrx_word' id='word_1_125' title='bbox 418 771 651 801; x_wconf 78' lang='lat' dir='ltr'><em>contentionem</em></span> <span class='ocrx_word' id='word_1_126' title='bbox 675 770 919 809; x_wconf 75' lang='lat' dir='ltr'><em>contradicunt,</em></span> <span class='ocrx_word' id='word_1_127' title='bbox 949 771 1094 810; x_wconf 77' lang='lat' dir='ltr'><em>optineat</em></span> <span class='ocrx_word' id='word_1_128' title='bbox 1116 770 1337 810; x_wconf 85' lang='lat' dir='ltr'><em>plurimorum</em></span> <span class='ocrx_word' id='word_1_129' title='bbox 1365 772 1549 801; x_wconf 69' lang='lat' dir='ltr'><em>sententiav</em></span> <span class='ocrx_word' id='word_1_130' title='bbox 1573 773 1788 802; x_wconf 74' lang='lat' dir='ltr'><em>sacerdotum.</em></span> 
     </span>
     <span class='ocr_line' id='line_1_13' title="bbox 244 820 1790 864; baseline 0.001 -12"><span class='ocrx_word' id='word_1_131' title='bbox 244 821 273 852; x_wconf 89' lang='grc'><em>7.</em></span> <span class='ocrx_word' id='word_1_132' title='bbox 318 821 370 852; x_wconf 75' lang='lat' dir='ltr'><em>Ex</em></span> <span class='ocrx_word' id='word_1_133' title='bbox 394 821 466 852; x_wconf 85' lang='lat' dir='ltr'><em>VH.</em></span> <span class='ocrx_word' id='word_1_134' title='bbox 491 821 634 863; x_wconf 65' lang='lat' dir='ltr'><em>synodoq</em></span> <span class='ocrx_word' id='word_1_135' title='bbox 666 821 839 852; x_wconf 78' lang='lat' dir='ltr'><em>universali</em></span> <span class='ocrx_word' id='word_1_136' title='bbox 870 820 979 852; x_wconf 85' lang='lat' dir='ltr'><em>habita</em></span> <span class='ocrx_word' id='word_1_137' title='bbox 1010 831 1028 850; x_wconf 88' lang='lat' dir='ltr'><em>a</em></span> <span class='ocrx_word' id='word_1_138' title='bbox 1060 821 1201 862; x_wconf 83' lang='lat' dir='ltr'><em>quinque</em></span> <span class='ocrx_word' id='word_1_139' title='bbox 1231 821 1422 862; x_wconf 81' lang='lat' dir='ltr'><em>patriarchis</em></span> <span class='ocrx_word' id='word_1_140' title='bbox 1452 833 1524 852; x_wconf 85' lang='lat' dir='ltr'><em>cum</em></span> <span class='ocrx_word' id='word_1_141' title='bbox 1550 822 1664 854; x_wconf 71' lang='lat' dir='ltr'><em>CCCL</em></span> <span class='ocrx_word' id='word_1_142' title='bbox 1694 824 1790 864; x_wconf 85' lang='lat' dir='ltr'><em>patri-</em></span> 
     </span>
    </p>

    <p class='ocr_par' dir='ltr' id='par_1_4' title="bbox 91 872 1793 1794">
     <span class='ocr_line' id='line_1_14' title="bbox 139 872 1790 916; baseline 0.001 -13"><span class='ocrx_word' id='word_1_143' title='bbox 139 873 197 903; x_wconf 89' lang='lat' dir='ltr'><em>bus</em></span> <span class='ocrx_word' id='word_1_144' title='bbox 228 873 287 903; x_wconf 87' lang='lat' dir='ltr'><em>sub</em></span> <span class='ocrx_word' id='word_1_145' title='bbox 315 873 439 914; x_wconf 77' lang='lat' dir='ltr'><em>primor</em></span> <span class='ocrx_word' id='word_1_146' title='bbox 463 872 608 904; x_wconf 79' lang='lat' dir='ltr'><em>Adriano</em></span> <span class='ocrx_word' id='word_1_147' title='bbox 638 874 791 914; x_wconf 83' lang='lat' dir='ltr'><em>pontifice</em></span> <span class='ocrx_word' id='word_1_148' title='bbox 821 873 966 904; x_wconf 85' lang='lat' dir='ltr'><em>Romano</em></span> <span class='ocrx_word' id='word_1_149' title='bbox 998 873 1081 915; x_wconf 86' lang='lat' dir='ltr'><em>[cap.</em></span> <span class='ocrx_word' id='word_1_150' title='bbox 1105 872 1237 914; x_wconf 62' lang='lat' dir='ltr'><em>IIIS-q:</em></span> <span class='ocrx_word' id='word_1_151' title='bbox 1269 872 1382 904; x_wconf 79' lang='lat' dir='ltr'><em>Omnis</em></span> <span class='ocrx_word' id='word_1_152' title='bbox 1413 873 1522 904; x_wconf 68' lang='lat' dir='ltr'><em>electio</em></span> <span class='ocrx_word' id='word_1_153' title='bbox 1552 875 1716 916; x_wconf 73' lang='lat' dir='ltr'><em>episcopi²</em></span> <span class='ocrx_word' id='word_1_154' title='bbox 1745 875 1790 905; x_wconf 79' lang='lat' dir='ltr'><em>vel</em></span> 
     </span>
     <span class='ocr_line' id='line_1_15' title="bbox 135 924 1790 968; baseline 0.002 -14"><span class='ocrx_word' id='word_1_155' title='bbox 135 924 319 967; x_wconf 72' lang='lat' dir='ltr'><em>presbyteri</em></span> <span class='ocrx_word' id='word_1_156' title='bbox 349 929 408 955; x_wconf 82' lang='lat' dir='ltr'><em>aut</em></span> <span class='ocrx_word' id='word_1_157' title='bbox 438 925 575 956; x_wconf 82' lang='lat' dir='ltr'><em>diaconi</em></span> <span class='ocrx_word' id='word_1_158' title='bbox 603 937 623 955; x_wconf 90' lang='lat' dir='ltr'><em>a</em></span> <span class='ocrx_word' id='word_1_159' title='bbox 645 925 858 966; x_wconf 84' lang='lat' dir='ltr'><em>principibus</em></span> <span class='ocrx_word' id='word_1_160' title='bbox 886 924 981 963; x_wconf 78' lang='lat' dir='ltr'><em>facta</em></span> <span class='ocrx_word' id='word_1_161' title='bbox 1012 926 1113 955; x_wconf 85' lang='lat' dir='ltr'><em>irrita</em></span> <span class='ocrx_word' id='word_1_162' title='bbox 1143 929 1275 955; x_wconf 79' lang='lat' dir='ltr'><em>maneat</em></span> <span class='ocrx_word' id='word_1_163' title='bbox 1303 924 1479 955; x_wconf 77' lang='lat' dir='ltr'><em>secundum</em></span> <span class='ocrx_word' id='word_1_164' title='bbox 1511 925 1676 967; x_wconf 65' lang='lat' dir='ltr'><em>regulam,</em></span> <span class='ocrx_word' id='word_1_165' title='bbox 1708 938 1790 968; x_wconf 77' lang='lat' dir='ltr'><em>quae</em></span> 
     </span>
     <span class='ocr_line' id='line_1_16' title="bbox 93 975 1790 1019; baseline 0.001 -11"><span class='ocrx_word' id='word_1_166' title='bbox 93 990 118 1008; x_wconf 78' lang='lat'><em>15</em></span> <span class='ocrx_word' id='word_1_167' title='bbox 139 976 237 1007; x_wconf 80' lang='lat' dir='ltr'><em>dicit.-</em></span> <span class='ocrx_word' id='word_1_168' title='bbox 261 975 311 1008; x_wconf 78' lang='lat' dir='ltr'><em>‘Si</em></span> <span class='ocrx_word' id='word_1_169' title='bbox 334 977 408 1018; x_wconf 81' lang='lat' dir='ltr'><em>quis</em></span> <span class='ocrx_word' id='word_1_170' title='bbox 431 977 604 1018; x_wconf 82' lang='lat' dir='ltr'><em>episcopus</em></span> <span class='ocrx_word' id='word_1_171' title='bbox 627 976 854 1007; x_wconf 79' lang='lat' dir='ltr'><em>saecularibus</em></span> <span class='ocrx_word' id='word_1_172' title='bbox 874 976 1089 1017; x_wconf 71' lang='lat' dir='ltr'><em>potestatibus</em></span> <span class='ocrx_word' id='word_1_173' title='bbox 1108 987 1188 1006; x_wconf 82' lang='lat' dir='ltr'><em>usus</em></span> <span class='ocrx_word' id='word_1_174' title='bbox 1205 975 1395 1007; x_wconf 82' lang='lat' dir='ltr'><em>ecclesiamu</em></span> <span class='ocrx_word' id='word_1_175' title='bbox 1414 988 1478 1018; x_wconf 87' lang='lat' dir='ltr'><em>per</em></span> <span class='ocrx_word' id='word_1_176' title='bbox 1503 978 1609 1019; x_wconf 65' lang='lat' dir='ltr'><em>ipsas*</em></span> <span class='ocrx_word' id='word_1_177' title='bbox 1638 977 1790 1018; x_wconf 80' lang='lat' dir='ltr'><em>obtineat,</em></span> 
     </span>
     <span class='ocr_line' id='line_1_17' title="bbox 139 1027 1788 1070; baseline 0.001 -12"><span class='ocrx_word' id='word_1_178' title='bbox 139 1028 322 1069; x_wconf 77' lang='lat' dir='ltr'><em>deponatur</em></span> <span class='ocrx_word' id='word_1_179' title='bbox 352 1033 379 1059; x_wconf 85' lang='lat' dir='ltr'><em>et</em></span> <span class='ocrx_word' id='word_1_180' title='bbox 410 1033 624 1070; x_wconf 70' lang='lat' dir='ltr'><em>seyreyetarw</em></span> <span class='ocrx_word' id='word_1_181' title='bbox 649 1039 819 1069; x_wconf 79' lang='lat' dir='ltr'><em>omnesque</em></span> <span class='ocrx_word' id='word_1_182' title='bbox 850 1029 908 1069; x_wconf 82' lang='lat' dir='ltr'><em>qui</em></span> <span class='ocrx_word' id='word_1_183' title='bbox 936 1027 988 1059; x_wconf 83' lang='lat' dir='ltr'><em>illi</em></span> <span class='ocrx_word' id='word_1_184' title='bbox 1018 1027 1276 1058; x_wconf 83' lang='lat' dir='ltr'><em>communicant.’</em></span> <span class='ocrx_word' id='word_1_185' title='bbox 1329 1027 1380 1057; x_wconf 80' lang='lat' dir='ltr'><em>Ex</em></span> <span class='ocrx_word' id='word_1_186' title='bbox 1413 1027 1503 1058; x_wconf 84' lang='lat' dir='ltr'>VIII.</span> <span class='ocrx_word' id='word_1_187' title='bbox 1536 1029 1683 1070; x_wconf 70' lang='lat' dir='ltr'><em>synodox</em></span> <span class='ocrx_word' id='word_1_188' title='bbox 1713 1030 1788 1060; x_wconf 83' lang='lat' dir='ltr'><em>item</em></span> 
     </span>
     <span class='ocr_line' id='line_1_18' title="bbox 141 1078 1791 1122; baseline 0.002 -13"><span class='ocrx_word' id='word_1_189' title='bbox 141 1078 314 1110; x_wconf 79' lang='lat' dir='ltr'><em>universali</em></span> <span class='ocrx_word' id='word_1_190' title='bbox 338 1079 447 1110; x_wconf 85' lang='lat' dir='ltr'><em>habita</em></span> <span class='ocrx_word' id='word_1_191' title='bbox 472 1079 595 1122; x_wconf 63' lang='lat' dir='ltr'><em>[itemr]</em></span> <span class='ocrx_word' id='word_1_192' title='bbox 626 1090 646 1109; x_wconf 87' lang='lat' dir='ltr'><em>a</em></span> <span class='ocrx_word' id='word_1_193' title='bbox 674 1079 816 1121; x_wconf 86' lang='lat' dir='ltr'><em>quinque</em></span> <span class='ocrx_word' id='word_1_194' title='bbox 843 1079 1034 1121; x_wconf 79' lang='lat' dir='ltr'><em>patriarchis</em></span> <span class='ocrx_word' id='word_1_195' title='bbox 1066 1089 1137 1109; x_wconf 83' lang='lat' dir='ltr'><em>cum</em></span> <span class='ocrx_word' id='word_1_196' title='bbox 1170 1080 1316 1120; x_wconf 79' lang='lat' dir='ltr'><em>patribus</em></span> <span class='ocrx_word' id='word_1_197' title='bbox 1341 1079 1461 1110; x_wconf 83' lang='lat' dir='ltr'>CCXL</span> <span class='ocrx_word' id='word_1_198' title='bbox 1492 1079 1551 1110; x_wconf 83' lang='lat' dir='ltr'><em>sub</em></span> <span class='ocrx_word' id='word_1_199' title='bbox 1582 1081 1707 1122; x_wconf 85' lang='lat' dir='ltr'><em>primoz</em></span> <span class='ocrx_word' id='word_1_200' title='bbox 1738 1080 1791 1112; x_wconf 65' lang='lat' dir='ltr'><em>Ni-</em></span> 
     </span>
     <span class='ocr_line' id='line_1_19' title="bbox 140 1130 1790 1174; baseline 0.001 -12"><span class='ocrx_word' id='word_1_201' title='bbox 140 1130 230 1162; x_wconf 88' lang='lat' dir='ltr'><em>colao</em></span> <span class='ocrx_word' id='word_1_202' title='bbox 254 1131 407 1173; x_wconf 82' lang='lat' dir='ltr'><em>pontifice</em></span> <span class='ocrx_word' id='word_1_203' title='bbox 430 1142 500 1173; x_wconf 87' lang='lat' dir='ltr'><em>cap.</em></span> <span class='ocrx_word' id='word_1_204' title='bbox 526 1130 637 1174; x_wconf 82' lang='lat' dir='ltr'><em>[XXII</em></span> <span class='ocrx_word' id='word_1_205' title='bbox 649 1131 720 1173; x_wconf 69' lang='grc' dir='ltr'><em>ει’3];</em></span> <span class='ocrx_word' id='word_1_206' title='bbox 751 1131 971 1162; x_wconf 84' lang='lat' dir='ltr'><em>Promotiones</em></span> <span class='ocrx_word' id='word_1_207' title='bbox 1001 1136 1028 1162; x_wconf 79' lang='lat' dir='ltr'><em>et</em></span> <span class='ocrx_word' id='word_1_208' title='bbox 1058 1132 1315 1162; x_wconf 77' lang='lat' dir='ltr'><em>consecrationes</em></span> <span class='ocrx_word' id='word_1_209' title='bbox 1337 1132 1561 1173; x_wconf 81' lang='lat' dir='ltr'><em>episcoporum</em></span> <span class='ocrx_word' id='word_1_210' title='bbox 1586 1133 1790 1164; x_wconf 75' lang='lat' dir='ltr'><em>concordans</em></span> 
     </span>
     <span class='ocr_line' id='line_1_20' title="bbox 135 1182 1792 1225; baseline 0.001 -11"><span class='ocrx_word' id='word_1_211' title='bbox 135 1183 308 1225; x_wconf 80' lang='lat' dir='ltr'><em>prioribus</em></span> <span class='ocrx_word' id='word_1_212' title='bbox 331 1182 483 1214; x_wconf 81' lang='lat' dir='ltr'><em>conciliis</em></span> <span class='ocrx_word' id='word_1_213' title='bbox 506 1183 653 1214; x_wconf 81' lang='lat' dir='ltr'><em>electione</em></span> <span class='ocrx_word' id='word_1_214' title='bbox 685 1195 723 1214; x_wconf 85' lang='lat' dir='ltr'><em>ac</em></span> <span class='ocrx_word' id='word_1_215' title='bbox 752 1183 875 1214; x_wconf 80' lang='lat' dir='ltr'><em>decreto</em></span> <span class='ocrx_word' id='word_1_216' title='bbox 903 1183 1152 1224; x_wconf 81' lang='lat' dir='ltr'><em>episcoporumb</em></span> <span class='ocrx_word' id='word_1_217' title='bbox 1173 1182 1254 1222; x_wconf 87' lang='lat' dir='ltr'><em>fieri</em></span> <span class='ocrx_word' id='word_1_218' title='bbox 1283 1183 1362 1213; x_wconf 80' lang='lat' dir='ltr'><em>haec</em></span> <span class='ocrx_word' id='word_1_219' title='bbox 1390 1188 1509 1214; x_wconf 86' lang='lat' dir='ltr'><em>sancta</em></span> <span class='ocrx_word' id='word_1_220' title='bbox 1539 1189 1566 1214; x_wconf 89' lang='lat' dir='ltr'><em>et</em></span> <span class='ocrx_word' id='word_1_221' title='bbox 1591 1184 1792 1215; x_wconf 83' lang='lat' dir='ltr'><em>universalis</em></span> 
     </span>
     <span class='ocr_line' id='line_1_21' title="bbox 91 1233 1792 1276; baseline 0 -10"><span class='ocrx_word' id='word_1_222' title='bbox 91 1246 118 1265; x_wconf 82' lang='lat'><em>20</em></span> <span class='ocrx_word' id='word_1_223' title='bbox 138 1235 286 1276; x_wconf 77' lang='lat' dir='ltr'><em>synodus</em></span> <span class='ocrx_word' id='word_1_224' title='bbox 316 1234 477 1276; x_wconf 76' lang='lat' dir='ltr'><em>diffinivit</em></span> <span class='ocrx_word' id='word_1_225' title='bbox 508 1239 534 1266; x_wconf 83' lang='lat' dir='ltr'><em>et</em></span> <span class='ocrx_word' id='word_1_226' title='bbox 565 1235 678 1265; x_wconf 81' lang='lat' dir='ltr'><em>statuit</em></span> <span class='ocrx_word' id='word_1_227' title='bbox 706 1239 800 1276; x_wconf 81' lang='lat' dir='ltr'><em>atque</em></span> <span class='ocrx_word' id='word_1_228' title='bbox 823 1235 896 1265; x_wconf 79' lang='lat' dir='ltr'><em>iure</em></span> <span class='ocrx_word' id='word_1_229' title='bbox 914 1233 1141 1276; x_wconf 73' lang='lat' dir='ltr'><em>promulyavit</em></span> <span class='ocrx_word' id='word_1_230' title='bbox 1166 1235 1321 1265; x_wconf 81' lang='lat' dir='ltr'><em>neminem</em></span> <span class='ocrx_word' id='word_1_231' title='bbox 1344 1234 1506 1266; x_wconf 80' lang='lat' dir='ltr'><em>laicorum</em></span> <span class='ocrx_word' id='word_1_232' title='bbox 1524 1236 1718 1276; x_wconf 82' lang='lat' dir='ltr'><em>principum</em></span> <span class='ocrx_word' id='word_1_233' title='bbox 1746 1236 1792 1267; x_wconf 73' lang='lat' dir='ltr'><em>vel</em></span> 
     </span>
     <span class='ocr_line' id='line_1_22' title="bbox 135 1286 1791 1328; baseline 0.001 -11"><span class='ocrx_word' id='word_1_234' title='bbox 135 1291 304 1328; x_wconf 81' lang='lat' dir='ltr'><em>potentum</em></span> <span class='ocrx_word' id='word_1_235' title='bbox 337 1291 433 1316; x_wconf 82' lang='lat' dir='ltr'><em>semet</em></span> <span class='ocrx_word' id='word_1_236' title='bbox 462 1287 605 1317; x_wconf 83' lang='lat' dir='ltr'><em>inserere</em></span> <span class='ocrx_word' id='word_1_237' title='bbox 635 1286 782 1317; x_wconf 87' lang='lat' dir='ltr'><em>electioni</em></span> <span class='ocrx_word' id='word_1_238' title='bbox 814 1286 882 1317; x_wconf 75' lang='lat' dir='ltr'><em>vete</em></span> <span class='ocrx_word' id='word_1_239' title='bbox 910 1287 1115 1326; x_wconf 72' lang='lat' dir='ltr'><em>promotioni</em></span> <span class='ocrx_word' id='word_1_240' title='bbox 1142 1286 1360 1327; x_wconf 75' lang='lat' dir='ltr'><em>patriarchae</em></span> <span class='ocrx_word' id='word_1_241' title='bbox 1388 1286 1458 1317; x_wconf 78' lang='lat' dir='ltr'><em>veld</em></span> <span class='ocrx_word' id='word_1_242' title='bbox 1481 1288 1702 1328; x_wconf 74' lang='lat' dir='ltr'><em>metropolitae</em></span> <span class='ocrx_word' id='word_1_243' title='bbox 1735 1292 1791 1318; x_wconf 76' lang='lat' dir='ltr'><em>aut</em></span> 
     </span>
     <span class='ocr_line' id='line_1_23' title="bbox 140 1337 1793 1379; baseline 0.001 -10"><span class='ocrx_word' id='word_1_244' title='bbox 140 1337 310 1369; x_wconf 82' lang='lat' dir='ltr'><em>cuiuslibet</em></span> <span class='ocrx_word' id='word_1_245' title='bbox 332 1338 495 1378; x_wconf 74' lang='lat' dir='ltr'><em>episcopi,</em></span> <span class='ocrx_word' id='word_1_246' title='bbox 526 1349 565 1368; x_wconf 89' lang='lat' dir='ltr'><em>ne</em></span> <span class='ocrx_word' id='word_1_247' title='bbox 594 1337 741 1369; x_wconf 83' lang='lat' dir='ltr'><em>videlicet</em></span> <span class='ocrx_word' id='word_1_248' title='bbox 764 1338 962 1369; x_wconf 80' lang='lat' dir='ltr'><em>inordinata</em></span> <span class='ocrx_word' id='word_1_249' title='bbox 994 1337 1069 1368; x_wconf 82' lang='lat' dir='ltr'><em>lzinc</em></span> <span class='ocrx_word' id='word_1_250' title='bbox 1100 1342 1128 1368; x_wconf 86' lang='lat' dir='ltr'><em>et</em></span> <span class='ocrx_word' id='word_1_251' title='bbox 1157 1339 1343 1379; x_wconf 71' lang='lat' dir='ltr'><em>inconqrua</em></span> <span class='ocrx_word' id='word_1_252' title='bbox 1358 1338 1424 1377; x_wconf 84' lang='lat' dir='ltr'><em>fiat</em></span> <span class='ocrx_word' id='word_1_253' title='bbox 1448 1338 1600 1379; x_wconf 81' lang='lat' dir='ltr'><em>confusio</em></span> <span class='ocrx_word' id='word_1_254' title='bbox 1624 1339 1693 1370; x_wconf 66' lang='lat' dir='ltr'><em>vetc</em></span> <span class='ocrx_word' id='word_1_255' title='bbox 1718 1351 1793 1370; x_wconf 88' lang='lat' dir='ltr'><em>con-</em></span> 
     </span>
     <span class='ocr_line' id='line_1_24' title="bbox 139 1389 1790 1431; baseline 0.001 -11"><span class='ocrx_word' id='word_1_256' title='bbox 139 1390 250 1428; x_wconf 86' lang='lat' dir='ltr'><em>tentio,</em></span> <span class='ocrx_word' id='word_1_257' title='bbox 275 1391 449 1430; x_wconf 79' lang='lat' dir='ltr'><em>presertim</em></span> <span class='ocrx_word' id='word_1_258' title='bbox 480 1401 551 1420; x_wconf 86' lang='lat' dir='ltr'><em>cum</em></span> <span class='ocrx_word' id='word_1_259' title='bbox 578 1389 704 1420; x_wconf 82' lang='lat' dir='ltr'><em>nullam</em></span> <span class='ocrx_word' id='word_1_260' title='bbox 734 1390 767 1420; x_wconf 84' lang='lat' dir='ltr'><em>in</em></span> <span class='ocrx_word' id='word_1_261' title='bbox 799 1389 921 1420; x_wconf 86' lang='lat' dir='ltr'><em>talibus</em></span> <span class='ocrx_word' id='word_1_262' title='bbox 948 1394 1137 1430; x_wconf 83' lang='lat' dir='ltr'><em>potestatem</em></span> <span class='ocrx_word' id='word_1_263' title='bbox 1169 1395 1380 1431; x_wconf 68' lang='lat' dir='ltr'><em>quemquame</em></span> <span class='ocrx_word' id='word_1_264' title='bbox 1411 1390 1596 1421; x_wconf 73' lang='lat' dir='ltr'><em>laicorums</em></span> <span class='ocrx_word' id='word_1_265' title='bbox 1623 1392 1790 1431; x_wconf 84' lang='lat' dir='ltr'><em>potestati-</em></span> 
     </span>
     <span class='ocr_line' id='line_1_25' title="bbox 140 1440 1792 1484; baseline 0.001 -13"><span class='ocrx_word' id='word_1_266' title='bbox 140 1452 250 1472; x_wconf 82' lang='lat' dir='ltr'><em>vorum</em></span> <span class='ocrx_word' id='word_1_267' title='bbox 275 1441 392 1471; x_wconf 78' lang='lat' dir='ltr'><em>habere</em></span> <span class='ocrx_word' id='word_1_268' title='bbox 415 1441 607 1479; x_wconf 85' lang='lat' dir='ltr'><em>conveniat‚·</em></span> <span class='ocrx_word' id='word_1_269' title='bbox 637 1441 693 1471; x_wconf 78' lang='lat' dir='ltr'><em>ses]</em></span> <span class='ocrx_word' id='word_1_270' title='bbox 717 1442 832 1482; x_wconf 87' lang='lat' dir='ltr'><em>potius</em></span> <span class='ocrx_word' id='word_1_271' title='bbox 855 1440 949 1471; x_wconf 82' lang='lat' dir='ltr'><em>silere</em></span> <span class='ocrx_word' id='word_1_272' title='bbox 970 1446 998 1472; x_wconf 83' lang='lat' dir='ltr'><em>et</em></span> <span class='ocrx_word' id='word_1_273' title='bbox 1026 1441 1189 1472; x_wconf 82' lang='lat' dir='ltr'><em>attendere</em></span> <span class='ocrx_word' id='word_1_274' title='bbox 1211 1441 1284 1481; x_wconf 81' lang='lat' dir='ltr'><em>sibi,</em></span> <span class='ocrx_word' id='word_1_275' title='bbox 1309 1452 1409 1482; x_wconf 79' lang='lat' dir='ltr'><em>usque</em></span> <span class='ocrx_word' id='word_1_276' title='bbox 1433 1447 1520 1482; x_wconf 61' lang='lat' dir='ltr'><em>quog</em></span> <span class='ocrx_word' id='word_1_277' title='bbox 1547 1442 1748 1484; x_wconf 61' lang='lat' dir='ltr'><em>regulariter</em></span> <span class='ocrx_word' id='word_1_278' title='bbox 1772 1454 1792 1472; x_wconf 85' lang='lat' dir='ltr'><em>a</em></span> 
     </span>
     <span class='ocr_line' id='line_1_26' title="bbox 91 1491 1792 1534; baseline 0.001 -12"><span class='ocrx_word' id='word_1_279' title='bbox 91 1504 119 1522; x_wconf 76' lang='lat'><em>85</em></span> <span class='ocrx_word' id='word_1_280' title='bbox 139 1491 271 1534; x_wconf 64' lang='lat' dir='ltr'><em>collegio</em></span> <span class='ocrx_word' id='word_1_281' title='bbox 294 1491 447 1523; x_wconf 83' lang='lat' dir='ltr'><em>ecclesiae</em></span> <span class='ocrx_word' id='word_1_282' title='bbox 470 1492 630 1533; x_wconf 82' lang='lat' dir='ltr'><em>suscipiat</em></span> <span class='ocrx_word' id='word_1_283' title='bbox 651 1492 751 1532; x_wconf 77' lang='lat' dir='ltr'><em>finem</em></span> <span class='ocrx_word' id='word_1_284' title='bbox 777 1491 884 1523; x_wconf 81' lang='lat' dir='ltr'><em>electio</em></span> <span class='ocrx_word' id='word_1_285' title='bbox 901 1492 1035 1534; x_wconf 81' lang='lat' dir='ltr'><em>futurih</em></span> <span class='ocrx_word' id='word_1_286' title='bbox 1056 1492 1235 1534; x_wconf 68' lang='lat' dir='ltr'><em>pontificis.</em></span> <span class='ocrx_word' id='word_1_287' title='bbox 1280 1492 1320 1523; x_wconf 70' lang='lat' dir='ltr'><em>Si</em></span> <span class='ocrx_word' id='word_1_288' title='bbox 1350 1493 1424 1534; x_wconf 71' lang='lat' dir='ltr'><em>quis</em></span> <span class='ocrx_word' id='word_1_289' title='bbox 1454 1504 1528 1524; x_wconf 88' lang='lat' dir='ltr'><em>vero</em></span> <span class='ocrx_word' id='word_1_290' title='bbox 1558 1492 1717 1524; x_wconf 80' lang='lat' dir='ltr'><em>laicorum</em></span> <span class='ocrx_word' id='word_1_291' title='bbox 1749 1494 1792 1524; x_wconf 76' lang='lat' dir='ltr'><em>ad</em></span> 
     </span>
     <span class='ocr_line' id='line_1_27' title="bbox 139 1543 1792 1584; baseline 0.001 -9"><span class='ocrx_word' id='word_1_292' title='bbox 139 1544 393 1575; x_wconf 83' lang='lat' dir='ltr'><em>concertandum</em></span> <span class='ocrx_word' id='word_1_293' title='bbox 417 1548 444 1574; x_wconf 85' lang='lat' dir='ltr'><em>et</em></span> <span class='ocrx_word' id='word_1_294' title='bbox 468 1543 710 1584; x_wconf 81' lang='lat' dir='ltr'><em>cooperandum</em></span> <span class='ocrx_word' id='word_1_295' title='bbox 733 1544 898 1574; x_wconf 71' lang='lat' dir='ltr'><em>invitatur</em></span> <span class='ocrx_word' id='word_1_296' title='bbox 919 1543 958 1574; x_wconf 88' lang='lat' dir='ltr'><em>ab</em></span> <span class='ocrx_word' id='word_1_297' title='bbox 982 1543 1128 1584; x_wconf 80' lang='lat' dir='ltr'><em>ecclesia,</em></span> <span class='ocrx_word' id='word_1_298' title='bbox 1157 1543 1249 1574; x_wconf 65' lang='lat' dir='ltr'><em>licet*</em></span> <span class='ocrx_word' id='word_1_299' title='bbox 1277 1544 1467 1575; x_wconf 73' lang='lat' dir='ltr'><em>huiusmodi</em></span> <span class='ocrx_word' id='word_1_300' title='bbox 1498 1557 1567 1575; x_wconf 83' lang='lat' dir='ltr'><em>cum</em></span> <span class='ocrx_word' id='word_1_301' title='bbox 1600 1547 1792 1584; x_wconf 72' lang='lat' dir='ltr'><em>reverentia,</em></span> 
     </span>
     <span class='ocr_line' id='line_1_28' title="bbox 139 1595 1793 1638; baseline 0 -11"><span class='ocrx_word' id='word_1_302' title='bbox 139 1597 169 1627; x_wconf 87' lang='lat' dir='ltr'><em>si</em></span> <span class='ocrx_word' id='word_1_303' title='bbox 188 1595 280 1636; x_wconf 88' lang='lat' dir='ltr'><em>forte</em></span> <span class='ocrx_word' id='word_1_304' title='bbox 303 1595 442 1626; x_wconf 81' lang='lat' dir='ltr'><em>voluerit</em></span> <span class='ocrx_word' id='word_1_305' title='bbox 466 1595 704 1636; x_wconf 66' lang='lat' dir='ltr'><em>obtemperarek</em></span> <span class='ocrx_word' id='word_1_306' title='bbox 734 1607 766 1627; x_wconf 89' lang='lat' dir='ltr'><em>se</em></span> <span class='ocrx_word' id='word_1_307' title='bbox 789 1595 1031 1627; x_wconf 72' lang='lat' dir='ltr'><em>asciscentibus.</em></span> <span class='ocrx_word' id='word_1_308' title='bbox 1079 1595 1218 1626; x_wconf 84' lang='lat' dir='ltr'><em>Taliter¹</em></span> <span class='ocrx_word' id='word_1_309' title='bbox 1251 1597 1338 1627; x_wconf 82' lang='lat' dir='ltr'><em>enim</em></span> <span class='ocrx_word' id='word_1_310' title='bbox 1367 1596 1504 1638; x_wconf 64' lang='lat' dir='ltr'><em>(lignum</em></span> <span class='ocrx_word' id='word_1_311' title='bbox 1530 1602 1697 1638; x_wconf 76' lang='lat' dir='ltr'><em>pastorem</em></span> <span class='ocrx_word' id='word_1_312' title='bbox 1730 1597 1793 1628; x_wconf 84' lang='lat' dir='ltr'><em>sibi</em></span> 
     </span>
     <span class='ocr_line' id='line_1_29' title="bbox 138 1645 1791 1691; baseline 0 -13"><span class='ocrx_word' id='word_1_313' title='bbox 138 1647 339 1689; x_wconf 68' lang='lat' dir='ltr'><em>regulariter</em></span> <span class='ocrx_word' id='word_1_314' title='bbox 362 1647 406 1678; x_wconf 79' lang='lat' dir='ltr'><em>ad</em></span> <span class='ocrx_word' id='word_1_315' title='bbox 428 1658 523 1678; x_wconf 86' lang='lat' dir='ltr'><em>suam</em></span> <span class='ocrx_word' id='word_1_316' title='bbox 546 1646 682 1678; x_wconf 82' lang='lat' dir='ltr'><em>salutem</em></span> <span class='ocrx_word' id='word_1_317' title='bbox 705 1648 840 1679; x_wconf 85' lang='lat' dir='ltr'><em>ecclesia</em></span> <span class='ocrx_word' id='word_1_318' title='bbox 860 1652 1036 1688; x_wconf 84' lang='lat' dir='ltr'><em>promovet.</em></span> <span class='ocrx_word' id='word_1_319' title='bbox 1084 1645 1243 1688; x_wconf 78' lang='lat' dir='ltr'><em>Quisquis</em></span> <span class='ocrx_word' id='word_1_320' title='bbox 1264 1653 1371 1679; x_wconf 85' lang='lat' dir='ltr'><em>autem</em></span> <span class='ocrx_word' id='word_1_321' title='bbox 1392 1648 1615 1680; x_wconf 80' lang='lat' dir='ltr'><em>saecularium</em></span> <span class='ocrx_word' id='word_1_322' title='bbox 1639 1653 1791 1691; x_wconf 83' lang='lat' dir='ltr'><em>[potesta-</em></span> 
     </span>
     <span class='ocr_line' id='line_1_30' title="bbox 139 1698 1792 1741; baseline 0.001 -11"><span class='ocrx_word' id='word_1_323' title='bbox 139 1704 205 1730; x_wconf 83' lang='lat' dir='ltr'><em>tum</em></span> <span class='ocrx_word' id='word_1_324' title='bbox 215 1703 264 1739; x_wconf 83' lang='lat'><em>¹¹¹],</em></span> <span class='ocrx_word' id='word_1_325' title='bbox 283 1699 480 1740; x_wconf 81' lang='lat' dir='ltr'><em>principum</em></span> <span class='ocrx_word' id='word_1_326' title='bbox 504 1703 554 1729; x_wconf 64' lang='lat' dir='ltr'><em>ets·</em></span> <span class='ocrx_word' id='word_1_327' title='bbox 575 1703 739 1739; x_wconf 77' lang='lat' dir='ltr'><em>potentum</em></span> <span class='ocrx_word' id='word_1_328' title='bbox 763 1698 831 1730; x_wconf 86' lang='lat' dir='ltr'><em>vel⁰</em></span> <span class='ocrx_word' id='word_1_329' title='bbox 855 1698 992 1730; x_wconf 85' lang='lat' dir='ltr'><em>alterius</em></span> <span class='ocrx_word' id='word_1_330' title='bbox 1015 1699 1192 1741; x_wconf 65' lang='lat' dir='ltr'><em>dignitatis</em></span> <span class='ocrx_word' id='word_1_331' title='bbox 1214 1699 1321 1730; x_wconf 82' lang='lat' dir='ltr'><em>laicus</em></span> <span class='ocrx_word' id='word_1_332' title='bbox 1345 1700 1503 1731; x_wconf 80' lang='lat' dir='ltr'><em>adversus</em></span> <span class='ocrx_word' id='word_1_333' title='bbox 1520 1711 1713 1732; x_wconf 83' lang='lat' dir='ltr'><em>communem</em></span> <span class='ocrx_word' id='word_1_334' title='bbox 1732 1706 1792 1732; x_wconf 78' lang='grc' dir='ltr'><em>αοΡ</em></span> 
     </span>
     <span class='ocr_line' id='line_1_31' title="bbox 93 1750 1790 1794; baseline 0.001 -14"><span class='ocrx_word' id='word_1_335' title='bbox 93 1762 120 1780; x_wconf 82' lang='lat' dir='ltr'><em>so</em></span> <span class='ocrx_word' id='word_1_336' title='bbox 140 1755 371 1782; x_wconf 82' lang='lat' dir='ltr'><em>consonantem</em></span> <span class='ocrx_word' id='word_1_337' title='bbox 402 1755 497 1792; x_wconf 79' lang='lat' dir='ltr'><em>atque</em></span> <span class='ocrx_word' id='word_1_338' title='bbox 527 1751 722 1782; x_wconf 84' lang='lat' dir='ltr'><em>canonicam</em></span> <span class='ocrx_word' id='word_1_339' title='bbox 755 1750 932 1781; x_wconf 79' lang='lat' dir='ltr'><em>electionem</em></span> <span class='ocrx_word' id='word_1_340' title='bbox 959 1751 1170 1781; x_wconf 83' lang='lat' dir='ltr'><em>ecclesiastici</em></span> <span class='ocrx_word' id='word_1_341' title='bbox 1193 1751 1322 1782; x_wconf 82' lang='lat' dir='ltr'><em>ordinis</em></span> <span class='ocrx_word' id='word_1_342' title='bbox 1347 1763 1441 1794; x_wconf 70' lang='lat' dir='ltr'><em>ayerc</em></span> <span class='ocrx_word' id='word_1_343' title='bbox 1465 1753 1678 1793; x_wconf 80' lang='lat' dir='ltr'><em>temptaverit,</em></span> <span class='ocrx_word' id='word_1_344' title='bbox 1709 1764 1790 1783; x_wconf 85' lang='lat' dir='ltr'><em>ana-</em></span> 
     </span>
    </p>
   </div>
   <div class='ocr_carea' id='block_1_3' title="bbox 94 1864 1795 2451">
    <p class='ocr_par' dir='ltr' id='par_1_5' title="bbox 94 1864 1795 2451">
     <span class='ocr_line' id='line_1_32' title="bbox 251 1864 1791 1898; baseline 0.001 -9"><span class='ocrx_word' id='word_1_345' title='bbox 251 1865 279 1892; x_wconf 62' lang='lat' dir='ltr'><em>a)</em></span> <span class='ocrx_word' id='word_1_346' title='bbox 298 1866 348 1889; x_wconf 79' lang='lat' dir='ltr'><em>suit</em></span> <span class='ocrx_word' id='word_1_347' title='bbox 367 1864 428 1888; x_wconf 74' lang='lat'><em>132.</em></span> <span class='ocrx_word' id='word_1_348' title='bbox 496 1865 522 1895; x_wconf 92' lang='lat' dir='ltr'><em>b)</em></span> <span class='ocrx_word' id='word_1_349' title='bbox 546 1865 646 1889; x_wconf 71' lang='lat' dir='ltr'><em>decreti</em></span> <span class='ocrx_word' id='word_1_350' title='bbox 664 1878 700 1882; x_wconf 80' lang='lat'><strong>—</strong></span> <span class='ocrx_word' id='word_1_351' title='bbox 720 1865 836 1889; x_wconf 84' lang='lat' dir='ltr'><em>roborati</em></span> <span class='ocrx_word' id='word_1_352' title='bbox 858 1865 890 1889; x_wconf 86' lang='grc' dir='ltr'><em>Β.</em></span> <span class='ocrx_word' id='word_1_353' title='bbox 967 1866 994 1890; x_wconf 71' lang='grc' dir='ltr'><em>ο)</em></span> <span class='ocrx_word' id='word_1_354' title='bbox 1015 1865 1150 1889; x_wconf 85' lang='lat' dir='ltr'><em>hominum</em></span> <span class='ocrx_word' id='word_1_355' title='bbox 1172 1865 1233 1889; x_wconf 71' lang='grc' dir='ltr'><em>ΒΞ.</em></span> <span class='ocrx_word' id='word_1_356' title='bbox 1310 1866 1339 1895; x_wconf 79' lang='lat' dir='ltr'><em>d)</em></span> <span class='ocrx_word' id='word_1_357' title='bbox 1360 1866 1559 1890; x_wconf 75' lang='lat' dir='ltr'><em>consecrandus</em></span> <span class='ocrx_word' id='word_1_358' title='bbox 1581 1866 1607 1890; x_wconf 76' lang='lat' dir='ltr'><em>in</em></span> <span class='ocrx_word' id='word_1_359' title='bbox 1628 1875 1710 1898; x_wconf 75' lang='lat' dir='ltr'><em>mary.</em></span> <span class='ocrx_word' id='word_1_360' title='bbox 1731 1866 1755 1891; x_wconf 90' lang='lat' dir='ltr'><em>A</em></span> <span class='ocrx_word' id='word_1_361' title='bbox 1769 1868 1791 1890; x_wconf 89' lang='lat'><em>1.</em></span> 
     </span>
     <span class='ocr_line' id='line_1_33' title="bbox 141 1909 1791 1944; baseline 0.001 -8"><span class='ocrx_word' id='word_1_362' title='bbox 141 1912 166 1943; x_wconf 89' lang='lat' dir='ltr'><em>e)</em></span> <span class='ocrx_word' id='word_1_363' title='bbox 189 1919 389 1936; x_wconf 81' lang='lat' dir='ltr'><em>commonemus</em></span> <span class='ocrx_word' id='word_1_364' title='bbox 410 1909 442 1935; x_wconf 85' lang='lat' dir='ltr'><em>A.</em></span> <span class='ocrx_word' id='word_1_365' title='bbox 498 1911 518 1942; x_wconf 80' lang='lat' dir='ltr'><em>f)</em></span> <span class='ocrx_word' id='word_1_366' title='bbox 540 1911 604 1936; x_wconf 90' lang='lat' dir='ltr'><em>null.</em></span> <span class='ocrx_word' id='word_1_367' title='bbox 619 1911 681 1943; x_wconf 82' lang='lat' dir='ltr'><em>eligi</em></span> <span class='ocrx_word' id='word_1_368' title='bbox 696 1912 811 1943; x_wconf 66' lang='lat' dir='ltr'><em>pei-mitt.</em></span> <span class='ocrx_word' id='word_1_369' title='bbox 826 1911 858 1935; x_wconf 87' lang='lat' dir='ltr'><em>de</em></span> <span class='ocrx_word' id='word_1_370' title='bbox 873 1911 918 1935; x_wconf 86' lang='lat' dir='ltr'><em>alt.</em></span> <span class='ocrx_word' id='word_1_371' title='bbox 933 1911 999 1936; x_wconf 83' lang='lat' dir='ltr'><em>eccl.</em></span> <span class='ocrx_word' id='word_1_372' title='bbox 1014 1910 1050 1940; x_wconf 80' lang='lat' dir='ltr'><em>A;</em></span> <span class='ocrx_word' id='word_1_373' title='bbox 1072 1919 1103 1935; x_wconf 79' lang='lat' dir='ltr'><em>ex</em></span> <span class='ocrx_word' id='word_1_374' title='bbox 1118 1911 1207 1935; x_wconf 82' lang='lat' dir='ltr'><em>aliena</em></span> <span class='ocrx_word' id='word_1_375' title='bbox 1224 1911 1249 1935; x_wconf 88' lang='grc' dir='ltr'><em>Β</em></span> <span class='ocrx_word' id='word_1_376' title='bbox 1261 1912 1284 1936; x_wconf 73' lang='grc'><em>2.</em></span> <span class='ocrx_word' id='word_1_377' title='bbox 1341 1912 1369 1943; x_wconf 84' lang='lat' dir='ltr'><em>g)</em></span> <span class='ocrx_word' id='word_1_378' title='bbox 1392 1913 1530 1944; x_wconf 78' lang='lat' dir='ltr'><em>permittas</em></span> <span class='ocrx_word' id='word_1_379' title='bbox 1545 1912 1622 1944; x_wconf 70' lang='lat' dir='ltr'><em>Grey.</em></span> <span class='ocrx_word' id='word_1_380' title='bbox 1681 1913 1708 1941; x_wconf 84' lang='lat' dir='ltr'><em>h)</em></span> <span class='ocrx_word' id='word_1_381' title='bbox 1729 1921 1791 1937; x_wconf 77' lang='lat' dir='ltr'><em>con-</em></span> 
     </span>
     <span class='ocr_line' id='line_1_34' title="bbox 140 1956 1791 1991; baseline 0.001 -9"><span class='ocrx_word' id='word_1_382' title='bbox 140 1958 298 1983; x_wconf 76' lang='lat' dir='ltr'><em>sectationis</em></span> <span class='ocrx_word' id='word_1_383' title='bbox 318 1957 351 1982; x_wconf 89' lang='lat' dir='ltr'><em>B.</em></span> <span class='ocrx_word' id='word_1_384' title='bbox 410 1957 452 1988; x_wconf 76' lang='lat' dir='ltr'><em>h‘)</em></span> <span class='ocrx_word' id='word_1_385' title='bbox 472 1957 588 1981; x_wconf 79' lang='lat' dir='ltr'><em>lascivae</em></span> <span class='ocrx_word' id='word_1_386' title='bbox 608 1956 667 1982; x_wconf 84' lang='lat' dir='ltr'><em>A3.</em></span> <span class='ocrx_word' id='word_1_387' title='bbox 725 1958 747 1987; x_wconf 78' lang='lat' dir='ltr'><em>i)</em></span> <span class='ocrx_word' id='word_1_388' title='bbox 768 1958 958 1982; x_wconf 81' lang='lat' dir='ltr'><em>conscientiam</em></span> <span class='ocrx_word' id='word_1_389' title='bbox 974 1956 1005 1981; x_wconf 87' lang='lat' dir='ltr'><em>A.</em></span> <span class='ocrx_word' id='word_1_390' title='bbox 1026 1957 1105 1989; x_wconf 71' lang='lat' dir='ltr'><em>Huqo</em></span> <span class='ocrx_word' id='word_1_391' title='bbox 1127 1956 1205 1982; x_wconf 76' lang='lat' dir='ltr'><em>Flav.</em></span> <span class='ocrx_word' id='word_1_392' title='bbox 1263 1957 1290 1988; x_wconf 74' lang='lat' dir='ltr'><em>k]</em></span> <span class='ocrx_word' id='word_1_393' title='bbox 1313 1959 1407 1982; x_wconf 74' lang='lat' dir='ltr'><em>statuit</em></span> <span class='ocrx_word' id='word_1_394' title='bbox 1420 1958 1456 1982; x_wconf 89' lang='lat' dir='ltr'><em>H.</em></span> <span class='ocrx_word' id='word_1_395' title='bbox 1516 1959 1533 1990; x_wconf 92' lang='lat' dir='ltr'><em>l)</em></span> <span class='ocrx_word' id='word_1_396' title='bbox 1554 1967 1603 1984; x_wconf 84' lang='lat' dir='ltr'><em>om.</em></span> <span class='ocrx_word' id='word_1_397' title='bbox 1625 1959 1650 1982; x_wconf 87' lang='grc' dir='ltr'><em>Β</em></span> <span class='ocrx_word' id='word_1_398' title='bbox 1664 1961 1694 1988; x_wconf 87' lang='grc'><em>1,·</em></span> <span class='ocrx_word' id='word_1_399' title='bbox 1712 1960 1791 1991; x_wconf 77' lang='lat' dir='ltr'><em>episc.</em></span> 
     </span>
     <span class='ocr_line' id='line_1_35' title="bbox 140 2003 1791 2034; baseline 0 -5"><span class='ocrx_word' id='word_1_400' title='bbox 140 2011 199 2029; x_wconf 83' lang='lat' dir='ltr'><em>esse</em></span> <span class='ocrx_word' id='word_1_401' title='bbox 219 2003 280 2028; x_wconf 62' lang='lat' dir='ltr'><em>Be.</em></span> <span class='ocrx_word' id='word_1_402' title='bbox 350 2004 386 2034; x_wconf 89' lang='lat' dir='ltr'><em>m)</em></span> <span class='ocrx_word' id='word_1_403' title='bbox 409 2004 551 2027; x_wconf 81' lang='lat' dir='ltr'><em>consensui</em></span> <span class='ocrx_word' id='word_1_404' title='bbox 572 2003 632 2027; x_wconf 72' lang='grc' dir='ltr'><em>ΒΞ.</em></span> <span class='ocrx_word' id='word_1_405' title='bbox 710 2004 737 2032; x_wconf 82' lang='lat' dir='ltr'><em>n)</em></span> <span class='ocrx_word' id='word_1_406' title='bbox 761 2003 891 2028; x_wconf 74' lang='lat' dir='ltr'><em>eeclesiae</em></span> <span class='ocrx_word' id='word_1_407' title='bbox 911 2003 942 2027; x_wconf 82' lang='lat' dir='ltr'><em>A.</em></span> <span class='ocrx_word' id='word_1_408' title='bbox 1020 2003 1046 2034; x_wconf 91' lang='grc' dir='ltr'><em>ο)</em></span> <span class='ocrx_word' id='word_1_409' title='bbox 1069 2003 1187 2027; x_wconf 79' lang='lat' dir='ltr'><em>seeundo</em></span> <span class='ocrx_word' id='word_1_410' title='bbox 1209 2006 1235 2027; x_wconf 82' lang='lat' dir='ltr'><em>et</em></span> <span class='ocrx_word' id='word_1_411' title='bbox 1255 2004 1332 2028; x_wconf 79' lang='lat' dir='ltr'><em>tertio</em></span> <span class='ocrx_word' id='word_1_412' title='bbox 1354 2004 1378 2027; x_wconf 88' lang='grc' dir='ltr'><em>Β</em></span> <span class='ocrx_word' id='word_1_413' title='bbox 1394 2006 1413 2028; x_wconf 88' lang='lat'><em>1.</em></span> <span class='ocrx_word' id='word_1_414' title='bbox 1431 2004 1477 2034; x_wconf 78' lang='lat' dir='ltr'><em>·2h;</em></span> <span class='ocrx_word' id='word_1_415' title='bbox 1497 2013 1551 2029; x_wconf 83' lang='lat' dir='ltr'><em>sec.</em></span> <span class='ocrx_word' id='word_1_416' title='bbox 1573 2005 1614 2029; x_wconf 75' lang='lat' dir='ltr'><em>vel</em></span> <span class='ocrx_word' id='word_1_417' title='bbox 1634 2009 1692 2029; x_wconf 83' lang='lat' dir='ltr'><em>tert.</em></span> <span class='ocrx_word' id='word_1_418' title='bbox 1713 2004 1791 2029; x_wconf 62' lang='lat' dir='ltr'><em>Rea.</em></span> 
     </span>
     <span class='ocr_line' id='line_1_36' title="bbox 94 2048 1792 2082; baseline 0.002 -9"><span class='ocrx_word' id='word_1_419' title='bbox 94 2052 121 2072; x_wconf 76' lang='lat'><em>³5</em></span> <span class='ocrx_word' id='word_1_420' title='bbox 140 2050 168 2082; x_wconf 89' lang='lat' dir='ltr'><em>p)</em></span> <span class='ocrx_word' id='word_1_421' title='bbox 190 2057 245 2074; x_wconf 82' lang='lat' dir='ltr'><em>sac.</em></span> <span class='ocrx_word' id='word_1_422' title='bbox 265 2053 333 2074; x_wconf 75' lang='lat' dir='ltr'><em>sent.</em></span> <span class='ocrx_word' id='word_1_423' title='bbox 354 2048 385 2074; x_wconf 86' lang='lat' dir='ltr'><em>A.</em></span> <span class='ocrx_word' id='word_1_424' title='bbox 444 2052 473 2082; x_wconf 89' lang='lat' dir='ltr'><em>q)</em></span> <span class='ocrx_word' id='word_1_425' title='bbox 493 2050 589 2081; x_wconf 76' lang='lat' dir='ltr'><em>synodi</em></span> <span class='ocrx_word' id='word_1_426' title='bbox 604 2049 629 2073; x_wconf 89' lang='grc' dir='ltr'><em>Β</em></span> <span class='ocrx_word' id='word_1_427' title='bbox 642 2051 664 2075; x_wconf 86' lang='grc'><em>1.</em></span> <span class='ocrx_word' id='word_1_428' title='bbox 722 2055 745 2076; x_wconf 83' lang='lat' dir='ltr'><em>r)</em></span> <span class='ocrx_word' id='word_1_429' title='bbox 765 2049 803 2074; x_wconf 86' lang='lat' dir='ltr'><em>ita</em></span> <span class='ocrx_word' id='word_1_430' title='bbox 824 2049 856 2074; x_wconf 88' lang='grc' dir='ltr'><em>Β,</em></span> <span class='ocrx_word' id='word_1_431' title='bbox 878 2049 1000 2081; x_wconf 79' lang='lat' dir='ltr'><em>Disput.;</em></span> <span class='ocrx_word' id='word_1_432' title='bbox 1020 2050 1083 2073; x_wconf 87' lang='lat' dir='ltr'><em>Adr.</em></span> <span class='ocrx_word' id='word_1_433' title='bbox 1105 2057 1143 2080; x_wconf 80' lang='lat' dir='ltr'><em>pr.</em></span> <span class='ocrx_word' id='word_1_434' title='bbox 1162 2048 1201 2078; x_wconf 84' lang='lat' dir='ltr'><em>A,·</em></span> <span class='ocrx_word' id='word_1_435' title='bbox 1222 2050 1306 2081; x_wconf 88' lang='lat' dir='ltr'><em>primo</em></span> <span class='ocrx_word' id='word_1_436' title='bbox 1327 2050 1398 2075; x_wconf 77' lang='lat' dir='ltr'><em>‹Iecst</em></span> <span class='ocrx_word' id='word_1_437' title='bbox 1418 2050 1454 2075; x_wconf 84' lang='lat' dir='ltr'><em>H.</em></span> <span class='ocrx_word' id='word_1_438' title='bbox 1470 2050 1549 2075; x_wconf 80' lang='lat' dir='ltr'><em>Gerh.</em></span> <span class='ocrx_word' id='word_1_439' title='bbox 1607 2057 1631 2081; x_wconf 72' lang='lat' dir='ltr'><em>s)</em></span> <span class='ocrx_word' id='word_1_440' title='bbox 1654 2051 1689 2075; x_wconf 79' lang='lat' dir='ltr'><em>ita</em></span> <span class='ocrx_word' id='word_1_441' title='bbox 1709 2052 1740 2076; x_wconf 88' lang='lat' dir='ltr'><em>A.</em></span> <span class='ocrx_word' id='word_1_442' title='bbox 1755 2051 1792 2077; x_wconf 88' lang='lat' dir='ltr'><em>H.</em></span> 
     </span>
     <span class='ocr_line' id='line_1_37' title="bbox 141 2094 1791 2128; baseline 0 -7"><span class='ocrx_word' id='word_1_443' title='bbox 141 2095 240 2124; x_wconf 79' lang='lat' dir='ltr'><em>Gerlz.;</em></span> <span class='ocrx_word' id='word_1_444' title='bbox 260 2104 282 2120; x_wconf 82' lang='lat' dir='ltr'><em>o.</em></span> <span class='ocrx_word' id='word_1_445' title='bbox 297 2096 338 2120; x_wconf 92' lang='lat' dir='ltr'><em>III</em></span> <span class='ocrx_word' id='word_1_446' title='bbox 359 2095 413 2120; x_wconf 82' lang='lat' dir='ltr'><em>des.</em></span> <span class='ocrx_word' id='word_1_447' title='bbox 436 2095 468 2119; x_wconf 92' lang='lat' dir='ltr'><em>B.</em></span> <span class='ocrx_word' id='word_1_448' title='bbox 490 2094 598 2127; x_wconf 79' lang='lat' dir='ltr'><em>Disput.</em></span> <span class='ocrx_word' id='word_1_449' title='bbox 656 2095 679 2125; x_wconf 87' lang='lat' dir='ltr'><em>t)</em></span> <span class='ocrx_word' id='word_1_450' title='bbox 701 2096 782 2127; x_wconf 82' lang='lat' dir='ltr'><em>episc.</em></span> <span class='ocrx_word' id='word_1_451' title='bbox 803 2097 890 2127; x_wconf 79' lang='lat' dir='ltr'><em>presb.</em></span> <span class='ocrx_word' id='word_1_452' title='bbox 912 2096 953 2120; x_wconf 82' lang='lat' dir='ltr'><em>vel</em></span> <span class='ocrx_word' id='word_1_453' title='bbox 975 2096 1042 2119; x_wconf 83' lang='lat' dir='ltr'><em>diac.</em></span> <span class='ocrx_word' id='word_1_454' title='bbox 1063 2094 1100 2119; x_wconf 88' lang='lat' dir='ltr'><em>H.</em></span> <span class='ocrx_word' id='word_1_455' title='bbox 1158 2096 1185 2123; x_wconf 65' lang='lat' dir='ltr'><em>u)</em></span> <span class='ocrx_word' id='word_1_456' title='bbox 1211 2095 1247 2118; x_wconf 83' lang='lat' dir='ltr'><em>ita</em></span> <span class='ocrx_word' id='word_1_457' title='bbox 1267 2095 1298 2120; x_wconf 97' lang='lat' dir='ltr'><em>A.</em></span> <span class='ocrx_word' id='word_1_458' title='bbox 1320 2096 1384 2128; x_wconf 71' lang='lat' dir='ltr'><em>Syn.</em></span> <span class='ocrx_word' id='word_1_459' title='bbox 1407 2096 1469 2121; x_wconf 75' lang='lat' dir='ltr'><em>VII.</em></span> <span class='ocrx_word' id='word_1_460' title='bbox 1491 2097 1554 2122; x_wconf 78' lang='lat' dir='ltr'><em>Coll.</em></span> <span class='ocrx_word' id='word_1_461' title='bbox 1574 2105 1632 2121; x_wconf 82' lang='lat' dir='ltr'><em>can.</em></span> <span class='ocrx_word' id='word_1_462' title='bbox 1654 2097 1690 2122; x_wconf 87' lang='lat' dir='ltr'><em>H.</em></span> <span class='ocrx_word' id='word_1_463' title='bbox 1713 2097 1791 2121; x_wconf 65' lang='lat' dir='ltr'><em>Gertz.</em></span> 
     </span>
     <span class='ocr_line' id='line_1_38' title="bbox 142 2140 1792 2175; baseline 0.001 -9"><span class='ocrx_word' id='word_1_464' title='bbox 142 2141 237 2174; x_wconf 70' lang='lat' dir='ltr'><em>Disp.;</em></span> <span class='ocrx_word' id='word_1_465' title='bbox 258 2142 386 2166; x_wconf 82' lang='lat' dir='ltr'><em>eeclesias</em></span> <span class='ocrx_word' id='word_1_466' title='bbox 406 2140 440 2165; x_wconf 83' lang='lat' dir='ltr'><em>B.</em></span> <span class='ocrx_word' id='word_1_467' title='bbox 498 2142 526 2173; x_wconf 86' lang='lat' dir='ltr'><em>v)</em></span> <span class='ocrx_word' id='word_1_468' title='bbox 548 2141 585 2165; x_wconf 82' lang='lat' dir='ltr'><em>ita</em></span> <span class='ocrx_word' id='word_1_469' title='bbox 606 2141 639 2166; x_wconf 89' lang='lat' dir='ltr'><em>B.</em></span> <span class='ocrx_word' id='word_1_470' title='bbox 659 2141 784 2173; x_wconf 79' lang='lat' dir='ltr'><em>Disput.‚·</em></span> <span class='ocrx_word' id='word_1_471' title='bbox 805 2141 882 2165; x_wconf 78' lang='lat' dir='ltr'><em>ceteri</em></span> <span class='ocrx_word' id='word_1_472' title='bbox 901 2142 982 2173; x_wconf 78' lang='lat' dir='ltr'><em>ipsos.</em></span> <span class='ocrx_word' id='word_1_473' title='bbox 1031 2146 1064 2172; x_wconf 83' lang='lat' dir='ltr'><em>w)</em></span> <span class='ocrx_word' id='word_1_474' title='bbox 1085 2145 1259 2173; x_wconf 77' lang='lat' dir='ltr'><em>segregentur</em></span> <span class='ocrx_word' id='word_1_475' title='bbox 1279 2149 1371 2166; x_wconf 86' lang='lat' dir='ltr'><em>omnes</em></span> <span class='ocrx_word' id='word_1_476' title='bbox 1393 2142 1448 2166; x_wconf 66' lang='grc' dir='ltr'><em>ΒΞ.</em></span> <span class='ocrx_word' id='word_1_477' title='bbox 1470 2142 1536 2175; x_wconf 74' lang='lat' dir='ltr'><em>Syn.</em></span> <span class='ocrx_word' id='word_1_478' title='bbox 1556 2142 1618 2168; x_wconf 78' lang='grc' dir='ltr'><em>ΓΙΙ.</em></span> <span class='ocrx_word' id='word_1_479' title='bbox 1676 2144 1702 2167; x_wconf 54' lang='lat' dir='ltr'><em>xi</em></span> <span class='ocrx_word' id='word_1_480' title='bbox 1726 2152 1792 2168; x_wconf 79' lang='lat' dir='ltr'><em>corr.</em></span> 
     </span>
     <span class='ocr_line' id='line_1_39' title="bbox 143 2186 1793 2221; baseline 0.001 -8"><span class='ocrx_word' id='word_1_481' title='bbox 143 2196 176 2213; x_wconf 73' lang='lat' dir='ltr'><em>ex</em></span> <span class='ocrx_word' id='word_1_482' title='bbox 194 2188 292 2220; x_wconf 81' lang='lat' dir='ltr'><em>synodi</em></span> <span class='ocrx_word' id='word_1_483' title='bbox 311 2187 337 2211; x_wconf 87' lang='grc' dir='ltr'><em>Β</em></span> <span class='ocrx_word' id='word_1_484' title='bbox 350 2189 373 2213; x_wconf 87' lang='lat'><em>1.</em></span> <span class='ocrx_word' id='word_1_485' title='bbox 449 2187 476 2219; x_wconf 86' lang='lat' dir='ltr'><em>y)</em></span> <span class='ocrx_word' id='word_1_486' title='bbox 498 2187 569 2211; x_wconf 83' lang='lat' dir='ltr'><em>deest</em></span> <span class='ocrx_word' id='word_1_487' title='bbox 589 2186 621 2212; x_wconf 91' lang='lat' dir='ltr'><em>A.</em></span> <span class='ocrx_word' id='word_1_488' title='bbox 643 2187 679 2212; x_wconf 87' lang='grc' dir='ltr'><em>Η.</em></span> <span class='ocrx_word' id='word_1_489' title='bbox 700 2187 794 2219; x_wconf 79' lang='lat' dir='ltr'><em>Disp.;</em></span> <span class='ocrx_word' id='word_1_490' title='bbox 815 2187 920 2212; x_wconf 71' lang='lat' dir='ltr'><em>Ger-holt</em></span> <span class='ocrx_word' id='word_1_491' title='bbox 941 2187 981 2212; x_wconf 72' lang='lat' dir='ltr'><em>liic</em></span> <span class='ocrx_word' id='word_1_492' title='bbox 1001 2187 1081 2212; x_wconf 80' lang='lat' dir='ltr'><em>multo</em></span> <span class='ocrx_word' id='word_1_493' title='bbox 1102 2187 1214 2212; x_wconf 82' lang='lat' dir='ltr'><em>brevior.</em></span> <span class='ocrx_word' id='word_1_494' title='bbox 1271 2189 1295 2219; x_wconf 87' lang='lat' dir='ltr'><em>z)</em></span> <span class='ocrx_word' id='word_1_495' title='bbox 1316 2187 1353 2212; x_wconf 81' lang='lat' dir='ltr'><em>ita</em></span> <span class='ocrx_word' id='word_1_496' title='bbox 1373 2187 1406 2212; x_wconf 91' lang='lat' dir='ltr'><em>B.</em></span> <span class='ocrx_word' id='word_1_497' title='bbox 1428 2187 1551 2219; x_wconf 84' lang='lat' dir='ltr'><em>Disput.;</em></span> <span class='ocrx_word' id='word_1_498' title='bbox 1571 2189 1630 2214; x_wconf 88' lang='lat' dir='ltr'><em>Nic.</em></span> <span class='ocrx_word' id='word_1_499' title='bbox 1650 2198 1689 2221; x_wconf 76' lang='lat' dir='ltr'><em>pr.</em></span> <span class='ocrx_word' id='word_1_500' title='bbox 1710 2189 1741 2214; x_wconf 94' lang='lat' dir='ltr'><em>A.</em></span> <span class='ocrx_word' id='word_1_501' title='bbox 1756 2189 1793 2214; x_wconf 88' lang='lat' dir='ltr'><em>H.</em></span> 
     </span>
     <span class='ocr_line' id='line_1_40' title="bbox 143 2233 1795 2266; baseline 0.001 -7"><span class='ocrx_word' id='word_1_502' title='bbox 143 2233 172 2266; x_wconf 81' lang='lat' dir='ltr'><em>a)</em></span> <span class='ocrx_word' id='word_1_503' title='bbox 191 2234 263 2259; x_wconf 81' lang='lat' dir='ltr'><em>deest</em></span> <span class='ocrx_word' id='word_1_504' title='bbox 283 2233 316 2259; x_wconf 88' lang='lat' dir='ltr'><em>A.</em></span> <span class='ocrx_word' id='word_1_505' title='bbox 335 2233 381 2263; x_wconf 83' lang='lat' dir='ltr'><em>H,·</em></span> <span class='ocrx_word' id='word_1_506' title='bbox 406 2241 465 2265; x_wconf 87' lang='lat' dir='ltr'><em>cap.</em></span> <span class='ocrx_word' id='word_1_507' title='bbox 480 2233 566 2257; x_wconf 85' lang='lat' dir='ltr'><em>XXII.</em></span> <span class='ocrx_word' id='word_1_508' title='bbox 587 2242 637 2258; x_wconf 89' lang='lat' dir='ltr'><em>om.</em></span> <span class='ocrx_word' id='word_1_509' title='bbox 658 2233 750 2266; x_wconf 76' lang='lat' dir='ltr'><em>Disp.;</em></span> <span class='ocrx_word' id='word_1_510' title='bbox 776 2242 835 2266; x_wconf 87' lang='lat' dir='ltr'><em>cap.</em></span> <span class='ocrx_word' id='word_1_511' title='bbox 849 2234 896 2259; x_wconf 88' lang='lat' dir='ltr'><em>XI.</em></span> <span class='ocrx_word' id='word_1_512' title='bbox 917 2233 1032 2258; x_wconf 74' lang='lat' dir='ltr'><em>Gerhoh.</em></span> <span class='ocrx_word' id='word_1_513' title='bbox 1126 2234 1152 2263; x_wconf 84' lang='lat' dir='ltr'><em>b)</em></span> <span class='ocrx_word' id='word_1_514' title='bbox 1176 2234 1331 2258; x_wconf 80' lang='lat' dir='ltr'><em>clericorum</em></span> <span class='ocrx_word' id='word_1_515' title='bbox 1353 2237 1379 2258; x_wconf 84' lang='lat' dir='ltr'><em>et</em></span> <span class='ocrx_word' id='word_1_516' title='bbox 1398 2235 1556 2266; x_wconf 86' lang='lat' dir='ltr'><em>populorum</em></span> <span class='ocrx_word' id='word_1_517' title='bbox 1578 2235 1615 2266; x_wconf 79' lang='lat' dir='ltr'><em>B;</em></span> <span class='ocrx_word' id='word_1_518' title='bbox 1642 2240 1669 2259; x_wconf 85' lang='lat' dir='ltr'><em>u!</em></span> <span class='ocrx_word' id='word_1_519' title='bbox 1689 2235 1795 2260; x_wconf 75' lang='lat' dir='ltr'><em>videtur</em></span> 
     </span>
     <span class='ocr_line' id='line_1_41' title="bbox 96 2279 1795 2314; baseline 0.001 -11"><span class='ocrx_word' id='word_1_520' title='bbox 96 2284 124 2303; x_wconf 70' lang='lat'><em>4⁰</em></span> <span class='ocrx_word' id='word_1_521' title='bbox 138 2284 233 2312; x_wconf 81' lang='lat' dir='ltr'><em>postea</em></span> <span class='ocrx_word' id='word_1_522' title='bbox 252 2279 385 2312; x_wconf 83' lang='lat' dir='ltr'><em>interpol.,</em></span> <span class='ocrx_word' id='word_1_523' title='bbox 404 2287 463 2304; x_wconf 83' lang='lat' dir='ltr'><em>cum</em></span> <span class='ocrx_word' id='word_1_524' title='bbox 483 2279 638 2311; x_wconf 78' lang='lat' dir='ltr'><em>Disputatio</em></span> <span class='ocrx_word' id='word_1_525' title='bbox 659 2288 762 2312; x_wconf 77' lang='lat' dir='ltr'><em>quoque</em></span> <span class='ocrx_word' id='word_1_526' title='bbox 782 2281 969 2312; x_wconf 85' lang='lat' dir='ltr'><em>episcoporum</em></span> <span class='ocrx_word' id='word_1_527' title='bbox 989 2279 1119 2304; x_wconf 62' lang='lat' dir='ltr'><em>exhibeat.</em></span> <span class='ocrx_word' id='word_1_528' title='bbox 1186 2280 1213 2311; x_wconf 87' lang='lat' dir='ltr'><em>c)</em></span> <span class='ocrx_word' id='word_1_529' title='bbox 1234 2283 1260 2305; x_wconf 83' lang='lat' dir='ltr'><em>et</em></span> <span class='ocrx_word' id='word_1_530' title='bbox 1279 2280 1312 2305; x_wconf 88' lang='lat' dir='ltr'><em>B.</em></span> <span class='ocrx_word' id='word_1_531' title='bbox 1380 2280 1409 2311; x_wconf 86' lang='lat' dir='ltr'><em>d)</em></span> <span class='ocrx_word' id='word_1_532' title='bbox 1430 2280 1501 2305; x_wconf 82' lang='lat' dir='ltr'><em>deest</em></span> <span class='ocrx_word' id='word_1_533' title='bbox 1522 2281 1554 2305; x_wconf 87' lang='lat' dir='ltr'><em>B.</em></span> <span class='ocrx_word' id='word_1_534' title='bbox 1622 2289 1648 2307; x_wconf 72' lang='lat' dir='ltr'><em>el</em></span> <span class='ocrx_word' id='word_1_535' title='bbox 1669 2281 1795 2314; x_wconf 71' lang='lat' dir='ltr'><em>quenqt&#39;la</em></span> 
     </span>
     <span class='ocr_line' id='line_1_42' title="bbox 142 2324 1794 2360; baseline 0.001 -10"><span class='ocrx_word' id='word_1_536' title='bbox 142 2325 168 2350; x_wconf 91' lang='lat' dir='ltr'><em>B</em></span> <span class='ocrx_word' id='word_1_537' title='bbox 181 2328 212 2356; x_wconf 72' lang='lat'><em>13</em></span> <span class='ocrx_word' id='word_1_538' title='bbox 235 2324 368 2359; x_wconf 72' lang='lat' dir='ltr'><em>quemql&#39;la</em></span> <span class='ocrx_word' id='word_1_539' title='bbox 388 2325 450 2350; x_wconf 69' lang='grc' dir='ltr'><em>ΒΞ.</em></span> <span class='ocrx_word' id='word_1_540' title='bbox 563 2326 582 2357; x_wconf 85' lang='lat' dir='ltr'><em>f)</em></span> <span class='ocrx_word' id='word_1_541' title='bbox 605 2329 660 2358; x_wconf 86' lang='lat' dir='ltr'><em>pot.</em></span> <span class='ocrx_word' id='word_1_542' title='bbox 681 2326 740 2352; x_wconf 85' lang='lat' dir='ltr'><em>laic.</em></span> <span class='ocrx_word' id='word_1_543' title='bbox 762 2326 782 2350; x_wconf 84' lang='lat' dir='ltr'><em>A</em></span> <span class='ocrx_word' id='word_1_544' title='bbox 796 2328 821 2351; x_wconf 89' lang='grc'><em>3.</em></span> <span class='ocrx_word' id='word_1_545' title='bbox 841 2326 878 2351; x_wconf 87' lang='lat' dir='ltr'><em>H.</em></span> <span class='ocrx_word' id='word_1_546' title='bbox 991 2332 1021 2357; x_wconf 78' lang='lat' dir='ltr'><em>g)</em></span> <span class='ocrx_word' id='word_1_547' title='bbox 1043 2334 1179 2359; x_wconf 82' lang='lat' dir='ltr'><em>quousque</em></span> <span class='ocrx_word' id='word_1_548' title='bbox 1199 2326 1232 2351; x_wconf 90' lang='lat' dir='ltr'><em>A.</em></span> <span class='ocrx_word' id='word_1_549' title='bbox 1343 2327 1370 2358; x_wconf 87' lang='lat' dir='ltr'><em>h)</em></span> <span class='ocrx_word' id='word_1_550' title='bbox 1399 2326 1437 2351; x_wconf 73' lang='lat' dir='ltr'><em>ita</em></span> <span class='ocrx_word' id='word_1_551' title='bbox 1457 2326 1488 2352; x_wconf 88' lang='lat' dir='ltr'><em>A.</em></span> <span class='ocrx_word' id='word_1_552' title='bbox 1509 2327 1547 2352; x_wconf 91' lang='lat' dir='ltr'><em>H.</em></span> <span class='ocrx_word' id='word_1_553' title='bbox 1569 2327 1647 2352; x_wconf 64' lang='lat' dir='ltr'><em>Gertz.</em></span> <span class='ocrx_word' id='word_1_554' title='bbox 1670 2327 1794 2360; x_wconf 68' lang='lat' dir='ltr'><em>Disput.;</em></span> 
     </span>
     <span class='ocr_line' id='line_1_43' title="bbox 143 2371 1792 2405; baseline 0.001 -8"><span class='ocrx_word' id='word_1_555' title='bbox 143 2373 239 2397; x_wconf 85' lang='lat' dir='ltr'><em>summi</em></span> <span class='ocrx_word' id='word_1_556' title='bbox 258 2372 293 2397; x_wconf 90' lang='lat' dir='ltr'><em>B.</em></span> <span class='ocrx_word' id='word_1_557' title='bbox 376 2373 396 2403; x_wconf 88' lang='lat' dir='ltr'><em>i)</em></span> <span class='ocrx_word' id='word_1_558' title='bbox 417 2372 498 2396; x_wconf 81' lang='lat' dir='ltr'><em>liceat</em></span> <span class='ocrx_word' id='word_1_559' title='bbox 516 2371 550 2396; x_wconf 91' lang='lat' dir='ltr'><em>B.</em></span> <span class='ocrx_word' id='word_1_560' title='bbox 636 2372 666 2401; x_wconf 83' lang='lat' dir='ltr'><em>k)</em></span> <span class='ocrx_word' id='word_1_561' title='bbox 687 2380 716 2397; x_wconf 86' lang='lat' dir='ltr'><em>se</em></span> <span class='ocrx_word' id='word_1_562' title='bbox 737 2373 852 2404; x_wconf 84' lang='lat' dir='ltr'><em>obtemp.</em></span> <span class='ocrx_word' id='word_1_563' title='bbox 873 2372 905 2397; x_wconf 87' lang='lat' dir='ltr'><em>A.</em></span> <span class='ocrx_word' id='word_1_564' title='bbox 986 2372 1007 2403; x_wconf 87' lang='lat'><em>1)</em></span> <span class='ocrx_word' id='word_1_565' title='bbox 1028 2372 1129 2397; x_wconf 81' lang='lat' dir='ltr'><em>Taliter</em></span> <span class='ocrx_word' id='word_1_566' title='bbox 1150 2387 1182 2390; x_wconf 97' lang='lat'><strong>—</strong></span> <span class='ocrx_word' id='word_1_567' title='bbox 1204 2376 1343 2405; x_wconf 82' lang='lat' dir='ltr'><em>promovet</em></span> <span class='ocrx_word' id='word_1_568' title='bbox 1362 2381 1412 2397; x_wconf 89' lang='lat' dir='ltr'><em>om.</em></span> <span class='ocrx_word' id='word_1_569' title='bbox 1433 2373 1469 2397; x_wconf 89' lang='lat' dir='ltr'><em>H.</em></span> <span class='ocrx_word' id='word_1_570' title='bbox 1554 2374 1592 2399; x_wconf 52' lang='lat' dir='ltr'><em>m)</em></span> <span class='ocrx_word' id='word_1_571' title='bbox 1612 2374 1683 2399; x_wconf 73' lang='lat' dir='ltr'><em>deest</em></span> <span class='ocrx_word' id='word_1_572' title='bbox 1704 2375 1735 2398; x_wconf 86' lang='lat' dir='ltr'><em>A.</em></span> <span class='ocrx_word' id='word_1_573' title='bbox 1757 2374 1792 2399; x_wconf 88' lang='lat' dir='ltr'><em>H.</em></span> 
     </span>
     <span class='ocr_line' id='line_1_44' title="bbox 144 2417 1410 2451; baseline 0.002 -9"><span class='ocrx_word' id='word_1_574' title='bbox 144 2418 222 2442; x_wconf 78' lang='lat' dir='ltr'><em>Gerh.</em></span> <span class='ocrx_word' id='word_1_575' title='bbox 243 2417 309 2450; x_wconf 76' lang='lat' dir='ltr'><em>Syn.</em></span> <span class='ocrx_word' id='word_1_576' title='bbox 332 2417 395 2443; x_wconf 82' lang='lat' dir='ltr'><em>VII.</em></span> <span class='ocrx_word' id='word_1_577' title='bbox 416 2417 478 2443; x_wconf 75' lang='lat' dir='ltr'><em>Call.</em></span> <span class='ocrx_word' id='word_1_578' title='bbox 500 2427 558 2443; x_wconf 82' lang='lat' dir='ltr'><em>can.</em></span> <span class='ocrx_word' id='word_1_579' title='bbox 636 2418 666 2447; x_wconf 81' lang='lat' dir='ltr'><em>n)</em></span> <span class='ocrx_word' id='word_1_580' title='bbox 686 2422 734 2443; x_wconf 78' lang='lat' dir='ltr'><em>aut</em></span> <span class='ocrx_word' id='word_1_581' title='bbox 752 2418 775 2443; x_wconf 89' lang='lat' dir='ltr'><em>A</em></span> <span class='ocrx_word' id='word_1_582' title='bbox 790 2420 812 2443; x_wconf 93' lang='lat'><em>1.</em></span> <span class='ocrx_word' id='word_1_583' title='bbox 828 2420 853 2443; x_wconf 84' lang='lat'><em>3.</em></span> <span class='ocrx_word' id='word_1_584' title='bbox 930 2419 956 2450; x_wconf 93' lang='grc' dir='ltr'><em>ο)</em></span> <span class='ocrx_word' id='word_1_585' title='bbox 979 2422 1026 2443; x_wconf 76' lang='lat' dir='ltr'><em>aut</em></span> <span class='ocrx_word' id='word_1_586' title='bbox 1045 2418 1104 2443; x_wconf 87' lang='lat' dir='ltr'><em>A3.</em></span> <span class='ocrx_word' id='word_1_587' title='bbox 1181 2419 1209 2451; x_wconf 90' lang='lat' dir='ltr'><em>p)</em></span> <span class='ocrx_word' id='word_1_588' title='bbox 1230 2423 1255 2443; x_wconf 83' lang='lat' dir='ltr'><em>et</em></span> <span class='ocrx_word' id='word_1_589' title='bbox 1275 2418 1352 2444; x_wconf 79' lang='lat' dir='ltr'><em>B2b.</em></span> <span class='ocrx_word' id='word_1_590' title='bbox 1373 2419 1410 2444; x_wconf 89' lang='lat' dir='ltr'><em>H.</em></span> 
     </span>
    </p>
   </div>
   <div class='ocr_carea' id='block_1_4' title="bbox 95 2519 1794 2908">
    <p class='ocr_par' dir='ltr' id='par_1_6' title="bbox 251 2519 1794 2556">
     <span class='ocr_line' id='line_1_45' title="bbox 251 2519 1794 2556; baseline 0.001 -10"><span class='ocrx_word' id='word_1_591' title='bbox 251 2520 279 2554; x_wconf 91' lang='lat'><em>1)</em></span> <span class='ocrx_word' id='word_1_592' title='bbox 303 2519 456 2547; x_wconf 84' lang='lat' dir='ltr'><em>Hinsclzius</em></span> <span class='ocrx_word' id='word_1_593' title='bbox 474 2529 507 2554; x_wconf 82' lang='lat' dir='ltr'><em>p.</em></span> <span class='ocrx_word' id='word_1_594' title='bbox 525 2520 604 2554; x_wconf 77' lang='lat'><em>258;</em></span> <span class='ocrx_word' id='word_1_595' title='bbox 629 2520 698 2547; x_wconf 76' lang='lat' dir='ltr'><em>Call.</em></span> <span class='ocrx_word' id='word_1_596' title='bbox 723 2529 785 2547; x_wconf 87' lang='lat' dir='ltr'><em>can.</em></span> <span class='ocrx_word' id='word_1_597' title='bbox 808 2521 833 2553; x_wconf 87' lang='lat' dir='ltr'><em>J,</em></span> <span class='ocrx_word' id='word_1_598' title='bbox 859 2529 882 2548; x_wconf 86' lang='lat' dir='ltr'><em>c.</em></span> <span class='ocrx_word' id='word_1_599' title='bbox 908 2521 934 2553; x_wconf 88' lang='lat'><em>4,</em></span> <span class='ocrx_word' id='word_1_600' title='bbox 956 2530 987 2555; x_wconf 83' lang='lat' dir='ltr'><em>p.</em></span> <span class='ocrx_word' id='word_1_601' title='bbox 1006 2522 1040 2547; x_wconf 84' lang='lat'><em>3.-</em></span> <span class='ocrx_word' id='word_1_602' title='bbox 1064 2520 1105 2546; x_wconf 66' lang='grc' dir='ltr'><em>ΕΣ</em></span> <span class='ocrx_word' id='word_1_603' title='bbox 1129 2521 1232 2548; x_wconf 83' lang='lat' dir='ltr'><em>eodem</em></span> <span class='ocrx_word' id='word_1_604' title='bbox 1257 2521 1387 2556; x_wconf 70' lang='lat' dir='ltr'><em>ca1p.VI.</em></span> <span class='ocrx_word' id='word_1_605' title='bbox 1416 2537 1451 2541; x_wconf 91' lang='lat'><em>—-</em></span> <span class='ocrx_word' id='word_1_606' title='bbox 1477 2523 1559 2550; x_wconf 86' lang='lat' dir='ltr'><em>Grat.</em></span> <span class='ocrx_word' id='word_1_607' title='bbox 1586 2523 1662 2549; x_wconf 78' lang='lat' dir='ltr'><em>Dist.</em></span> <span class='ocrx_word' id='word_1_608' title='bbox 1683 2522 1794 2555; x_wconf 79' lang='lat' dir='ltr'><em>LXIV,</em></span> 
     </span>
    </p>

    <p class='ocr_par' dir='ltr' id='par_1_7' title="bbox 95 2571 1793 2608">
     <span class='ocr_line' id='line_1_46' title="bbox 95 2571 1793 2608; baseline 0.002 -12"><span class='ocrx_word' id='word_1_609' title='bbox 95 2575 124 2595; x_wconf 74' lang='lat'><em>45</em></span> <span class='ocrx_word' id='word_1_610' title='bbox 143 2580 166 2598; x_wconf 86' lang='lat' dir='ltr'><em>c.</em></span> <span class='ocrx_word' id='word_1_611' title='bbox 191 2571 220 2598; x_wconf 90' lang='lat'><em>8.</em></span> <span class='ocrx_word' id='word_1_612' title='bbox 244 2572 306 2598; x_wconf 85' lang='lat' dir='ltr'><em>alia</em></span> <span class='ocrx_word' id='word_1_613' title='bbox 326 2572 426 2600; x_wconf 78' lang='lat' dir='ltr'><em>versio.</em></span> <span class='ocrx_word' id='word_1_614' title='bbox 472 2572 556 2598; x_wconf 82' lang='lat' dir='ltr'><em>Hunc</em></span> <span class='ocrx_word' id='word_1_615' title='bbox 584 2575 608 2597; x_wconf 85' lang='lat' dir='ltr'><em>et</em></span> <span class='ocrx_word' id='word_1_616' title='bbox 637 2575 779 2606; x_wconf 79' lang='lat' dir='ltr'><em>sequentes</em></span> <span class='ocrx_word' id='word_1_617' title='bbox 809 2573 883 2599; x_wconf 86' lang='lat' dir='ltr'><em>locos</em></span> <span class='ocrx_word' id='word_1_618' title='bbox 906 2576 1005 2598; x_wconf 83' lang='lat' dir='ltr'><em>auctor</em></span> <span class='ocrx_word' id='word_1_619' title='bbox 1028 2573 1239 2607; x_wconf 70' lang='lat' dir='ltr'><em>Disputationis</em></span> <span class='ocrx_word' id='word_1_620' title='bbox 1263 2574 1305 2599; x_wconf 84' lang='lat' dir='ltr'><em>ed.</em></span> <span class='ocrx_word' id='word_1_621' title='bbox 1328 2573 1431 2600; x_wconf 78' lang='lat' dir='ltr'><em>Scbum</em></span> <span class='ocrx_word' id='word_1_622' title='bbox 1455 2574 1611 2608; x_wconf 67' lang='lat' dir='ltr'><em>exscripsit.</em></span> <span class='ocrx_word' id='word_1_623' title='bbox 1654 2575 1682 2601; x_wconf 72' lang='grc' dir='ltr'><em>Γ.</em></span> <span class='ocrx_word' id='word_1_624' title='bbox 1707 2574 1793 2607; x_wconf 73' lang='lat' dir='ltr'><em>infra,</em></span> 
     </span>
    </p>

    <p class='ocr_par' dir='ltr' id='par_1_8' title="bbox 144 2622 1794 2659">
     <span class='ocr_line' id='line_1_47' title="bbox 144 2622 1794 2659; baseline 0.002 -11"><span class='ocrx_word' id='word_1_625' title='bbox 144 2622 174 2657; x_wconf 78' lang='lat'><em>2)</em></span> <span class='ocrx_word' id='word_1_626' title='bbox 196 2622 231 2649; x_wconf 79' lang='lat' dir='ltr'><em>A.</em></span> <span class='ocrx_word' id='word_1_627' title='bbox 249 2622 319 2649; x_wconf 83' lang='lat'><em>787.</em></span> <span class='ocrx_word' id='word_1_628' title='bbox 357 2623 404 2649; x_wconf 72' lang='lat' dir='ltr'><em>Ea:</em></span> <span class='ocrx_word' id='word_1_629' title='bbox 425 2623 569 2658; x_wconf 84' lang='lat' dir='ltr'><em>interpret.</em></span> <span class='ocrx_word' id='word_1_630' title='bbox 586 2623 735 2649; x_wconf 68' lang='lat' dir='ltr'><em>Anastasia·</em></span> <span class='ocrx_word' id='word_1_631' title='bbox 750 2623 873 2652; x_wconf 78' lang='lat' dir='ltr'><em>biblioth.</em></span> <span class='ocrx_word' id='word_1_632' title='bbox 897 2633 945 2658; x_wconf 82' lang='lat' dir='ltr'><em>ap.</em></span> <span class='ocrx_word' id='word_1_633' title='bbox 962 2624 1061 2651; x_wconf 79' lang='lat' dir='ltr'><em>Mansi</em></span> <span class='ocrx_word' id='word_1_634' title='bbox 1077 2624 1167 2657; x_wconf 84' lang='lat' dir='ltr'><em>XIII,</em></span> <span class='ocrx_word' id='word_1_635' title='bbox 1192 2624 1244 2650; x_wconf 88' lang='lat' dir='ltr'><em>col.</em></span> <span class='ocrx_word' id='word_1_636' title='bbox 1262 2624 1343 2657; x_wconf 83' lang='lat'><em>419;</em></span> <span class='ocrx_word' id='word_1_637' title='bbox 1365 2625 1464 2659; x_wconf 72' lang='lat' dir='ltr'><em>Miqne</em></span> <span class='ocrx_word' id='word_1_638' title='bbox 1483 2626 1621 2658; x_wconf 84' lang='lat' dir='ltr'><em>CXXIX,</em></span> <span class='ocrx_word' id='word_1_639' title='bbox 1647 2626 1698 2651; x_wconf 86' lang='lat' dir='ltr'><em>col.</em></span> <span class='ocrx_word' id='word_1_640' title='bbox 1718 2626 1794 2652; x_wconf 61' lang='lat'>4502·</span> 
     </span>
    </p>

    <p class='ocr_par' dir='ltr' id='par_1_9' title="bbox 146 2673 1793 2710">
     <span class='ocr_line' id='line_1_48' title="bbox 146 2673 1793 2710; baseline 0.001 -10"><span class='ocrx_word' id='word_1_641' title='bbox 146 2673 215 2701; x_wconf 78' lang='lat' dir='ltr'><em>Ooll.</em></span> <span class='ocrx_word' id='word_1_642' title='bbox 239 2683 301 2701; x_wconf 84' lang='lat' dir='ltr'><em>can.</em></span> <span class='ocrx_word' id='word_1_643' title='bbox 325 2674 378 2707; x_wconf 91' lang='lat' dir='ltr'><em>IV,</em></span> <span class='ocrx_word' id='word_1_644' title='bbox 409 2684 434 2704; x_wconf 76' lang='lat' dir='ltr'><em>c,</em></span> <span class='ocrx_word' id='word_1_645' title='bbox 463 2675 507 2707; x_wconf 87' lang='lat' dir='ltr'><em>ll,</em></span> <span class='ocrx_word' id='word_1_646' title='bbox 527 2684 560 2708; x_wconf 84' lang='lat' dir='ltr'><em>p.</em></span> <span class='ocrx_word' id='word_1_647' title='bbox 577 2675 655 2700; x_wconf 84' lang='lat'>351:</span> <span class='ocrx_word' id='word_1_648' title='bbox 685 2674 726 2700; x_wconf 79' lang='lat' dir='ltr'><em>Ex</em></span> <span class='ocrx_word' id='word_1_649' title='bbox 750 2674 851 2701; x_wconf 83' lang='lat' dir='ltr'><em>eadem</em></span> <span class='ocrx_word' id='word_1_650' title='bbox 875 2675 986 2709; x_wconf 85' lang='lat' dir='ltr'><em>synodo</em></span> <span class='ocrx_word' id='word_1_651' title='bbox 1016 2683 1079 2709; x_wconf 84' lang='lat' dir='ltr'><em>cap.</em></span> <span class='ocrx_word' id='word_1_652' title='bbox 1097 2675 1149 2702; x_wconf 86' lang='grc' dir='ltr'>ΙΙΙ,</span> <span class='ocrx_word' id='word_1_653' title='bbox 1180 2691 1218 2695; x_wconf 83' lang='grc'>-</span> <span class='ocrx_word' id='word_1_654' title='bbox 1249 2676 1333 2703; x_wconf 86' lang='lat' dir='ltr'><em>Grat.</em></span> <span class='ocrx_word' id='word_1_655' title='bbox 1360 2677 1434 2702; x_wconf 87' lang='lat' dir='ltr'><em>Dist.</em></span> <span class='ocrx_word' id='word_1_656' title='bbox 1459 2677 1575 2710; x_wconf 81' lang='lat' dir='ltr'><em>LXIII,</em></span> <span class='ocrx_word' id='word_1_657' title='bbox 1601 2687 1623 2703; x_wconf 85' lang='lat' dir='ltr'><em>c.</em></span> <span class='ocrx_word' id='word_1_658' title='bbox 1646 2677 1672 2703; x_wconf 78' lang='lat'><em>7.</em></span> <span class='ocrx_word' id='word_1_659' title='bbox 1718 2677 1793 2703; x_wconf 80' lang='lat' dir='ltr'><em>Idem</em></span> 
     </span>
    </p>

    <p class='ocr_par' dir='ltr' id='par_1_10' title="bbox 143 2724 1794 2762">
     <span class='ocr_line' id='line_1_49' title="bbox 143 2724 1794 2762; baseline 0.002 -12"><span class='ocrx_word' id='word_1_660' title='bbox 143 2724 220 2751; x_wconf 80' lang='lat' dir='ltr'><em>locus</em></span> <span class='ocrx_word' id='word_1_661' title='bbox 242 2725 331 2751; x_wconf 84' lang='lat' dir='ltr'><em>denuo</em></span> <span class='ocrx_word' id='word_1_662' title='bbox 345 2724 427 2759; x_wconf 86' lang='lat' dir='ltr'><em>infra</em></span> <span class='ocrx_word' id='word_1_663' title='bbox 450 2726 578 2759; x_wconf 83' lang='lat' dir='ltr'><em>affertur.</em></span> <span class='ocrx_word' id='word_1_664' title='bbox 622 2725 708 2752; x_wconf 86' lang='lat' dir='ltr'><em>Hunc</em></span> <span class='ocrx_word' id='word_1_665' title='bbox 724 2729 748 2751; x_wconf 86' lang='lat' dir='ltr'><em>et</em></span> <span class='ocrx_word' id='word_1_666' title='bbox 763 2730 904 2760; x_wconf 81' lang='lat' dir='ltr'><em>sequentes</em></span> <span class='ocrx_word' id='word_1_667' title='bbox 920 2736 1040 2753; x_wconf 77' lang='lat' dir='ltr'><em>canones</em></span> <span class='ocrx_word' id='word_1_668' title='bbox 1056 2727 1141 2761; x_wconf 71' lang='lat' dir='ltr'><em>Huqo</em></span> <span class='ocrx_word' id='word_1_669' title='bbox 1157 2727 1241 2754; x_wconf 80' lang='lat' dir='ltr'><em>Flav.</em></span> <span class='ocrx_word' id='word_1_670' title='bbox 1259 2728 1300 2761; x_wconf 88' lang='lat' dir='ltr'><em>II,</em></span> <span class='ocrx_word' id='word_1_671' title='bbox 1323 2728 1379 2754; x_wconf 84' lang='lat' dir='ltr'><em>SS.</em></span> <span class='ocrx_word' id='word_1_672' title='bbox 1403 2728 1482 2761; x_wconf 77' lang='lat' dir='ltr'><em>VIII,</em></span> <span class='ocrx_word' id='word_1_673' title='bbox 1502 2737 1533 2762; x_wconf 83' lang='lat' dir='ltr'><em>p.</em></span> <span class='ocrx_word' id='word_1_674' title='bbox 1551 2729 1620 2755; x_wconf 66' lang='lat'><em>41⁵2.</em></span> <span class='ocrx_word' id='word_1_675' title='bbox 1639 2729 1794 2762; x_wconf 63' lang='lat' dir='ltr'><em>asscripsit.</em></span> 
     </span>
    </p>

    <p class='ocr_par' dir='ltr' id='par_1_11' title="bbox 95 2775 1794 2908">
     <span class='ocr_line' id='line_1_50' title="bbox 145 2775 1794 2814; baseline 0.001 -12"><span class='ocrx_word' id='word_1_676' title='bbox 145 2775 175 2809; x_wconf 89' lang='lat'><em>3)</em></span> <span class='ocrx_word' id='word_1_677' title='bbox 200 2776 245 2802; x_wconf 72' lang='lat' dir='ltr'><em>Em</em></span> <span class='ocrx_word' id='word_1_678' title='bbox 271 2777 415 2810; x_wconf 82' lang='lat' dir='ltr'><em>interpret.</em></span> <span class='ocrx_word' id='word_1_679' title='bbox 438 2777 585 2804; x_wconf 82' lang='lat' dir='ltr'><em>Anastasii</em></span> <span class='ocrx_word' id='word_1_680' title='bbox 612 2776 737 2803; x_wconf 80' lang='lat' dir='ltr'><em>biblioth.</em></span> <span class='ocrx_word' id='word_1_681' title='bbox 761 2786 808 2811; x_wconf 83' lang='lat' dir='ltr'><em>ap.</em></span> <span class='ocrx_word' id='word_1_682' title='bbox 833 2778 932 2805; x_wconf 71' lang='lat' dir='ltr'><em>Mansz·</em></span> <span class='ocrx_word' id='word_1_683' title='bbox 954 2778 1037 2810; x_wconf 88' lang='lat' dir='ltr'><em>XVI,</em></span> <span class='ocrx_word' id='word_1_684' title='bbox 1062 2779 1113 2805; x_wconf 86' lang='lat' dir='ltr'><em>col.</em></span> <span class='ocrx_word' id='word_1_685' title='bbox 1142 2779 1217 2811; x_wconf 81' lang='lat'>174‚·</span> <span class='ocrx_word' id='word_1_686' title='bbox 1248 2779 1348 2814; x_wconf 74' lang='lat' dir='ltr'><em>Miqne</em></span> <span class='ocrx_word' id='word_1_687' title='bbox 1372 2779 1513 2813; x_wconf 79' lang='lat' dir='ltr'><em>CXXIX,</em></span> <span class='ocrx_word' id='word_1_688' title='bbox 1537 2781 1588 2808; x_wconf 76' lang='lat' dir='ltr'><em>col,</em></span> <span class='ocrx_word' id='word_1_689' title='bbox 1618 2780 1693 2811; x_wconf 78' lang='lat'><em>160;</em></span> <span class='ocrx_word' id='word_1_690' title='bbox 1726 2779 1794 2806; x_wconf 62' lang='lat' dir='ltr'><em>Call.</em></span> 
     </span>
     <span class='ocr_line' id='line_1_51' title="bbox 95 2827 1540 2863; baseline 0.002 -10"><span class='ocrx_word' id='word_1_691' title='bbox 95 2831 126 2850; x_wconf 80' lang='lat'><em>⁵0</em></span> <span class='ocrx_word' id='word_1_692' title='bbox 146 2836 208 2855; x_wconf 81' lang='lat' dir='ltr'><em>can.</em></span> <span class='ocrx_word' id='word_1_693' title='bbox 234 2827 285 2860; x_wconf 91' lang='lat' dir='ltr'><em>IV,</em></span> <span class='ocrx_word' id='word_1_694' title='bbox 310 2837 333 2856; x_wconf 70' lang='lat' dir='ltr'><em>c,</em></span> <span class='ocrx_word' id='word_1_695' title='bbox 361 2828 408 2862; x_wconf 84' lang='lat'><em>16,</em></span> <span class='ocrx_word' id='word_1_696' title='bbox 427 2837 457 2862; x_wconf 84' lang='lat' dir='ltr'><em>p.</em></span> <span class='ocrx_word' id='word_1_697' title='bbox 476 2829 551 2854; x_wconf 76' lang='lat'>353:</span> <span class='ocrx_word' id='word_1_698' title='bbox 576 2829 608 2854; x_wconf 89' lang='lat' dir='ltr'><em>In</em></span> <span class='ocrx_word' id='word_1_699' title='bbox 634 2829 735 2855; x_wconf 79' lang='lat' dir='ltr'><em>eadem</em></span> <span class='ocrx_word' id='word_1_700' title='bbox 759 2829 787 2855; x_wconf 88' lang='lat' dir='ltr'><em>in</em></span> <span class='ocrx_word' id='word_1_701' title='bbox 811 2829 877 2856; x_wconf 92' lang='lat' dir='ltr'><em>XII.</em></span> <span class='ocrx_word' id='word_1_702' title='bbox 903 2829 1027 2856; x_wconf 79' lang='lat' dir='ltr'><em>actione.</em></span> <span class='ocrx_word' id='word_1_703' title='bbox 1054 2845 1089 2849; x_wconf 92' lang='lat'><em>·-—</em></span> <span class='ocrx_word' id='word_1_704' title='bbox 1115 2830 1196 2858; x_wconf 83' lang='lat' dir='ltr'><em>Grat.</em></span> <span class='ocrx_word' id='word_1_705' title='bbox 1223 2830 1300 2857; x_wconf 80' lang='lat' dir='ltr'><em>Dist.</em></span> <span class='ocrx_word' id='word_1_706' title='bbox 1324 2831 1438 2863; x_wconf 84' lang='lat' dir='ltr'><em>LXIII,</em></span> <span class='ocrx_word' id='word_1_707' title='bbox 1464 2840 1487 2857; x_wconf 90' lang='lat' dir='ltr'><em>c.</em></span> <span class='ocrx_word' id='word_1_708' title='bbox 1515 2832 1540 2858; x_wconf 83' lang='lat'><em>1.</em></span> 
     </span>
     <span class='ocr_line' id='line_1_52' title="bbox 220 2881 1560 2908; baseline 0.001 -2"><span class='ocrx_word' id='word_1_709' title='bbox 220 2881 317 2906; x_wconf 86' lang='lat' dir='ltr'><em>Libelli</em></span> <span class='ocrx_word' id='word_1_710' title='bbox 337 2883 369 2907; x_wconf 80' lang='lat' dir='ltr'><em>de</em></span> <span class='ocrx_word' id='word_1_711' title='bbox 388 2883 442 2908; x_wconf 87' lang='lat' dir='ltr'><em>lite.</em></span> <span class='ocrx_word' id='word_1_712' title='bbox 476 2883 511 2907; x_wconf 83' lang='grc' dir='ltr'><em>ΙΙ.</em></span> <span class='ocrx_word' id='word_1_713' title='bbox 1527 2886 1560 2908; x_wconf 82' lang='grc'><em>39</em></span> 
     </span>
    </p>
   </div>
  </div>
 </body>
</html>
