2132 3067
75 716 101 734 10

75 972 100 992 15

75 1231 102 1250 20

73 1490 99 1509 ²5

71 1751 99 1771 ³0

74 2009 101 2028 35

74 2315 102 2333 ⁴0

75 2627 102 2646 45

467 149 653 177 LIBELLUS
677 150 831 177 CONTRA
855 150 1068 177 INVASORES
1092 151 1140 178 ET
1163 151 1418 178 SYMONIACOS.
1704 148 1766 179 349

121 239 194 270 dam
226 248 336 269 eorum
367 238 419 269 vel
449 239 674 269 communione
704 238 754 269 vel
784 238 891 269 officio
921 240 1059 280 privatia
1088 251 1152 271 non
1185 240 1372 272 habeantur.
1417 240 1487 271 Non
1520 242 1604 272 enim
1635 240 1769 283 quilibet

120 301 212 332 reges
235 291 303 321 sive
326 289 400 321 laici
421 289 576 332 apostolis
599 291 776 321 sanctiores
799 290 974 332 aliquando
997 291 1145 330 inveniri,
1169 303 1228 323 nec
1244 293 1387 334 quipiam
1405 293 1570 323 criminosi
1587 292 1770 323 sacerdotes

121 341 170 374 vel
199 340 251 372 alii
283 340 391 372 clerici
421 341 555 382 prefatis
577 341 798 373 sacerdotibus
822 342 885 372 Dei
908 342 1156 375 crucifixoribus
1186 349 1338 385 poterunt
1364 345 1489 386 peiores
1522 344 1642 378 haberi,
1689 344 1769 375 Item

120 393 203 425 idem
227 393 388 424 Dominus
418 393 451 423 in
482 392 650 434 euangelio
680 394 750 435 ipse
772 392 916 435 leprosos
940 395 1090 433 mundat,
1121 400 1152 426 et
1181 400 1289 426 tamen
1320 407 1454 427 munera
1483 401 1512 428 et
1543 395 1700 438 obsequia
1729 395 1770 426 ab

120 445 240 477 eisdem
264 444 410 486 legaliter
431 444 541 476 debita
563 450 628 476 tam
653 446 772 487 iniquis
797 445 1017 477 sacerdotibus
1041 446 1154 478 reddib
1179 447 1326 489 precipit,
1350 452 1384 478 ut
1407 459 1464 489 per
1487 447 1547 478 hoc
1571 448 1771 489 apertissime

121 497 244 536 doceat,
268 497 345 538 quid
369 497 435 528 suis
459 497 552 527 novis
576 496 810 537 sacerdotibus,
838 496 913 528 licet
937 498 1158 539 peccantibus,
1188 498 1266 529 velit
1289 498 1446 537 exhiberi,
1470 499 1495 529 si
1518 505 1644 530 veteres
1667 499 1769 530 hirco-

120 559 189 579 rum
214 549 370 589 sanguine
400 553 583 579 cruentatos
610 549 679 590 ipse
710 548 914 579 sacerdotum
947 550 1088 580 omnium
1113 551 1264 592 princeps
1288 549 1446 591 legalibus
1470 562 1581 582 eorum
1606 551 1770 593 obsequiis

120 611 183 632 non
207 601 353 642 permisit
375 599 568 631 defraudari.
614 600 709 638 Item,
740 605 774 630 ut
804 601 849 631 ait
873 600 1089 642 Cyprianus1:
1121 602 1246 633 Beatus
1268 602 1396 632 Paulus
1427 604 1461 634 in
1491 602 1616 634 actibus
1641 607 1767 644 aposto-

119 651 236 692 lorum,
251 664 323 683 cum
339 653 369 683 ei
384 652 507 683 dictum
523 656 618 683 esset:
633 651 702 682 ‘Sic
718 651 829 683 insilis
846 653 880 683 z'n
897 653 1094 684 sacerdotem
1111 653 1176 684 Dei
1192 653 1448 685 maleclicendo?'
1465 655 1614 696 quamuis
1628 654 1770 685 Domino

119 704 187 735 iam
217 703 377 744 crucifioeo
407 704 564 746 sacrilegi
593 708 622 734 et
651 704 749 744 impii
779 708 807 734 et
837 706 966 735 cruenti
993 705 1044 736 illi
1067 716 1133 736 esse
1157 706 1315 746 cepissent
1340 717 1395 736 nec
1422 707 1486 736 iam
1511 706 1684 747 quicquam
1709 711 1770 735 exc

119 755 336 786 sacerdotatid
366 755 483 787 bonore
511 760 539 786 et
567 756 762 786 auctoritate
784 757 976 796 retinerent,
1007 761 1114 787 tamen
1147 758 1253 798 ipsum.
1283 757 1433 798 quamvis
1466 759 1566 787 inane
1599 769 1712 788 nomen
1743 762 1771 788 et

121 806 268 838 umbram
291 807 460 848 quandam
485 808 674 846 sacerdotii,
697 808 849 848 coyitans
869 807 1016 838 Paulus:
1040 807 1417 849 ‘Nesciebam,frat=res'‚
1441 809 1555 851 inquit,
1580 810 1670 850 ‘quia
1690 820 1770 850 pon-

119 857 203 899 tifex·
224 859 301 898 est’;
324 859 483 900 scriptum
503 863 547 889 est
562 859 667 889 enim:
690 858 888 901 ‘Principem
907 860 1030 901 populi
1051 861 1102 891 tui
1123 871 1188 891 non
1210 859 1404 890 maledices.
1450 860 1527 890 Esto
1538 866 1559 899 ²³,
1585 860 1770 891 sacerdotes

119 910 183 941 sint
204 915 401 952 peccatores,
424 911 500 952 quia
523 920 627 950 nemO,
651 916 686 941 ut
708 911 752 941 ait
769 910 932 951 Salomon,
955 911 1103 950 mundus,
1128 922 1187 942 nec
1210 911 1315 942 infans
1336 911 1430 941 unius
1449 911 1512 942 diei
1529 917 1771 953 superterram,

119 961 197 1003 quid
220 961 261 992 ad
285 962 340 993 te?
385 962 433 993 Tu
457 963 532 1003 quis
554 973 596 1002 es,
619 962 726 1003 inquit
747 962 924 1003 apostolus,
948 965 1006 1005 qui
1026 964 1161 994 iudicas
1184 963 1328 994 alienum
1353 963 1501 994 servum?
1548 963 1614 994 Suo
1640 964 1771 994 domino

119 1018 183 1044 stat
212 1018 270 1044 aut
297 1014 409 1052 cadit‚·
437 1013 535 1044 stabit
566 1018 693 1053 autem‚·
719 1019 836 1055 potens
866 1019 910 1046 est
938 1016 1024 1046 enim
1052 1015 1218 1046 Dominus
1248 1019 1389 1046 statuere
1420 1014 1521 1046 illum.
1568 1015 1647 1046 Item
1679 1015 1771 1046 alibi:

120 1064 287 1096 Seniorem
309 1077 349 1096 ne
373 1066 610 1107 increpaveris,
633 1066 689 1096 sed
712 1065 843 1097 obsecra
867 1065 959 1098 illum
983 1072 1017 1098 ut
1036 1071 1177 1108 patrem.
1223 1066 1354 1098 Habent
1377 1065 1486 1097 clerici
1509 1073 1681 1108 peccantes
1697 1077 1771 1098 suas

118 1115 217 1158 legeS‚
240 1116 358 1158 quibus
380 1128 400 1148 a
422 1117 489 1148 suis
512 1116 734 1148 sacerdotibus
757 1117 951 1149 iudicentur.
997 1117 1087 1150 SIcut
1111 1118 1196 1149 enim
1221 1118 1253 1148 in
1277 1118 1488 1161 sequentibus
1508 1117 1602 1149 latius
1620 1118 1771 1160 probabi-

120 1168 217 1208 musf‚
239 1179 303 1200 non
325 1168 543 1211 quorumlibet
564 1167 788 1209 saecularium,
812 1169 867 1200 sed
891 1175 1017 1201 tantum
1039 1170 1244 1201 sacerdotum
1270 1170 1411 1201 officium
1435 1175 1482 1201 est
1506 1170 1545 1201 de
1563 1171 1771 1212 peccantibus

118 1219 344 1251 sacerdotibus
367 1220 420 1252 vel
441 1219 570 1251 clericis
592 1221 783 1252 sententiam
806 1221 900 1252 ferre.
945 1221 1060 1253 Nonne
1078 1221 1192 1260 Chore,
1218 1221 1348 1253 Dathan
1372 1228 1403 1253 et
1427 1221 1560 1256 Abiron.
1586 1228 1617 1253 et
1639 1222 1770 1262 Oziasg,

119 1272 215 1314 quiah
238 1272 442 1304 sacerdotum
464 1272 669 1314 arripuerunt
692 1272 847 1312 officium,
877 1273 987 1304 divina
1010 1273 1131 1304 ultione
1155 1273 1341 1305 terribiliter
1363 1273 1490 1304 multati
1513 1274 1613 1305 sunt?
1657 1274 1771 1305 Nonne

120 1323 235 1356 Oziasi
261 1335 336 1355 cum
359 1324 489 1355 archam
514 1323 577 1355 Dei
600 1325 769 1356 ruentemk
792 1325 991 1356 sustentare¹
1019 1331 1228 1367 presumeret,
1253 1326 1330 1368 quia
1353 1325 1385 1356 id
1410 1337 1473 1356 non
1498 1332 1566 1356 erat
1590 1327 1638 1356 sui
1663 1325 1771 1366 officii,

118 1387 138 1407 a
153 1375 295 1407 Domino
317 1387 491 1418 percussus
514 1375 680 1407 interiit2?
717 1375 810 1406 Prom
834 1376 931 1408 archa
954 1377 1077 1419 quippe
1094 1377 1156 1408 Dei
1180 1377 1363 1408 sacerdotes
1387 1383 1418 1408 et
1441 1378 1540 1408 ceteri
1561 1377 1668 1409 clerici
1690 1379 1771 1409 acci-

118 1428 260 1470 piuntur,
283 1428 316 1458 in
339 1427 456 1470 quibus
478 1426 609 1459 tabuless
632 1427 757 1469 Moysis
780 1439 852 1459 cum
877 1428 1008 1459 caelesti
1032 1440 1150 1460 manna
1172 1434 1351 1468 servantur,
1376 1429 1452 1471 quia
1475 1430 1507 1460 in
1531 1441 1641 1461 eorum
1666 1430 1772 1461 aureis

119 1479 300 1512 ruentibus⁰
322 1480 490 1522 utriusque
505 1479 570 1510 Dei
593 1479 673 1521 legis
697 1479 849 1511 mandata
873 1479 1077 1511 clauduntur.
1121 1480 1213 1512 Haec
1236 1486 1342 1512 autem
1367 1481 1465 1512 archa
1487 1487 1564 1512 tunc
1588 1481 1772 1523 specialiter

118 1532 192 1572 ruit,
214 1542 286 1562 cum
303 1530 408 1562 clerus
432 1543 451 1562 a
473 1542 531 1562 suo
555 1531 722 1573 proposito
739 1531 956 1574 delinquendo
973 1531 1073 1563 cadit:
1098 1532 1155 1563 sed
1179 1531 1261 1563 hanc
1279 1543 1342 1563 non
1360 1532 1504 1575 quilibet,
1528 1533 1604 1564 sedP
1621 1533 1771 1565 sacerdos

118 1583 228 1624 erigit,
261 1593 334 1614 cum
368 1583 525 1615 ecclesiae
558 1582 700 1625 prelatus
733 1584 898 1625 peccantis
931 1583 1009 1615 cleri
1042 1584 1123 1615 vitia
1155 1583 1237 1615 ferit.
1283 1584 1384 1616 Cuius
1418 1584 1596 1616 sacerdotis
1627 1585 1770 1616 officium

117 1634 194 1666 dum
229 1634 366 1677 quilibet
398 1634 570 1666 saecularis
605 1640 754 1674 temerat,
789 1635 932 1666 divinam
955 1637 988 1667 in
1013 1642 1069 1667 seq
1100 1636 1247 1677 protinus
1279 1642 1437 1677 provocat
1466 1636 1632 1668 ultionem.
1677 1637 1770 1667 Nunc

118 1687 196 1729 quid
219 1692 403 1719 sanctorum
427 1692 554 1728 patrum
579 1692 699 1719 statuta
722 1687 762 1719 de
781 1688 1002 1719 ministrorum
1020 1688 1082 1719 Dei
1099 1687 1360 1730 persecutoribus
1377 1689 1569 1727 censuerint,
1594 1688 1770 1720 videamus.

223 1739 252 1771 9.
297 1739 336 1770 In
359 1743 473 1770 octava
495 1739 620 1780 synodo
643 1738 817 1771 universali
842 1739 955 1770 habita
977 1750 1034 1782 pro
1051 1739 1214 1782 Ignatio³z
1238 1739 1436 1781 Diffinimus
1454 1741 1612 1771 neminem
1630 1751 1771 1782 prorsus

118 1791 237 1823 mundi
254 1792 438 1833 potentium
460 1802 653 1833 quemquam
676 1802 801 1832 eorum,
829 1792 886 1834 qui
912 1792 1196 1833 patriarchalibus
1228 1791 1359 1822 sedibus
1386 1797 1539 1833 presunt,
1570 1792 1771 1823 ‘inhonorare

120 1848 177 1874 aut
200 1854 323 1874 movere
346 1854 367 1873 a
384 1843 528 1884 proprio
550 1843 664 1874 throno
674 1849 698 1883 ¹⁸,
720 1843 776 1874 sed
799 1845 888 1874 omni
902 1845 1083 1875 reverentia
1100 1844 1265 1875 ethonore
1282 1843 1402 1885 dz'qrzos
1421 1843 1590 1881 {adimo-Q
1612 1844 1771 1884 precipue

119 1895 362 1927 sanctissimum
378 1906 507 1937 papam
529 1895 671 1926 senioris
686 1894 820 1926 Romae.
866 1893 1054 1926 Clemens⁴z
1085 1896 1213 1934 Omnes,
1237 1896 1295 1937 qui
1317 1896 1503 1936 episcopisS
1529 1895 1770 1934 contradicunt,

120 1947 291 1978 damnatos
313 1951 341 1978 et
362 1946 506 1987 infames
528 1957 630 1988 usque
653 1946 698 1977 ad
720 1946 981 1987 satisfactionem
1003 1947 1135 1978 beatust
1161 1947 1276 1978 Petrus
1299 1947 1520 1985 monstrabat5
1551 1951 1578 1977 et
1605 1947 1674 1977 nisi
1697 1957 1769 1976 con-

119 2003 330 2038 verterentur,
360 2009 380 2029 a
402 1996 570 2029 liminibus
592 1997 745 2029 ecclesiae
768 1997 894 2029 alienos
916 2010 982 2029 esse
1000 1999 1212 2041 precipiebat.
1257 1998 1444 2030 Alexander
1470 1998 1628 2039 primus⁵t
1660 1997 1770 2029 Cruci-

112 2050 227 2092 fiyunt
253 2049 427 2081 Dominum
457 2050 609 2090 quicum
640 2051 675 2080 in
705 2050 928 2081 sacerdotibus
958 2051 1028 2081 suis
1055 2056 1285 2092 persecuntur.
1330 2050 1442 2081 Piusss:
1476 2049 1542 2086 Qui
1572 2049 1636 2080 Dei
1665 2060 1770 2080 sacer-

230 2169 258 2199 a)
279 2169 403 2201 privatim
424 2168 448 2192 B
463 2170 484 2192 1.
501 2169 544 2192 Ξα.
621 2167 650 2197 b)
672 2168 747 2192 reddi
770 2181 800 2184 —
823 2168 1005 2192 sacerdotibus
1029 2167 1054 2191 In
1077 2177 1157 2200 mary.
1180 2178 1212 2192 m.
1229 2170 1252 2192 -2,
1275 2168 1335 2193 Bi.
1413 2174 1438 2192 c)
1460 2168 1530 2192 deest
1550 2167 1575 2191 B
1591 2169 1616 2191 l:
1638 2167 1669 2190 «le
1691 2166 1768 2199 Cypr.

121 2215 148 2246 d)
169 2215 358 2244 sacerdotalis;
379 2223 390 2238 s
412 2214 476 2239 add.
497 2223 530 2239 m.
546 2215 570 2238 2.
591 2214 651 2239 131.
748 2220 774 2238 e)
794 2214 828 2238 Et
848 2214 871 2237 si
892 2214 968 2239 Bel».
1063 2214 1085 2239 ἰι
1107 2215 1276 2246 probavimus
1297 2214 1373 2238 codd.
1475 2222 1500 2245 gi
1525 2222 1600 2245 reges
1622 2213 1685 2238 add.
1707 2213 1732 2236 B
1747 2215 1769 2237 l.

119 2261 149 2286 h)
171 2261 214 2293 qui
234 2261 295 2285 Be.
370 2262 389 2292 i)
412 2261 479 2285 Ozia
498 2261 563 2289 Bi;
585 2261 674 2284 Ozas'?
694 2259 770 2284 Bet.
853 2260 883 2284 k·
905 2261 989 2284 lacurn
1012 2261 1092 2284 indic.
1114 2261 1190 2284 Bet.
1270 2261 1291 2286 Ι»
1312 2260 1479 2284 subs-tentam—
1502 2260 1579 2283 1:20.
1660 2260 1696 2286 m]
1718 2260 1768 2284 Pro

120 2307 192 2332 deest
212 2307 236 2332 B
251 2308 274 2332 1.
372 2307 401 2333 ιι)
422 2307 513 2331 tabula
533 2307 558 2330 B
570 2307 594 2330 2.
693 2307 720 2336 o)
743 2306 878 2330 mensibus
900 2306 976 2330 Bel„
1074 2310 1102 2338 p)
1124 2307 1226 2331 scilicet
1247 2307 1305 2330 B1.
1407 2312 1435 2338 q*
1462 2306 1485 2330 [ιι
1509 2316 1590 2337 mary.
1614 2316 1645 2330 m.
1663 2307 1686 2330 ⁵2.
1709 2306 1733 2329 R
1748 2307 1768 2329 1.

119 2355 142 2383 r)
163 2354 248 2381 (least,-
268 2353 366 2378 lacuna
387 2354 402 2376 5
424 2352 471 2377 litt.
494 2353 539 2377 rel.
561 2352 645 2381 32²7„-
664 2352 714 2377 thr.
734 2356 836 2376 tentare
858 2352 921 2383 Sym.
997 2359 1021 2376 st
1044 2354 1081 2376 cis
1103 2352 1140 2377 lj‘l.
1215 2357 1236 2378 tt
1258 2353 1282 2377 b.
1304 2353 1332 2376 P.
1353 2353 1406 2377 (tes.
1430 2352 1466 2376 Cf.

229 2460 257 2495 1)
278 2461 373 2496 Epist.
396 2462 445 2487 59.
474 2462 512 2487 ad
537 2461 696 2488 Cornelium
720 2469 743 2488 c.
761 2460 789 2493 4,
819 2460 861 2487 ecl.
884 2460 987 2486 Hem-tet
1006 2470 1037 2494 p.
1056 2461 1133 2494 571,·
1164 2460 1232 2487 Con.
1257 2469 1319 2486 can.
1344 2461 1397 2493 IV⁷
1429 2471 1451 2487 c.
1479 2461 1547 2493 1111,
1574 2470 1606 2494 p.
1624 2460 1698 2486 429.-
1728 2461 1768 2486 Ex

121 2511 246 2547 epistola
273 2512 409 2547 Cypriani
438 2512 475 2538 ad
502 2511 714 2539 Constantium.
831 2512 861 2546 2)
892 2511 936 2544 Cf.
961 2512 1101 2538 Bernaldi
1129 2513 1326 2546 Apolonaetz'czts
1350 2521 1405 2546 pro
1435 2512 1573 2546 Greyorz'o
1601 2521 1624 2539 c.
1650 2512 1766 2539 XVIII.

119 2573 208 2599 supra
230 2573 262 2598 p.
285 2565 340 2597 82,·
371 2564 537 2598 Disputatio
566 2565 609 2591 ed.
632 2564 735 2591 schum
766 2563 834 2589 ‘Die
857 2563 962 2589 Policilc
984 2564 1071 2598 Papst
1096 2563 1242 2590 paschalis
1265 2564 1306 2592 II.
1337 2573 1422 2598 (leyen
1448 2564 1549 2590 Ji'aiser
1571 2564 1707 2590 Heinrich
1732 2564 1768 2589 VJ

114 2624 147 2650 p.
166 2615 214 2642 78.
301 2615 331 2651 3)
353 2616 484 2651 Synodus
504 2616 587 2643 VIII.
611 2624 644 2641 ex
664 2615 808 2648 interpret,
826 2615 974 2641 Anastasii
995 2625 1018 2641 c.
1037 2616 1086 2647 21,
1111 2615 1210 2641 Mami
1233 2615 1262 2640 X
1271 2615 1317 2651 VI,
1341 2616 1392 2642 col.
1414 2615 1490 2648 1?4;
1513 2615 1612 2650 Jliyne
1629 2615 1767 2641 CXXIX.

121 2667 173 2693 col.
189 2667 266 2701 159,·
289 2668 372 2695 Grat.
388 2668 465 2695 Dist.
482 2668 585 2700 XXII,
610 2677 634 2695 c.
653 2667 680 2693 7.
767 2667 797 2701 4)
822 2667 913 2701 Epist.
931 2667 955 2694 I.
980 2668 1019 2692 ad
1043 2667 1175 2693 Iacobum
1200 2676 1224 2695 c.
1242 2667 1291 2700 39,
1316 2667 1468 2693 Hinffhz'ns
1488 2676 1519 2700 p.
1537 2667 1594 2699 93,·
1616 2666 1701 2699 Jajsse?
1720 2667 1766 2691 11.

122 2717 152 2753 5)
174 2719 265 2753 Epist.
282 2719 340 2751 III,
364 2728 387 2745 c.
408 2719 454 2751 18,
478 2719 631 2745 Hinschius
650 2727 680 2752 p.
700 2718 775 2751 115;
801 2718 869 2745 Colt.
887 2727 950 2744 can.
968 2718 1020 2750 IV,
1046 2728 1069 2744 c.
1091 2718 1157 2749 156,
1177 2728 1208 2752 p.
1227 2718 1305 2744 479.-
1328 2718 1399 2743 Item
1418 2718 1504 2743 idcm.
1573 2718 1601 2751 fl)
1620 2718 1709 2750 Epist.
1727 2718 1766 2742 Il.

121 2779 145 2796 c.
169 2770 196 2802 8,
220 2770 373 2797 Eius-chius
393 2780 423 2804 p.
443 2771 519 2796 118:
550 2770 601 2796 sed
625 2773 653 2796 et
676 2769 725 2795 ille
749 2769 798 2803 qui
822 2770 883 2795 eius
908 2769 1075 2795 sacerdotes
1106 2773 1155 2798 etc.
1203 2770 1271 2798 coll.
1296 2779 1358 2796 can.
1384 2770 1440 2801 HJ,
1514 2770 1562 2801 22,
1585 2779 1613 2802 p.
1632 2769 1704 2794 233.-
1728 2769 1765 2793 Ex

122 2821 249 2847 secunda
272 2821 405 2856 epistola.
450 2821 518 2848 Pius
541 2822 691 2848 Romanae
716 2820 797 2847 urbis
821 2820 1071 2855 archiepiscopus.
1118 2820 1172 2851 Qui
1198 2820 1258 2846 eius
1283 2825 1334 2847 etc.
1378 2820 1464 2853 ‘Ias-'73³
1488 2820 1536 2846 44.

1790 823 1839 841 Act.
1850 822 1884 843 23.
1895 823 1914 841 5.

1790 975 1854 995 Rom.
1870 977 1900 998 14,
1910 977 1931 996 4.

1792 1081 1811 1098 1.
1820 1079 1880 1099 Tim.
1891 1080 1940 1103 δ,1.

1850 1220 1877 1239 cf.

1792 1249 1938 1272 2.Reg.·÷,6.?.
