2132 3067
249 148 475 175 TRACTATUS
499 149 550 175 DE
574 149 692 176 REGIA
715 149 938 176 POTESTATE
962 150 1010 176 ET
1033 148 1301 176 SACERDOTALI
1325 150 1548 176 DIGNITATE.
1584 151 1605 176 I.
1680 146 1739 177 4T1

91 238 200 270 radere
224 238 311 268 visus
334 243 392 275 est,
417 248 488 268 cum
514 247 570 278 pro
595 239 698 279 capite
723 249 780 268 suo
805 239 927 268 caesari
954 238 1108 269 tributum
1140 237 1262 269 solvere
1286 249 1349 268 non
1374 238 1566 280 dedignatus
1590 246 1646 270 est.
1693 239 1742 270 De

91 290 148 321 hac
171 289 265 321 etiam
292 289 552 319 mansuetissima
576 290 731 320 servitute
764 289 893 330 quidam
920 290 1048 331 sapiens
1073 289 1221 331 perhibet
1246 290 1365 329 dicens,
1390 291 1465 332 quia
1497 292 1602 321 iustus
1625 291 1741 321 libera-

90 342 172 381 liter,
202 341 348 371 iniustus
378 352 448 371 vero
473 341 670 382 compeditus
698 342 806 371 servit.
855 341 915 371 Pro
947 340 1009 371 illis
1043 342 1181 382 denique
1212 352 1312 377 orare,
1343 352 1407 372 non
1437 343 1482 372 eis
1512 342 1742 373 contumeliose

91 393 238 424 resistere
262 392 487 434 praecipimur,
519 392 601 422 sieut
625 392 754 422 Samuel
779 402 886 423 orasse
911 392 1028 432 legitur
1052 403 1109 434 pro
1134 392 1240 429 Saule,
1273 393 1327 434 qui
1353 401 1461 423 tamen
1485 393 1655 424 exauditus
1679 405 1741 425 non

61 457 73 478 5
91 449 147 476 est.
203 443 271 474 Iam
303 444 386 474 enim
417 443 480 474 Dei
509 444 592 474 iusto
624 442 764 473 iudicioa
794 454 851 474 rex
880 442 932 474 ille
964 444 1125 485 superbus
1161 450 1191 474 et
1221 444 1414 485 impenitens
1444 445 1635 486 reprobatus
1665 451 1742 476 erat.

92 496 298 537 Quapropter
321 505 412 525 orare
437 505 495 536 pro
519 494 650 535 regibus
674 495 801 525 divinae
826 494 906 535 legis
932 495 1225 536 transgressoribus
1250 501 1359 526 sancta
1389 497 1554 527 consuevit
1577 496 1743 535 aecclesia,

92 548 167 590 quia
189 553 278 589 patet
300 552 411 577 sancta
434 546 569 577 lectione
593 545 747 578 librorum
774 546 894 587 pluries
918 552 1045 577 sanctos
1070 547 1154 577 viros
1180 548 1323 577 oratione
1348 558 1427 589 pura
1451 554 1604 589 tyrannos
1629 549 1744 579 vicisse

92 604 123 631 et
150 598 260 641 plures
289 598 398 629 hostes
429 608 503 639 sepe
532 597 624 629 almis
656 599 807 639 precibus
840 609 937 639 quain
966 599 1063 629 armis
1091 598 1222 629 fudisse.
1268 598 1349 629 Nam
1374 599 1503 640 Moyses
1529 599 1652 639 orabat,
1682 611 1744 631 non

92 650 276 691 dimicabat,
302 649 431 691 quando
455 649 598 681 divisum
623 656 672 681 est
695 661 782 680 marc
806 654 837 680 et
861 661 919 691 per
943 650 1083 680 medium
1108 651 1176 680 eius
1202 649 1341 691 populus
1366 652 1588 682 transmeavit:
1622 652 1745 682 Pharao

47 715 74 735 ιο
93 712 166 734 vero
195 712 266 733 cum
291 701 440 732 curribus
469 707 500 732 et
523 702 687 743 equitibus
716 702 782 732 suis
814 700 979 732 demersus
1009 707 1057 732 est
1088 702 1119 732 in
1149 701 1300 732 fluetibus
1329 703 1441 743 ipsius.
1486 701 1538 733 Nil
1570 704 1652 733 enim
1678 704 1746 744 ipse

91 753 220 795 Moyses
244 758 356 784 contra
371 752 572 784 Pharaonem
596 753 658 783 nisi
683 752 781 784 solam
799 753 924 793 virgam
950 752 1076 784 levavit.
1123 753 1276 783 Amalech
1303 752 1441 795 denique
1465 754 1567 784 victus
1592 760 1648 793 est,
1673 766 1745 785 cum

91 806 220 847 Moyses
237 816 352 836 manus
375 804 415 835 ad
433 804 538 836 Deum
563 804 694 835 levaret.
742 806 913 835 &acrarum
932 805 1026 835 etiam
1045 804 1194 835 tubarum
1213 805 1319 835 sonitu
1337 805 1418 835 muri
1439 805 1570 836 Hierico
1588 807 1745 838 cecidere.

93 856 157 889 Sed
185 862 217 888 et
246 867 304 887 rex
329 855 486 887 Ezechias
516 867 579 887 non
603 857 700 886 armis
725 867 768 896 se,
799 856 854 887 sed
880 855 981 887 cilitio
1006 855 1110 887 induit
1141 862 1171 886 et
1200 867 1257 897 pro
1281 855 1374 897 galea
1401 857 1508 888 cinere
1533 864 1629 898 caput
1657 859 1747 898 texit,

92 908 220 952 quando
251 907 472 939 Sennacherib
504 919 562 939 rex
590 908 789 938 Assiriorum
819 909 975 938 adversus
1012 919 1085 938 eum
1117 907 1225 938 multis
1258 907 1396 938 vallatus
1431 907 1620 940 satellitibus
1651 910 1748 940 venit.

46 971 72 992 15
92 961 210 991 Verum
243 960 402 991 Ezechiae
433 960 519 1001 regis
550 960 711 990 mitissimi
743 960 844 990 oratio
875 959 914 989 ad
944 959 1049 990 Deum
1081 958 1225 990 ascendit
1256 965 1287 990 et
1317 960 1348 990 in
1381 961 1494 990 castris
1527 960 1747 992 Sennacherib

91 1012 313 1054 superbissimi
336 1010 471 1052 angelus
496 1011 672 1049 descendit,
704 1012 758 1053 qui
789 1011 827 1042 de
859 1011 927 1041 eius
957 1011 1102 1042 exercitu
1127 1011 1291 1052 octoginta
1322 1011 1464 1053 quinque
1492 1012 1581 1042 milia
1604 1014 1745 1043 virorum

91 1063 260 1095 interfecit.
306 1063 387 1102 Quis
411 1062 491 1094 haec
515 1068 546 1093 et
569 1062 728 1093 eiusmodi
749 1062 899 1104 prodigia
923 1063 1132 1094 considerans
1157 1074 1219 1093 uon
1243 1063 1433 1093 ammiretur
1456 1069 1487 1093 et
1505 1074 1567 1094 non
1592 1063 1748 1105 intelligat

91 1116 198 1158 pravis
226 1114 357 1156 regibus
389 1114 632 1156 spiritualibusb
663 1115 777 1155 pocius
806 1114 1005 1146 orationibus
1036 1126 1131 1156 quam
1167 1115 1265 1145 armis
1297 1114 1480 1145 carnalibus
1511 1115 1749 1146 resistendum?

91 1166 250 1198 Proinde¹
275 1172 404 1197 sanctus
430 1166 620 1197 Ambrosius
646 1166 894 1198 Mediolanensi-s
919 1167 1102 1208 episcopus,
1135 1178 1207 1197 cum
1232 1167 1260 1198 ei
1285 1165 1409 1197 Iustina
1433 1168 1633 1208 imperatrix,
1658 1168 1748 1198 Aria-

46 1229 73 1249 ίο
90 1229 203 1250 norum
227 1218 358 1256 fautrix,
388 1217 503 1249 multas
527 1229 584 1259 pro
610 1218 796 1249 defensione
828 1218 903 1249 fidei
927 1218 1104 1250 catholicae
1128 1218 1261 1249 inferret
1285 1218 1428 1258 iniurias,
1460 1229 1523 1248 non
1553 1218 1596 1248 illi
1626 1219 1749 1249 studuit

92 1271 188 1302 armis
209 1269 366 1301 violenter
388 1270 547 1308 resistere,
572 1269 627 1300 sed
653 1270 720 1300 eius
744 1270 945 1301 ferocitatem
971 1271 1142 1309 continuis,
1166 1269 1197 1300 id
1223 1275 1271 1300 est
1294 1269 1418 1300 diurnis
1443 1276 1473 1300 et
1496 1270 1749 1310 nocturnalibus,

91 1322 289 1354 orationibus
313 1322 483 1355 refrenare.
530 1321 611 1352 Nam
637 1322 734 1352 armis
760 1321 942 1363 praesulem
968 1321 1142 1363 quemlibet
1173 1327 1283 1352 contra
1313 1332 1422 1362 regem
1446 1320 1498 1352 vel
1523 1322 1746 1363 imperatorem

92 1374 295 1414 contendere,
325 1379 356 1405 et
379 1383 472 1404 sacra
501 1373 573 1404 loca
596 1384 633 1404 ac
657 1373 728 1405 Deo
753 1373 859 1404 dicata
882 1373 1021 1404 humano
1050 1374 1205 1414 sanguine
1230 1373 1373 1414 polluere
1402 1373 1557 1403 nefarium
1591 1380 1621 1405 et
1651 1380 1748 1405 teme-

89 1426 209 1457 rarium
225 1430 283 1456 est.
329 1424 425 1464 Quod
443 1425 594 1455 dominus
612 1425 702 1455 Iesus
720 1424 868 1456 Christus
891 1425 1032 1456 salvator
1055 1432 1085 1456 et
1102 1425 1249 1456 conditor
1271 1431 1380 1455 noster
1396 1430 1471 1455 tunc
1489 1425 1748 1456 manifestissime

45 1487 72 1507 2⁵
91 1477 209 1515 docuit,
241 1488 314 1507 cum
343 1477 458 1508 Petrus
487 1476 653 1518 apostolus
685 1476 827 1518 gladium
858 1489 950 1508 suum
983 1476 1156 1508 extrahens
1185 1476 1348 1518 pontificis
1377 1487 1503 1507 servum
1535 1476 1749 1518 apprehendit

92 1534 123 1560 et
145 1530 213 1560 eius
229 1528 406 1560 auriculam
425 1529 615 1570 amputavit.
649 1529 704 1559 Ait
728 1529 812 1559 enim
837 1529 896 1560 illi:
924 1529 1076 1560 Converte
1092 1529 1242 1570 gladium
1266 1534 1356 1559 tuum
1381 1531 1416 1559 in
1434 1530 1603 1570 vaginam.
1634 1528 1749 1559 Omnes

92 1583 173 1613 enim
192 1582 249 1623 qui
266 1582 451 1622 acceperint
467 1580 627 1622 stadium,
651 1580 766 1622 gyladio
778 1581 945 1622 peribunt.
993 1583 1040 1611 Ac
1064 1580 1194 1611 deinde:
1219 1579 1272 1611 Aa
1286 1585 1389 1622 putas
1398 1586 1421 1620 ⁰,
1438 1581 1515 1622 qnia
1534 1591 1598 1610 nou
1613 1591 1747 1621 possum

92 1644 207 1675 roqare
231 1632 360 1663 Patrem
383 1644 498 1672 meum,
522 1637 550 1662 et
573 1632 709 1663 exibebit
732 1633 814 1663 mihi
836 1633 929 1664 modo
948 1632 1028 1674 plus
1051 1644 1149 1674 quam
1173 1632 1343 1663 duodecim
1366 1632 1510 1673 Zeyiones
1535 1630 1748 1673 αηῃεῖονυῃιὲ

93 1683 187 1716 Unde
212 1683 258 1714 illi
283 1685 338 1726 qui
361 1695 423 1714 non
448 1683 516 1714 zelo
541 1683 614 1723 Dei,
647 1683 703 1714 sed
728 1695 786 1714 sua
817 1684 995 1715 temeritate
1019 1683 1071 1714 vel
1101 1683 1284 1723 arrogantia
1311 1683 1461 1724 potestati
1486 1683 1648 1720 resistunt,
1680 1683 1750 1713 Deo

46 1747 74 1767 ³⁰
92 1735 246 1767 rebellare
269 1735 430 1774 videntur,
463 1735 517 1777 qui
542 1735 637 1765 dixit:
667 1735 730 1766 Per
756 1747 804 1766 me
835 1747 926 1777 reyes
957 1740 1098 1777 refluant
1129 1740 1157 1766 et
1178 1736 1351 1776 principes
1383 1735 1522 1765 obtinent
1544 1739 1750 1774 penestrinam·

93 1789 184 1819 cuius
206 1787 335 1828 iudicia,
365 1787 423 1818 etsi
448 1793 580 1818 manent
604 1787 737 1826 occulta,
767 1798 931 1829 nunquam
960 1794 1066 1818 tamen
1097 1792 1170 1817 sunt
1200 1787 1328 1817 iniusta.
1375 1785 1451 1825 Illis,
1482 1787 1623 1827 inquam,
1651 1786 1750 1816 armis

93 1844 212 1871 temere
233 1839 383 1870 resistere
407 1844 462 1869 aut
493 1839 539 1869 eis
563 1838 672 1881 aliqua
696 1839 809 1870 fraude
834 1839 998 1870 interitum
1024 1838 1209 1869 machinare
1232 1837 1414 1868 nullatenus
1446 1844 1557 1868 sancta
1581 1838 1750 1867 consuevit

93 1891 257 1930 aeeclesia,
287 1890 456 1921 revolvens
489 1890 565 1920 illud
599 1898 809 1933 praeceptum
839 1891 1048 1923 dominicum,
1081 1901 1143 1932 quo
1173 1891 1239 1920 suis
1270 1889 1419 1920 fidelibus
1449 1890 1510 1920 ait:
1542 1889 1646 1919 Micln'
1677 1890 1746 1919 vin-

93 1942 247 1982 dictamd,
271 1948 298 1974 et
321 1953 378 1983 eqo
401 1943 590 1973 retribuam.
636 1942 708 1973 Non
732 1943 817 1973 enim
843 1942 897 1983 qui
923 1942 1025 1972 honus
1050 1947 1216 1983 permanet
1237 1940 1401 1982 polluitur,
1434 1943 1458 1971 si
1484 1940 1567 1971 malo
1593 1940 1748 1979 societur,

47 2005 74 2025 ³⁵
95 1993 150 2025 sed
172 1994 225 2035 qui
249 1993 354 2024 malus
377 1999 425 2025 est
454 1994 484 2024 in
514 1993 635 2024 bonum
660 1995 806 2033 vertitur,
837 1995 863 2024 si
893 1993 967 2023 boni
999 1993 1150 2034 exempla
1174 1998 1322 2023 sectetur.
1369 1993 1539 2023 Pacienter
1569 1992 1664 2022 etiam
1690 2003 1748 2021 nos

93 2045 253 2077 Dominus
277 2045 419 2087 quotidie
442 2051 614 2086 peccantes
639 2052 788 2086 expectat
811 2045 890 2076 dans
914 2044 1007 2075 nobis
1032 2045 1175 2086 spacium
1200 2043 1375 2085 penitendi,
1399 2050 1432 2074 ut
1456 2048 1596 2074 nostram
1622 2044 1749 2084 pacien-

95 2098 170 2128 tiam
195 2103 347 2128 exerceat
373 2103 403 2128 et
426 2096 577 2128 informet
605 2108 662 2127 suo
687 2096 846 2138 exemplo,
878 2107 939 2138 quo
964 2097 1147 2127 noverimus
1171 2101 1324 2137 quantuni
1357 2107 1415 2126 nos
1439 2100 1586 2137 oporteat
1612 2094 1748 2126 tolerare

96 2148 207 2189 malos,
230 2159 301 2180 cum
325 2149 511 2190 ignoremus
536 2148 647 2190 quales
670 2148 767 2179 futuri
793 2153 876 2186 sunt,
902 2147 1031 2189 quando
1055 2146 1139 2178 illise
1164 2149 1266 2189 parcit
1289 2154 1319 2178 et
1343 2148 1419 2177 sinit
1442 2158 1496 2177 eos
1521 2147 1629 2177 vivere
1654 2157 1747 2187 quem

98 2200 195 2231 nichil
216 2200 396 2231 futurorum
421 2199 506 2232 latet.
554 2200 657 2240 Unde,
683 2202 708 2231 si
726 2201 897 2241 contigerit
913 2199 1046 2230 rebelles
1064 2210 1121 2240 pro
1139 2199 1198 2229 hac
1216 2199 1412 2230 contumatia
1429 2199 1520 2238 mori,
1543 2207 1746 2239 nequaquam

51 2262 78 2281 ιο
97 2251 136 2284 de
151 2251 316 2294 martyriis
338 2253 467 2283 nomine
482 2252 670 2293 glorientur,
695 2253 748 2295 qui
772 2252 876 2282 furum
895 2263 983 2282 more
1000 2252 1112 2282 merito
1129 2250 1289 2292 supplicio
1307 2250 1593 2292 condempnantur.
1626 2249 1747 2279 Verum

99 2303 138 2335 ad
162 2303 279 2335 malum
303 2304 554 2346 perpetrandum
587 2303 692 2334 nullus
725 2303 939 2345 potestatibus
971 2302 1066 2333 debet
1096 2301 1248 2333 adhibere
1273 2313 1482 2333 eonsensum:
1513 2302 1600 2343 quia,
1630 2301 1655 2331 si
1687 2299 1748 2331 illis

100 2355 233 2387 debetur
262 2366 282 2386 a
305 2355 422 2386 Christi
452 2355 630 2387 cultoribus
659 2361 786 2387 terrena
816 2354 939 2393 militia,
971 2354 1042 2385 Deo
1074 2353 1210 2385 debetur
1240 2354 1431 2385 innocentia.
1478 2353 1583 2394 Unde,
1612 2353 1638 2383 si
1668 2353 1748 2383 forte

209 2461 235 2493 a)
257 2461 351 2485 inditio
373 2461 398 2485 2.
465 2462 491 2491 b)
514 2461 678 2493 spiritalibus
699 2462 723 2484 2.
791 2465 816 2490 c)
837 2464 960 2492 amputas
983 2462 1006 2483 2’.
1072 2460 1097 2491 d)
1118 2460 1242 2483 vidictarn
1265 2460 1289 2484 ⁴2.
1355 2460 1378 2489 e)
1402 2459 1446 2483 ille
1468 2459 1492 2483 2.
1550 2459 1571 2487 f)
1592 2459 1701 2482 martirii
1723 2459 1747 2482 53.

209 2559 234 2593 l)
258 2559 343 2593 Huqo
367 2559 490 2591 Flac-im,
516 2569 593 2593 [suem
618 2562 709 2585 noster
732 2559 872 2590 exscribit,
895 2568 922 2591 P-
943 2559 1012 2583 5302.
1033 2557 1118 2583 dicit:
1141 2557 1236 2583 Tanta
1261 2557 1336 2583 enim
1356 2557 1460 2583 beatus
1476 2556 1658 2588 Ambrosius,
1683 2564 1744 2581 cum

54 2615 82 2634 15
102 2609 228 2644 undique
250 2609 378 2636 Iustinae
403 2610 544 2636 Arrianae
568 2610 687 2642 reginae
719 2614 746 2636 et
776 2609 853 2643 regis
878 2612 1068 2643 appetercrur
1096 2608 1219 2641 insidiis,
1252 2609 1280 2634 in
1311 2608 1435 2634 ecelesia
1461 2608 1515 2634 Dei
1544 2607 1690 2633 laboravit
1719 2611 1747 2632 et

104 2659 255 2686 desudavit
276 2661 426 2694 industria,
452 2665 483 2688 ut
504 2670 557 2696 per
581 2671 644 2688 eum
671 2662 706 2687 ad
730 2661 859 2687 ultimum
883 2664 980 2686 rectae
1004 2660 1070 2686 fidei
1095 2663 1156 2686 tota
1181 2660 1355 2686 subderetur
1378 2659 1473 2685 Italia.
1528 2660 1631 2685 lssonz'zo
1655 2662 1743 2684 aulem

103 2710 220 2745 (Libelli
236 2712 261 2745 1,
280 2721 310 2746 p.
325 2713 397 2747 5763)
421 2722 549 2747 expresse
572 2713 656 2739 dieit:
680 2713 806 2744 Quorum
824 2711 994 2738 Ambrosius
1018 2720 1053 2736 ne
1078 2711 1114 2737 ab
1139 2711 1263 2746 ecelesia
1280 2711 1358 2737 iussu
1371 2710 1568 2737 Valentiniani
1592 2714 1619 2735 et
1636 2709 1744 2742 lustin?

103 2761 270 2797 pelleretur,
294 2763 379 2789 armis
402 2764 577 2798 populorum
603 2764 768 2790 defensatus
793 2766 852 2797 cst3
877 2771 929 2789 nec
953 2762 1128 2796 vituperavit
1144 2762 1199 2789 Dci
1216 2762 1352 2789 sacerdos
1377 2762 1502 2787 divinum
1527 2761 1627 2796 populi
1651 2761 1743 2786 fervo-

105 2820 174 2847 rem,
199 2814 250 2840 sed
266 2814 363 2848 potius
385 2815 523 2841 laudavit.
561 2815 605 2848 Cf.
629 2815 658 2841 1'.
676 2816 816 2841 Ambrosii
838 2824 860 2841 c.
882 2815 927 2847 12,
955 2814 1025 2848 Opp.
1043 2815 1085 2840 ed.
1103 2814 1247 2840 Ballerz'ui
1268 2814 1305 2839 VI
1328 2813 1460 2848 (Mediol.
1480 2813 1584 2847 1583),
1609 2813 1660 2838 col.
1675 2812 1743 2837 890.

1764 252 1917 277 Mamaeam.

1764 292 1834 311 Matr.
1846 292 1899 312 125

1765 321 1818 340 Luc.
1831 322 1865 344 20,
1875 322 1907 340 15.

1767 406 1917 430 1.Re.‹.r.15,11.

1768 611 1807 629 ΒΧ,
1823 610 1901 631 14,15.

1768 751 1796 770 ih.
1812 751 1837 769 10

1767 780 1886 801 ib.17,11.

1767 819 1804 838 Ios
1824 820 1843 843 fi,
1854 820 1887 838 20.

1767 872 1900 895 4.Reg.19.

1769 1541 1921 1565 Mami.‘.>6,52.

1770 1594 1790 1612 ih
1810 1594 1846 1613 53.

1770 1725 1836 1743 Prov,
1847 1725 1867 1745 8,
1877 1725 1911 1743 15.

1771 1754 1799 1773 ib,
1814 1755 1846 1773 16.

1768 1898 1918 1923 nebr.10‚30.
