2132 3067
68 721 93 740 10

64 978 90 997 15

63 1236 90 1254 20

63 1493 90 1513 2⁵

64 1755 91 1775 ³⁰

65 2013 93 2033 ⁸5

66 2270 94 2289 40

492 154 541 179 IV.
577 154 628 179 DE
651 154 918 181 SACRAMENTls
944 155 1374 183 ExcoMMUNICATORUM.
1713 156 1752 183 92:

113 243 218 274 causis
246 241 485 282 sagacissimus,
514 252 578 272 non
606 243 712 273 minus
743 253 800 284 per
823 244 1014 274 simoniacos
1046 255 1140 285 quam
1172 255 1229 285 per
1257 244 1336 274 alios
1366 245 1522 276 hereticos
1554 252 1753 277 sacramenta

112 294 281 325 decurrere
310 291 498 334 probaverit
526 293 558 322 in
587 292 668 324 libro
693 304 760 332 suo⁷
792 305 886 335 quem
912 295 1157 326 Gratissimum¹
1184 296 1433 336 cognominavit.
1479 298 1595 328 Sancta
1626 309 1753 339 quoque

115 346 258 376 Romana
274 344 411 375 ecclesia
424 343 588 374 nonnichil
602 355 655 375 eos
669 352 942 377 sacramentorum
957 345 1096 377 habere³
1113 347 1331 379 monstravitb.
1349 358 1419 378 cum
1435 353 1594 389 temporec
1609 348 1753 380 Nicolai1

112 407 217 439 papae
240 396 341 437 gratis
365 395 529 426 ordinatos
553 407 572 426 a
595 396 780 427 simoniacis
805 398 836 427 in
859 399 1001 439 acceptis
1025 397 1192 429 ordinibus
1209 409 1396 439 permanere
1421 400 1623 431 concesserit.
1659 401 1752 439 Quod

111 453 218 480 autem
249 448 418 478 simoniaci
447 452 649 478 sacramenta
679 447 796 478 habere
826 449 984 486 dicuntur,
1016 460 1076 480 non
1101 449 1142 480 ad
1167 449 1320 480 honorem
1346 461 1466 491 eorum,
1498 451 1552 481 sed
1581 451 1621 482 ad
1646 458 1755 482 contu-

113 499 238 531 meliam
263 505 310 530 est
332 498 544 534 referendum,
569 509 639 529 cum
658 505 746 530 tanto
765 501 868 541 magis
885 499 1031 541 sacrilegi
1050 501 1252 541 deputentur,
1277 507 1396 542 quanto
1422 503 1560 532 sanctius
1587 509 1646 541 est,
1669 503 1753 544 quod

112 556 224 583 eontra
246 551 294 581 fas
319 556 350 582 et
372 551 422 580 ius
447 561 604 591 usurpare
628 561 691 580 non
714 557 880 591 verenturg
905 563 941 582 eo
966 563 1067 593 usquc
1092 558 1197 582 tamen
1222 551 1392 583 humanam
1418 554 1606 594 pravitatem
1631 555 1754 596 insequi

111 602 275 641 debemus,
307 613 346 632 ne
375 602 466 632 iuxta
489 602 707 642 Augustinum
737 602 855 633 divinis
886 604 1048 644 mysteriis
1077 603 1267 644 sacrilegam
1297 604 1453 634 faciamus
1484 605 1642 643 iniuriam,
1674 616 1754 646 quae

111 655 268 696 pravitate
292 653 456 684 hominum
481 652 566 684 nullo
592 653 687 684 modo
711 653 882 696 depravari
907 660 1088 696 potuerunt.

218 705 284 737 Sed
308 710 339 737 et
361 711 562 736 sacramenta
587 705 812 747 neophitorum
843 706 1046 748 proscribere
1079 717 1140 736 non
1171 705 1337 745 audemus,
1369 718 1504 748 quorum
1537 708 1754 739 ordinationes
1778 724 1796 735 =.

111 758 214 789 sancti
237 763 344 799 patres
368 763 452 788 ratas
477 767 547 788 esse
571 764 778 798 censuerunt,
809 769 881 788 cum
906 769 960 788 eos
983 763 1155 798 acceptum
1180 757 1323 788 ordinem
1349 758 1570 790 administrare
1595 760 1754 800 permitte-

111 814 190 840 rent.
236 808 321 840 Hinc
345 809 458 840 beatus
482 808 548 839 Leo
573 819 658 850 papa
680 808 722 840 Ι.3
745 809 889 840 scribens
913 809 953 839 ad
977 810 1148 850 episcopos
1172 809 1403 839 Mauritaniosd
1427 820 1491 845 eos.
1523 811 1577 851 qui
1601 821 1641 840 ex
1665 810 1754 841 laicis

111 861 248 892 ordinati
272 865 356 899 sunt,
379 861 411 891 in
435 859 548 891 ordine
572 861 731 891 concessit
754 871 951 902 permanere.
986 861 1067 891 Item
1085 867 1215 891 sanctus
1233 860 1442 890 Ambrosius⁴
1466 862 1497 891 in
1515 861 1635 902 ordine,
1660 873 1753 903 quem

112 913 281 954 neophitus
306 917 416 953 utpote
440 912 472 942 in
491 911 579 942 VIII.
597 912 648 943 die
672 917 744 954 post
769 912 963 953 baptismum
987 912 1124 952 accepit,
1148 922 1249 953 usque
1273 911 1313 942 ad
1337 912 1432 942 finem
1455 913 1539 943 vitae
1564 912 1632 943 Deo
1657 913 1754 954 digne

110 964 219 995 divina
242 969 441 994 sacramenta
463 964 667 994 ministravit.
713 963 785 994 Hoc
809 964 920 1005 utiquo
936 974 995 994 nec
1011 964 1080 1005 ipse
1097 971 1226 993 sanctus
1244 962 1434 993 Ambrosius
1456 963 1577 994 faceret
1599 974 1658 994 nec
1679 963 1754 994 alibi

109 1016 212 1047 sancti
234 1022 344 1057 patres
367 1014 435 1046 fieri
458 1016 690 1057 permitterent,
723 1016 749 1045 si
780 1015 939 1056 neophitis
968 1020 1202 1045 sacramentum
1227 1013 1442 1044 ordinacionis
1467 1015 1593 1056 penitus
1617 1015 1754 1046 defuisse

110 1067 286 1098 crederent.
331 1066 455 1097 Horum
479 1071 586 1098 autem
610 1067 796 1098 auctoritati
820 1067 872 1097 illa
893 1065 1042 1108 exempla
1059 1065 1098 1096 de
1114 1065 1326 1096 annulae-ione
1344 1065 1526 1096 huiusmodi
1544 1072 1754 1097 sacramento-

109 1130 178 1150 rum
203 1124 398 1161 anteponere
421 1129 484 1149 non
509 1119 754 1160 presumimuse,
787 1129 868 1160 quae
899 1129 963 1149 non
993 1117 1032 1149 de
1063 1118 1212 1159 antiquis,
1244 1117 1299 1147 sed
1330 1117 1560 1148 recentioribus
1586 1119 1754 1149 mutuastis

109 1170 318 1212 temporibus,
340 1171 372 1201 in
390 1170 518 1212 quibus,
542 1172 685 1212 inquam,
709 1169 908 1211 temporibus
926 1169 1026 1200 multa
1042 1174 1153 1200 contra
1176 1169 1222 1199 fas
1246 1175 1276 1199 et
1300 1169 1349 1199 ius
1372 1175 1526 1210 usurpata
1544 1171 1754 1210 reperiuntur.

111 1233 192 1265 quae
222 1223 327 1263 magis
358 1222 551 1264 respuenda,
583 1233 678 1264 quam
711 1223 741 1252 in
773 1221 957 1263 exemplum
989 1220 1134 1251 ducenda
1163 1218 1321 1251 videntur.
1368 1220 1442 1262 Ipse
1472 1222 1568 1251 ctiam
1592 1221 1754 1251 Romanus

111 1273 333 1316 pontificalis-⁵,
356 1274 442 1305 unde
465 1273 519 1304 illa
542 1274 691 1316 exempla
713 1273 903 1316 protulistis,
926 1283 1158 1314 saepenumero
1185 1282 1248 1302 non
1272 1272 1358 1302 tamf
1383 1273 1530 1302 facienda
1553 1283 1647 1313 quam
1672 1272 1755 1303 sacta

111 1326 273 1367 hystorica
296 1325 501 1367 simplicitate
524 1326 711 1367 prescribit3
743 1336 801 1356 nec
824 1325 925 1356 solum
949 1324 1109 1366 legitimas
1134 1324 1365 1361 instituciones,
1396 1324 1451 1354 sed
1476 1330 1507 1354 et
1531 1323 1753 1354 nonnullorum

110 1377 362 1409 inconsideratas
393 1378 624 1419 usurpaciones
652 1377 770 1408 referre
802 1377 978 1407 consuevit.
1023 1375 1117 1407 Unde
1147 1386 1210 1406 non
1242 1376 1358 1411 omnia,
1391 1386 1472 1416 quae
1503 1376 1534 1406 in
1566 1386 1603 1406 eo
1634 1376 1754 1417 scripta

111 1430 269 1471 leguntur,
298 1439 357 1471 pro
381 1428 606 1460 ecclesiasticis
630 1429 851 1460 sanctionibus
874 1429 1018 1470 recipere
1042 1427 1209 1465 debemus,
1237 1428 1404 1468 presertim
1429 1426 1482 1458 illa
1506 1428 1644 1465 minime,
1673 1438 1755 1468 quae

109 1493 128 1512 a
151 1481 454 1512 consideratissimis
482 1482 685 1522 antiquorum
716 1486 844 1522 patrum
873 1480 1044 1511 sentenciis
1071 1479 1200 1510 deviare
1223 1477 1379 1517 videmus,
1408 1489 1448 1508 ex
1471 1478 1587 1520 quibus
1611 1489 1668 1509 vos
1693 1479 1754 1509 duo

111 1533 261 1575 exempla
290 1533 454 1574 posuistis,
487 1543 568 1574 quae
600 1538 802 1564 sacramenta
832 1531 1057 1573 neophitorum
1086 1530 1167 1561 adeo
1192 1529 1372 1571 profanant,
1403 1535 1437 1560 ut
1461 1530 1623 1560 ordinatos
1646 1531 1686 1561 ab
1711 1531 1755 1561 eis

111 1584 341 1616 reordinandos
372 1590 535 1620 censeant,
566 1584 654 1626 quod
677 1590 708 1615 et
732 1584 811 1626 ipsis
835 1582 989 1625 apostolis
1013 1592 1188 1623 eorumque
1213 1582 1453 1612 successoribus
1477 1581 1630 1612 Romanis
1653 1582 1756 1623 ponti-

110 1637 224 1669 ficibus
245 1636 380 1679 aliisque
405 1637 524 1667 sanctis
547 1635 695 1678 patribus
716 1635 879 1667 adversari
896 1645 958 1665 non
976 1633 1149 1665 dubitatur.
1197 1634 1263 1674 Ipsi
1285 1633 1370 1663 enim
1394 1633 1531 1674 apostoli
1555 1634 1585 1663 in
1611 1634 1678 1663 suis
1701 1644 1755 1663 eos

110 1688 338 1720 canonibusw
369 1688 566 1730 dampnasse
597 1687 756 1729 leguntur,
788 1688 972 1729 quicunque
999 1686 1172 1717 secundam
1198 1695 1310 1715 manus
1334 1685 1565 1726 inposicionem
1590 1685 1755 1726 accepisse

110 1741 346 1783 detegerentur.
391 1740 472 1772 Item
497 1745 627 1771 sanctus
652 1738 852 1779 Gregorius⁷
877 1749 961 1780 papa
984 1738 1107 1779 primus
1130 1736 1274 1767 scribens
1299 1736 1432 1766 Iohanni
1456 1736 1608 1777 episeopo
1633 1735 1755 1767 Raven-

109 1793 193 1833 nati3
217 1793 293 1824 item
317 1793 561 1834 predecessores
585 1791 653 1822 eius
678 1790 826 1821 Zosimus
851 1796 945 1831 atque
970 1789 1156 1820 Bonifacius
1179 1798 1251 1818 cum
1277 1787 1443 1818 (UXVII.
1468 1788 1587 1818 sanctis
1611 1787 1754 1828 patribus

111 1844 388 1886 Carthaginiensis
411 1843 563 1875 concilii⁸
585 1842 864 1874 reordinacionem
888 1851 991 1883 aeque
1016 1845 1049 1870 ut
1072 1839 1364 1881 rebaptizacionem
1389 1838 1616 1880 dampnavere.

216 1895 312 1936 Quod
335 1901 442 1927 autem
465 1895 522 1931 illi,
545 1895 601 1937 qui
626 1894 764 1925 ordinati
789 1898 862 1923 sunt
886 1892 1039 1933 neophiti,
1067 1896 1300 1922 sacramentum
1327 1889 1542 1920 ordinacionis
1566 1900 1628 1920 non
1653 1890 1757 1919 minus
1778 1900 1826 1924 (ιο)

113 1947 250 1980 habeant
278 1957 374 1990 quam
402 1947 544 1986 heretici,
575 1946 722 1987 superius
752 1945 945 1975 sanctissimi
971 1949 1086 1985 patres,
1116 1942 1181 1973 Leo
1206 1953 1291 1983 papa
1314 1947 1345 1972 et
1368 1941 1569 1979 Ambrosius,
1599 1940 1678 1972 alter
1706 1940 1757 1971 dc-

112 2004 209 2039 creto,
238 1998 318 2030 alter
346 1997 495 2040 exemplo
525 2009 583 2028 nos
611 1997 812 2039 apertissime
844 1996 1031 2026 docuerunt.
1084 1993 1288 2034 Quicumque
1321 1993 1418 2033 igitur
1448 1992 1610 2023 ordinatos
1639 2003 1657 2022 a
1685 2002 1756 2022 neo-

113 2050 209 2094 phitis
232 2052 346 2082 iterum
371 2049 568 2081 ordinandos
601 2049 770 2088 censuerit,
800 2046 911 2089 procul
941 2045 1038 2077 dubio
1071 2050 1182 2075 contra
1211 2049 1336 2075 sanctos
1366 2049 1473 2086 patres
1503 2044 1587 2074 facit.
1631 2042 1754 2074 Eodem

114 2102 208 2134 modo
231 2107 264 2134 et
285 2101 339 2133 illa
361 2101 562 2133 reordinacio
586 2100 786 2142 reprobatur,
812 2109 907 2140 quam
926 2097 1107 2128 Alcfridush
1126 2095 1448 2126 Hildenisheimensis
1469 2095 1640 2136 episcopus
1664 2094 1756 2125 fecit⁰

113 2155 145 2185 in
167 2153 226 2193 his,
255 2164 336 2196 quos
360 2153 442 2193 Ebo,
472 2153 639 2184 Remensis
663 2152 836 2194 episcopus
860 2149 916 2181 sed
940 2149 1142 2190 dampnatus,
1167 2147 1336 2178 ordinavit.
1385 2146 1466 2177 Nam
1492 2147 1582 2177 iuxta
1606 2145 1756 2187 Augusti-

113 2212 233 2246 num¹⁰,
263 2206 293 2237 si
319 2206 392 2247 quis
423 2206 594 2246 episcopus
619 2215 682 2245 pro
713 2203 828 2244 aliqua
857 2201 955 2243 culpa
985 2201 1022 2231 ab
1051 2199 1158 2240 officio
1188 2203 1402 2238 removeatur,
1433 2202 1635 2229 sacramento
1664 2196 1756 2227 semel

116 2258 256 2300 inposito
279 2269 346 2288 ‘non
369 2257 500 2295 carebit,
525 2256 610 2298 quod
633 2255 889 2297 dampnabiliter
913 2252 1145 2283 nichilominus
1169 2250 1248 2281 dare
1271 2261 1369 2291 quam
1392 2250 1508 2280 habere
1528 2250 1657 2290 poterit.
1703 2248 1756 2279 Sic

224 2363 252 2393 a)
272 2362 368 2387 hebere
388 2362 414 2387 4.
500 2363 528 2386 b)
550 2362 744 2386 demonstravit
765 2363 796 2385 (ι’.
893 2359 918 2383 ς)
940 2360 965 2383 in
987 2362 1004 2381 t.
1026 2357 1057 2380 (ι’.
1153 2356 1181 2380 ἃ)
1202 2355 1377 2379 Mauritaniae
1398 2354 1429 2379 (ι’.
1519 2355 1545 2377 ε»)
1566 2361 1704 2386 possumus
1725 2353 1755 2376 (ι’.

115 2408 136 2439 s)
154 2409 192 2433 ita
212 2408 243 2433 G.
318 2408 348 2440 g)
370 2417 429 2433 can.
450 2416 495 2432 eos
516 2408 547 2432 G.
624 2408 652 2432 h·
676 2407 816 2432 Aicfredns
839 2404 1075 2430 Hildesheimensis
1096 2402 1127 2427 G,

224 2507 250 2540 1)
275 2507 345 2541 Gap.
370 2507 397 2538 ὃ,
420 2506 524 2532 Libellz'
545 2506 569 2538 I,
588 2516 620 2540 p.
646 2506 694 2531 22.
816 2505 844 2532 2)
875 2502 952 2528 Petri
983 2500 1120 2526 Damiani
1151 2499 1210 2526 Lib.
1236 2499 1419 2523 (iratissimus
1446 2506 1468 2523 c.
1494 2497 1541 2528 41,
1573 2497 1591 2523 I.
1617 2506 1638 2522 e.
1661 2505 1689 2529 p.
1709 2496 1755 2524 75,

119 2558 252 2584 Bernoldi
275 2558 376 2584 Chron.
400 2567 428 2584 α.
449 2557 537 2589 1058,
559 2557 614 2583 SS.
639 2557 667 2588 V,
689 2566 718 2590 p.
740 2556 808 2582 127.
886 2554 915 2580 3)
940 2553 991 2585 Ep.
1013 2552 1058 2583 12,
1082 2560 1105 2577 c.
1124 2551 1150 2583 ἴ),
1174 2550 1215 2578 ed..
1237 2549 1342 2575 Baller.
1360 2552 1378 2574 t.
1396 2548 1420 2582 1,
1442 2548 1493 2575 col.
1513 2547 1582 2573 6⁴34.
1659 2547 1688 2575 4>
1712 2547 1754 2578 (st.

69 2614 97 2633 ⁴5
123 2608 185 2636 Vita
207 2609 239 2636 S.
255 2609 394 2635 Ambrosii
416 2617 434 2635 α,
458 2609 577 2634 Paulino
606 2608 713 2641 scripta
742 2606 830 2641 (Opp.
856 2610 873 2631 t.
900 2605 939 2635 ll,
963 2612 1029 2637 app.
1050 2611 1079 2635 ῃ.
1104 2601 1153 2633 111)
1177 2611 1200 2627 c.
1219 2601 1246 2627 9.
1355 2600 1384 2625 5)
1415 2599 1443 2627 V.
1468 2607 1553 2632 supra
1579 2607 1608 2632 p.
1633 2598 1682 2624 42.
1707 2598 1754 2622 44.

121 2659 149 2694 6)
174 2659 243 2687 Can.
268 2660 305 2686 68
330 2660 403 2694 (67),
426 2659 464 2692 cf.
489 2659 566 2685 Petri
589 2659 676 2685 Dam.
701 2659 762 2684 Lib.
787 2656 908 2683 Gratiss.
933 2664 956 2684 c,
975 2654 1030 2686 33,·
1060 2652 1205 2678 Humbere.
1230 2652 1295 2678 adv.
1319 2652 1415 2677 simon.
1437 2651 1455 2677 l.
1471 2650 1493 2681 I,
1517 2659 1538 2676 c.
1558 2650 1584 2681 S,
1609 2648 1709 2673 Libelli
1733 2648 1755 2677 Ι,

114 2719 145 2744 p.
158 2711 206 2740 66.
226 2711 294 2739 112.
362 2711 390 2745 7)
407 2711 468 2737 Lib.
486 2711 526 2743 Il,
545 2720 586 2744 ep.
600 2711 649 2742 46,
667 2710 709 2736 ed.
727 2709 827 2734 Ewald
845 2708 867 2739 I,
884 2716 913 2740 p.
931 2705 1006 2738 145;
1027 2703 1105 2736 Jaffe'
1127 2712 1170 2731 nr.
1190 2702 1280 2728 1198.
1348 2702 1376 2736 R)
1395 2701 1476 2727 Cone.
1495 2700 1627 2734 Carthaq.
1645 2708 1671 2725 a.
1685 2699 1756 2733 419,

118 2771 142 2788 c·
160 2762 198 2788 48
223 2763 347 2796 (Dz'on.)‚
372 2771 404 2788 ex
428 2771 502 2788 conc.
526 2771 553 2788 α.
572 2761 641 2793 397,
665 2761 736 2794 Any.
755 2760 804 2785 28.
827 2758 946 2792 repetit„
970 2754 1069 2782 Μαηεί
1090 2757 1110 2780 t.
1127 2754 1185 2786 III,
1209 2754 1260 2780 col.
1280 2753 1348 2780 738.
1444 2752 1472 2785 9)
1502 2751 1531 2777 V.
1555 2759 1639 2785 supra
1661 2759 1689 2783 p.
1707 2750 1755 2774 451.

122 2812 170 2847 10)
193 2814 238 2840 De
262 2813 329 2840 bono
352 2813 496 2848 coniuqali
517 2813 557 2845 II,
576 2812 624 2844 32,
650 2813 692 2839 ed.
719 2811 821 2836 Bened.
845 2813 863 2837 r.
887 2809 933 2839 Vl,
958 2807 1008 2833 col.
1026 2805 1097 2832 337.
