2132 3067
603 151 726 178 GESTA
749 151 935 178 ROMANAE
959 152 1164 179 ECCLESIAE
1187 154 1223 179 II.
1674 148 1734 179 377

93 239 244 272 maiorem
275 240 355 272 alius
385 240 481 271 alium
513 241 657 272 certatim
689 246 905 282 prevenerunt
929 249 958 272 et
983 242 1066 272 sicut
1091 242 1216 272 dixerat
1247 242 1447 272 invenerunt.
1496 242 1640 282 Auguria
1670 242 1738 272 eius

92 291 178 323 nullo
202 292 331 323 divinae
355 291 434 333 legis
458 292 525 324 zelo
549 292 808 332 vindicabantur,
840 293 972 334 insuper
995 304 1013 322 a
1037 293 1192 334 complice
1222 304 1278 323 suo
1307 299 1413 334 papaa
1438 292 1738 334 magnificabantur.

92 343 185 375 Unde
208 344 327 375 factum
352 349 408 383 est,
433 350 467 375 ut
490 344 588 386 aliqui
612 344 738 374 curiosa
762 344 872 374 sectati
898 343 1027 385 publice
1053 351 1084 375 et
1107 345 1206 375 libere
1230 344 1470 386 frequentarent
1494 344 1737 376 contubernium

91 402 122 427 et
153 397 375 437 magisterium
408 396 485 426 eius.
536 395 726 426 Morabatur
749 402 855 426 autem
886 396 918 425 in
948 395 1043 426 domo
1068 396 1204 438 predicti
1235 395 1495 437 archipresbiteri
1520 396 1669 427 lobannis
1700 396 1738 427 de

60 460 71 478 5
93 448 187 479 Porta
209 447 335 487 Latina,
359 448 414 488 qui
439 446 583 478 studiose
608 448 676 478 eius
700 447 885 488 magisterio
910 447 1085 479 adherebat
1109 456 1139 479 et
1162 447 1369 478 imbuebatur
1392 448 1514 478 artibus
1538 448 1633 479 illius,

195 500 225 530 4.
270 498 501 540 Tlieophilacto
525 504 630 529 autem
656 504 687 530 et
711 499 883 529 Laurentio
906 499 1011 530 adhuc
1036 500 1226 530 iuvenibusb
1250 500 1399 530 infecerat
1424 499 1535 531 urbem
1565 500 1613 530 his
1643 499 1738 530 male·

91 551 171 582 ficiis
196 550 373 581 Gerbertus
396 550 457 589 ille,
480 549 519 581 de
544 561 607 591 quo
631 550 751 581 dictum
776 554 860 580 est1:

432 601 567 632 Transit
592 602 631 633 ab
655 603 694 633 R.
720 601 893 632 Gen-bertus
917 602 962 632 ad
985 602 1026 633 R.
1047 608 1120 644 post
1142 614 1234 644 papa
1259 604 1344 643 viyet
1367 603 1406 633 R.

90 653 132 685 Et
149 653 326 685 Gerbertus
351 653 489 695 quidem,
513 653 608 694 paulo
626 659 698 695 post
715 652 909 694 completum
927 653 1098 684 miliarium
1111 660 1121 674 0
1145 653 1322 684 ascendens
1340 653 1380 684 de
1395 653 1502 684 abisso
1521 654 1739 694 permissionis

45 718 71 737 ιο
90 705 227 744 divinae,
259 709 398 747 quatuor
425 705 516 735 annis
549 705 629 736 sedit
661 710 782 735 mutato
812 706 940 736 nomine
969 706 1073 736 dictus
1098 704 1253 736 Silvester
1282 705 1451 736 secundus.
1505 705 1544 735 Et
1572 716 1630 746 per
1658 715 1738 746 quae

90 756 205 788 multos
234 756 370 798 decepit,
400 767 456 797 per
479 755 591 787 eadem
621 756 794 787 demonum
825 767 978 798 responsa
1001 757 1165 798 deceptus,
1194 762 1296 787 morte
1328 757 1503 798 improvisa
1528 757 1589 787 Dei
1620 756 1738 787 iudicio

89 813 137 840 est
159 810 364 849 interceptus.
406 807 486 838 Hie2
510 818 699 849 responsum
724 819 742 838 a
765 819 822 840 suo
847 808 985 839 demone
1008 814 1177 849 acceperat
1200 819 1233 838 se
1256 819 1319 838 non
1342 808 1543 848 moriturum,
1566 809 1627 838 nisi
1652 808 1738 849 prius

90 861 121 891 in
144 859 318 892 Ierusalem
342 860 440 890 missa
463 858 503 890 ab
528 869 564 890 eo
589 859 758 891 celebrata.
804 859 875 891 Hac
897 859 1052 901 ambage,
1085 860 1144 890 hac
1168 860 1305 890 nominis
1329 861 1574 901 equivocatione
1600 858 1739 890 delusus.

90 912 164 943 dum
180 912 345 942 civitatem
359 910 534 942 Ierusalem
547 910 630 941 sibid
643 911 821 952 predictam
835 911 945 950 credit,
957 912 1076 943 Romae
1090 911 1120 941 in
1134 910 1298 952 aecclesia,
1316 922 1397 953 quae
1411 909 1738 942 vocaturIcrusalem.

44 977 68 995 1⁵
91 964 220 994 missam
237 963 356 994 faciens
380 963 410 992 iu
436 962 487 993 die
504 963 667 1001 stacionis,
692 962 812 994 ibidem
829 962 1004 994 miserabili
1029 968 1061 994 et
1076 962 1206 993 horrida
1222 968 1323 994 morte
1340 968 1525 1004 preventus,
1548 963 1629 993 inter
1653 963 1739 1003 ipsas

91 1016 201 1046 mortis
223 1015 389 1056 angustias
413 1013 575 1056 supplicat
598 1025 710 1045 manus
734 1020 765 1046 et
788 1014 930 1056 linguam
955 1013 1016 1045 sibi
1039 1014 1197 1054 abscidie,
1222 1025 1278 1055 per
1302 1025 1382 1056 quas
1406 1013 1617 1045 sacrificando
1635 1013 1740 1044 demo-

90 1066 184 1098 nibus
208 1067 313 1098 Deum
346 1065 560 1097 inhonoravit.
606 1066 648 1097 Et
677 1066 728 1097 hic
759 1067 888 1108 quidem
913 1067 1045 1108 dignum
1077 1067 1143 1098 suis
1172 1066 1317 1097 meritis-s
1346 1067 1468 1097 exitum
1501 1066 1630 1097 invenit.
1677 1063 1740 1095 Sed

88 1117 264 1160 discipulos
287 1117 387 1157 illius,
419 1117 686 1160 Theophilactum
711 1123 743 1150 et
767 1118 991 1155 Laurentium,
1023 1118 1168 1160 magistri
1194 1129 1278 1149 mors
1301 1118 1463 1149 teterrima
1491 1128 1508 1148 a
1533 1117 1649 1148 studiis
1674 1116 1739 1146 ido-

88 1170 199 1201 latriae
222 1181 284 1200 non
307 1168 490 1207 absterruit,
515 1168 630 1212 quibus
654 1169 732 1200 ultio
756 1169 874 1204 divina,
898 1174 933 1200 ut
956 1169 1050 1211 paulo
1075 1175 1150 1212 post
1172 1170 1343 1201 dicendum
1369 1175 1426 1207 est,
1450 1181 1511 1200 11011
1537 1169 1647 1200 defuit.

42 1235 68 1253 20
193 1223 222 1253 5.
266 1221 370 1263 Igitur
393 1226 466 1264 post
482 1221 639 1253 infelicem
658 1222 779 1252 exitum
798 1221 949 1253 Gerberti
966 1227 1127 1253 certamen
1144 1229 1212 1253 erat
1236 1223 1317 1253 inter
1333 1221 1508 1263 discipulos
1532 1221 1643 1262 ipsius,
1662 1219 1737 1250 dum
1762 1232 1824 1251 1o03.

88 1274 223 1316 quisque
248 1272 413 1304 anhelaret
435 1273 476 1304 ad
498 1273 687 1315 rapiendum
710 1279 863 1315 papatum
890 1273 961 1304 sibi.
1008 1273 1098 1305 Sedit
1121 1279 1226 1305 autem
1252 1278 1325 1316 post
1348 1284 1418 1304 eum
1445 1278 1577 1304 octavus
1593 1271 1738 1302 decimus

88 1325 255 1366 Iohannes,
278 1330 310 1356 et
333 1325 444 1367 quinto
468 1336 578 1356 mense
601 1336 724 1356 veneno
748 1325 921 1356 suffocatus
938 1325 1056 1356 dicitur
1077 1336 1095 1355 a
1119 1326 1195 1356 suis.
1239 1324 1324 1356 Huic
1350 1325 1505 1356 successit
1529 1335 1632 1354 nonus
1655 1323 1739 1354 deci-

89 1388 158 1408 mus
181 1377 352 1418 Iohannes,
376 1382 407 1408 et
430 1377 485 1407 vix
510 1382 651 1408 annum³
676 1377 810 1418 peregit.
857 1377 918 1408 Cui
942 1378 1100 1408 successit
1122 1382 1278 1419 quartus&
1302 1376 1445 1418 Sergius,
1469 1382 1500 1407 et
1524 1375 1607 1407 sedit
1634 1375 1737 1405 tribus

88 1430 189 1462 annis.
234 1428 329 1460 Anno
360 1429 494 1471 quinto⁴
518 1434 591 1470 post
616 1427 808 1459 Gerbertum
837 1429 919 1460 sedit
943 1435 1074 1460 octavus
1098 1428 1308 1468 Benedictus,
1338 1427 1438 1459 laicus
1448 1428 1471 1467 ¹¹,
1494 1428 1592 1458 frater
1615 1426 1738 1457 Albi-ici
1762 1439 1824 1457 ιρι-3.

42 1495 68 1514 25
88 1480 348 1522 Tusculanensis,
380 1486 514 1522 patruus
537 1479 773 1522 Theophilacti‚
805 1486 836 1511 et
859 1481 1032 1512 undecimo
1055 1491 1140 1511 anno
1164 1479 1312 1511 decessit.
1358 1479 1442 1510 Huic
1466 1479 1621 1510 suecessit
1642 1478 1740 1509 frater
1762 1492 1824 1510 1.·21.

89 1533 158 1564 eius
188 1531 336 1572 carnalis,
367 1537 398 1563 et
427 1537 561 1574 patruus
585 1531 820 1574 Theophilacti,
850 1533 1027 1574 vigesimus
1058 1532 1229 1572 Iohannes,
1260 1531 1442 1574 neophitus,
1474 1537 1505 1562 et
1536 1530 1618 1562 sedit
1645 1530 1738 1561 annis

89 1595 214 1616 novem.
259 1583 320 1614 His
343 1583 469 1615 duobus
493 1585 558 1614 suis
582 1585 704 1625 patruis
728 1584 884 1615 successit
899 1583 1163 1626 Theophilactus,
1187 1589 1218 1615 et
1234 1595 1318 1614 anno
1336 1584 1493 1625 vigesimo
1510 1583 1642 1625 quinto⁵
1667 1589 1739 1624 post
1761 1595 1824 1613 μω,

90 1635 296 1676 Gerbertum,
315 1635 505 1677 magistrum
523 1646 626 1673 suum,
650 1635 757 1667 sedem
774 1634 995 1667 fraudulenter
1011 1636 1182 1674 obtinuitss,
1199 1641 1229 1666 et
1247 1634 1524 1677 condiscipulumi
1544 1645 1636 1665 suum
1654 1633 1737 1664 Lau-

90 1689 227 1720 rentium
251 1694 283 1720 et
305 1686 612 1729 archipresbiterum
630 1687 805 1718 Iohannem
824 1688 1013 1719 Gratianum
1031 1687 1162 1718 intimos
1185 1692 1217 1718 et
1239 1693 1434 1718 secretorum
1455 1686 1601 1717 conscios
1617 1685 1742 1716 habuit.

43 1753 70 1772 ³0
194 1740 223 1772 6.
267 1739 391 1770 Eodem
409 1745 553 1781 tempore
569 1739 821 1778 Hildebrandus,
838 1739 989 1770 derelicto
1006 1740 1211 1778 monasterio,
1236 1738 1382 1780 predicto
1398 1737 1667 1780 archipresbitero
1683 1736 1738 1768 ad-

90 1791 185 1832 hesit,
209 1796 242 1822 et
262 1791 499 1833 archiepiscopi
522 1790 688 1822 Laurentii
711 1791 932 1833 magisterium
958 1796 1088 1822 secutus
1115 1791 1147 1821 in
1172 1791 1262 1821 brevi
1285 1790 1388 1822 factus
1412 1795 1461 1821 est
1484 1791 1650 1832 utriusque
1674 1799 1739 1819 ma-

89 1843 183 1884 gistri
204 1843 347 1874 imitator
371 1843 531 1884 egregius.
577 1842 642 1882 Qui
666 1853 738 1873 cum
762 1842 869 1881 vellet,
893 1843 1034 1873 manicas
1058 1853 1132 1873 suas
1156 1841 1367 1881 discutiebat,
1392 1848 1423 1873 et
1446 1843 1478 1872 in
1502 1841 1631 1872 modum
1657 1841 1738 1871 scin-

89 1894 227 1927 tillarum
256 1895 340 1936 ignis
370 1893 568 1925 dissiliebat:
596 1900 628 1925 et
656 1894 704 1925 his
734 1894 898 1925 miraculis
936 1894 1046 1925 oculos
1084 1893 1277 1936 simplicium
1309 1893 1403 1925 velud
1435 1894 1527 1934 signo
1559 1892 1738 1923 sanctitatis

90 1946 288 1978 ludificabat.
333 1945 376 1977 Et
398 1947 474 1988 quia
497 1945 644 1977 diabolus
667 1957 725 1987 per
749 1957 892 1988 paganos
915 1945 1079 1977 Christum
1104 1945 1233 1987 publice
1258 1946 1406 1987 persequi
1431 1955 1493 1975 non
1517 1949 1651 1986 poterat,
1680 1955 1739 1986 per

44 2010 71 2029 ³5
90 1998 205 2030 falsum
228 1997 421 2029 monachum
447 1998 506 2029 sub
531 1997 643 2028 habitu
666 1998 861 2038 monastico,
892 1997 952 2028 sub
977 1998 1084 2039 specie
1108 1997 1288 2038 religionis,
1320 2008 1435 2028 nomen
1460 1996 1581 2028 Christi
1610 1995 1739 2027 fraudu-

90 2050 190 2082 lenter
219 2050 406 2082 subvertere
434 2049 637 2092 disponebat.
684 2048 748 2080 Sed
772 2049 920 2092 quamvis
944 2049 1086 2091 peccatis
1109 2049 1315 2090 exigentibus
1343 2048 1420 2080 talia
1447 2047 1514 2079 fieri
1537 2048 1739 2089 permitteret

91 2102 289 2144 dispensatio
312 2101 431 2140 divina,
455 2106 561 2132 tamen
586 2106 713 2143 tempus
736 2101 956 2133 retributionis
979 2101 1251 2142 propinquabatk.

0 2171 1 2199 i
196 2153 224 2186 7.
270 2153 307 2184 In
330 2152 445 2184 diebus
469 2151 530 2183 illis
551 2152 701 2184 defuncto
726 2152 888 2193 Cunrado,
912 2152 994 2194 legis
1017 2158 1048 2183 et
1069 2151 1235 2192 religionis
1258 2150 1378 2182 cultore
1402 2150 1599 2190 fidelissimo,
1624 2151 1737 2181 Roma-
1760 2163 1822 2182 1039*

90 2216 204 2237 norum
226 2205 422 2247 imperatore
445 2210 594 2245 augusto,
618 2203 879 2246 Theophilactus,
903 2204 957 2246 qui
974 2209 1005 2235 et
1020 2203 1216 2234 Benedictus
1237 2214 1351 2244 nonus,
1377 2202 1484 2234 habito
1508 2201 1640 2233 consilio
1665 2212 1735 2232 cum

2 2256 5 2315 ξ
45 2267 74 2287 ⁴0
90 2256 239 2289 familiari
262 2267 320 2288 suo
336 2255 566 2288 Laurentio'et
588 2256 659 2287 aliis
682 2256 749 2287 suis
772 2255 992 2298 complicibus,
1015 2255 1144 2286 molitus
1168 2260 1215 2286 est
1238 2254 1337 2286 filium
1363 2255 1567 2296 imperatoris
1585 2252 1737 2294 Cunradi,

211 2351 237 2389 >³)
259 2353 472 2388 Theophilacto
496 2353 525 2379 in
549 2353 628 2379 silvis
652 2362 667 2379 a
692 2353 814 2380 demone
843 2353 994 2382 suffocato,
1025 2352 1270 2387 archipresbitero
1298 2352 1326 2378 in
1357 2352 1471 2378 exilium
1496 2351 1633 2383 abducto,
1663 2351 1736 2376 Lau-

6 2414 9 2427 *
260 2405 353 2431 rentio
378 2404 406 2430 in
429 2404 527 2439 fugam
550 2404 736 2440 precipitato.
784 2405 868 2430 Anno
899 2403 987 2439 igitur
1015 2408 1081 2438 post
1105 2404 1278 2431 Gerbertum
1303 2403 1442 2437 vigesimo
1467 2402 1567 2438 quinto
1591 2401 1736 2436 Theophi-

9 2475 11 2489 ,
261 2456 354 2482 lactus
378 2456 535 2490 discipulus
560 2456 621 2482 eius
645 2456 742 2482 sedem
766 2456 909 2482 violenter
933 2455 1058 2482 obtinuit
1085 2455 1151 2479 add.
1177 2456 1197 2479 1.
1220 2455 1244 2479 ⁶2.
1266 2453 1307 2479 S..-
1328 2454 1435 2486 primus
1461 2453 1545 2478 omisit
1571 2452 1732 2477 Reium-270«.

203 2545 229 2574 a)
252 2551 357 2576 semper
377 2544 409 2573 2;
430 2551 455 2575 p.
476 2551 580 2575 semper
600 2542 627 2568 8’,
697 2544 724 2568 bi
745 2542 783 2566 ita
804 2544 828 2567 2.
849 2542 890 2571 »S'.;
911 2542 1059 2566 viventibus
1084 2542 1105 2565 l.
1173 2544 1200 2566 ci
1221 2541 1395 2565 millenarium
1417 2540 1443 2566 5⁴.
1512 2541 1540 2571 d)
1561 2548 1598 2572 pr⁴
1621 2548 1640 2563 s.
1664 2540 1687 2562 2.
1710 2540 1737 2562 N.

47 2593 75 2613 4⁵
97 2589 120 2620 e)
142 2589 180 2614 ita
202 2591 225 2614 1.
246 2590 273 2614 ⁶2.
352 2589 374 2619 f)
395 2590 529 2621 inceptum
551 2590 576 2613 2.
661 2594 688 2620 gs>
712 2597 779 2614 unns
800 2588 827 2613 S.
913 2588 942 2615 11)
963 2588 1048 2612 laxais
1069 2588 1094 2612 2.
1179 2588 1198 2611 i]
1220 2595 1279 2611 cum
1301 2587 1365 2611 disc.
1391 2588 1412 2610 l.
1498 2587 1527 2610 ki
1549 2585 1735 2618 propinquabit

97 2643 161 2660 corr.
181 2635 378 2668 propinquabat
401 2637 422 2660 1.

203 2715 231 2749 1)
255 2715 299 2748 C'f.
316 2715 453 2749 Siqiberlz'
474 2715 570 2741 chron.
591 2723 618 2740 a.
637 2714 706 2747 992,
731 2715 786 2741 SS.
813 2714 856 2746 1⁷1,
877 2723 908 2748 p.
927 2714 998 2741 353.
1066 2712 1096 2748 Ξ)
1121 2713 1204 2740 Hanc
1227 2714 1261 2739 de
1277 2713 1411 2739 Gerberlo
1428 2711 1561 2744 fabulam
1586 2712 1629 2736 hir:
1645 2711 1737 2744 primu

94 2765 215 2792 inveniri
238 2766 390 2801 Db'llinyer
416 2767 434 2793 l.
458 2775 481 2794 c.
507 2775 537 2800 p.
564 2765 633 2792 186.
657 2769 754 2791 auctor
783 2769 830 2792 est.
919 2765 948 2798 3)
972 2765 1058 2791 Immo
1077 2765 1144 2799 plus
1167 2764 1286 2798 quinque
1310 2773 1406 2791 annos.
1495 2764 1524 2788 4»
1548 2763 1633 2788 Immo
1658 2770 1737 2786 nom.

98 2815 127 2851 5)
149 2817 236 2843 Immo
257 2817 404 2844 tricesimo.

170 2871 265 2896 Libelli
287 2871 319 2896 de
339 2872 393 2897 lite.
426 2871 461 2896 11.
1474 2869 1506 2891 45
