2132 3067
30 705 56 725 10

28 963 53 983 16

24 1222 50 1241 8⁰

23 1485 50 1504 25

23 1743 50 1762 ³0

25 2001 52 2020 35

22 2258 50 2277 40

635 140 822 167 LIBELLUS
848 141 897 167 DE
921 141 1163 169 SYMONIACIS.
1663 139 1725 169 555

80 230 199 261 Dicant
230 228 274 259 illi
304 229 458 271 quicquid
490 229 599 268 velint,
631 229 765 260 fundant
796 236 939 260 sanctum
973 229 1134 261 chrismaa
1166 242 1262 272 super
1293 232 1399 272 capita
1426 244 1546 271 eorum,
1580 232 1725 273 Symoub

78 287 183 313 tamen
209 281 322 311 Petrus
346 291 408 312 non
434 286 536 312 mutat
560 282 768 312 sententiam:
799 282 874 322 quia
897 292 960 311 non
984 282 1111 322 ignorat
1135 283 1219 324 quod
1251 282 1318 313 illic
1343 283 1525 323 obtulerint,
1550 284 1602 315 etd
1627 295 1724 325 quan-

78 339 142 365 tum
168 332 352 369 obtulerint,
384 338 415 363 et
446 333 496 362 cui
522 331 705 374 optulerint.
752 331 800 362 Illi
833 332 1035 366 benedicunt,
1066 335 1124 364 iste
1149 333 1320 372 maledicit,
1352 334 1558 376 decipiuntur
1586 335 1641 374 illi,
1675 335 1726 366 hie

77 390 182 416 autem
208 384 312 425 decipi
338 395 400 414 non
423 388 561 424 poteste.
607 384 727 414 Putant
750 383 794 414 illi
819 395 872 413 eos
898 396 967 414 esse
991 385 1178 425 catholicos,
1204 392 1318 427 putant
1335 387 1510 418 canonicef
1533 386 1662 423 electos,
1687 398 1724 417 ac

78 448 135 478 per
165 436 224 467 hoc
255 436 301 466 eis
332 434 537 467 benedicunt.
584 435 618 466 Si
642 435 725 465 enim
752 445 806 465 eos
830 437 1068 476 cognovissent,
1098 438 1158 478 ipsi
1190 448 1318 479 quoquc
1349 438 1442 468 simul
1475 449 1547 469 cum
1578 438 1724 479 apostolo

77 488 250 519 dixissent:
282 487 443 518 Pecczmia
476 491 532 517 tua
565 491 665 517 tecum
696 488 736 517 sit
771 488 804 517 in
827 487 1021 528 perditione.
1067 488 1182 519 Merito
1214 489 1309 530 igitur
1339 500 1448 520 eorum
1481 490 1661 521 benedictio
1692 492 1724 521 in

77 538 333 570 maledictionem
366 538 574 577 convertitur,
610 538 685 578 quia
714 549 777 568 non
810 538 849 568 ad
881 537 976 579 labia,
1008 539 1061 569 sed
1087 539 1126 570 ad
1158 551 1212 570 cor
1243 541 1374 582 respicit
1397 541 1497 572 Deus.
1543 542 1616 573 Hoc
1640 543 1723 573 enim

76 590 210 622 timebat
234 589 340 629 Iacob,
365 589 419 631 qui
445 599 518 619 cum
543 600 561 619 a
586 594 687 620 matre
711 590 751 619 ad
777 595 898 631 patrem
924 590 1134 629 mitteretur&
1160 598 1194 622 ut
1211 592 1239 622 ei
1258 593 1402 623 nesciens
1424 592 1640 634 benediceret,
1664 595 1724 624 ait:

75 642 171 674 Nosti
192 642 279 684 quod
291 641 408 681 frater
430 652 517 671 *meus
540 641 630 672 Esau
664 641 755 672 homo
775 642 903 683 pilosus
926 643 978 681 sit,
1011 647 1038 673 et
1068 654 1126 684 eqo
1156 643 1260 674 lenis!
1305 644 1344 675 Si
1374 657 1450 686 erqo
1483 646 1723 676 attrectaverith
1745 654 1893 678 Gen.27,11,

75 705 121 724 me
131 698 229 736 pater
251 703 340 723 meus
363 697 390 723 et
414 693 560 732 senserit,
583 695 687 732 timeo,
711 705 750 723 ve
770 697 863 734 putet
893 693 957 723 rmei
985 694 1047 724 sibi
1063 694 1221 725 voluissek
1247 694 1391 736 illudere,
1415 701 1442 726 et
1468 698 1603 727 inducat
1625 708 1724 738 super

74 756 121 776 me
143 745 403 776 maledictionem
422 755 487 785 pro
511 744 740 775 benedictione.
787 743 851 774 Sed
883 756 946 774 non
975 750 1044 775 erat
1074 746 1100 775 ei
1127 746 1314 784 timendum,
1345 748 1418 788 quia
1450 758 1469 778 a
1498 754 1597 779 matre
1622 749 1724 779 mitte-

74 796 179 828 batur.
231 796 289 826 Isti
313 800 420 826 autem
445 795 527 825 non¹
555 795 724 826 mittuntur
747 806 763 825 a
789 801 900 836 matre,
931 796 982 826 isti
1007 807 1070 826 non
1095 797 1264 828 mittuntur
1287 797 1326 829 ab
1352 798 1499 838 aeclesia,
1525 801 1578 841 qui
1603 800 1723 830 Isaacm

73 847 221 887 illudunt,
254 847 308 889 qui
333 848 503 888 episcopos
526 846 701 888 decipiunt,
734 848 788 888 qui
819 847 927 877 furtim
961 854 991 878 et
1022 859 1080 890 per
1110 848 1311 880 latrocinium
1343 851 1442 891 patris
1468 851 1722 882 benedictionem

73 899 240 941 subripere
257 899 379 929 volunt.
425 897 518 929 Unde
536 903 566 929 et
582 909 645 929 non
667 898 824 930 immerito
849 899 1013 930 inducitur
1029 911 1127 941 super
1144 911 1197 930 eos
1216 901 1399 932 maledictio
1416 913 1473 944 pro
1491 903 1721 936 benedictione.

72 951 123 982 Illi
151 952 234 982 enim
265 949 341 981 solii
369 950 539 981 mittuntur
567 961 586 980 a
617 955 727 990 matre,
758 949 823 981 illin
847 952 1019 982 mittuntur
1043 951 1084 982 ab
1108 952 1245 982 aeclesia
1277 955 1330 995 qui
1354 965 1416 984 non
1445 965 1501 995 per
1524 956 1722 996 peccuniam,

72 1014 135 1033 non
158 1014 217 1044 per
239 1001 380 1044 aliquam
402 1002 660 1043 promissionem,
691 1012 753 1032 non
778 1013 836 1043 per
858 1002 1033 1034 secularem
1060 1009 1263 1044 potestatem,
1296 1005 1351 1035 sed
1376 1005 1442 1036 sola
1466 1005 1540 1037 cleri
1564 1012 1594 1037 et
1612 1006 1723 1048 populi

71 1053 237 1094 electione,
261 1059 291 1084 et
314 1055 384 1095 ipsa
408 1064 489 1095 pura
513 1058 544 1084 et
567 1054 634 1084 sine
659 1054 816 1095 pravitate
841 1054 1009 1085 mittuntur
1031 1054 1072 1085 ad
1090 1060 1206 1096 patres,
1231 1057 1400 1088 mittuntur
1422 1057 1462 1088 ad
1486 1059 1665 1100 episcopos,
1690 1064 1723 1089 ut

71 1106 111 1138 ab
135 1106 181 1136 eis
199 1105 431 1137 benedicantur
453 1111 484 1136 et
501 1111 737 1137 consecrentur.
782 1106 937 1137 Diximus
961 1106 1060 1146 igitur
1075 1106 1114 1137 de
1133 1109 1375 1139 consecratione
1394 1109 1557 1150 Symonis,
1581 1109 1722 1140 diximus

71 1157 110 1188 de
134 1157 376 1188 consecratione
400 1157 671 1198 symoniacorum,
696 1157 857 1198 quomodo
882 1157 1080 1197 ordinantur,
1105 1159 1268 1200 quomodo
1292 1167 1532 1200 consecrantur,
1562 1161 1722 1203 quomodo

72 1209 186 1240 Petrus
209 1208 374 1250 apostolus
406 1219 460 1239 eos
483 1207 657 1247 maledicit,
688 1209 849 1250 quomodo
874 1211 1101 1251 episcoporum
1128 1210 1308 1242 benedictio
1339 1213 1369 1242 in
1394 1212 1651 1244 maledictionem
1677 1214 1722 1244 eis

71 1261 277 1292 convertitur.
323 1259 377 1291 Sic
400 1260 499 1301 igitur
522 1260 672 1298 ordinati,
704 1261 750 1290 sic
775 1262 962 1300 consecrati,
995 1262 1040 1292 sic
1067 1261 1237 1301 maledicti,
1262 1264 1308 1294 sic
1331 1263 1420 1305 lepra
1444 1265 1564 1305 infecti,
1596 1265 1636 1296 ad
1660 1265 1722 1295 sibi

70 1313 258 1343 commissas
281 1311 434 1342 aeclesias
459 1312 607 1343 veniunt:
639 1313 705 1352 ubi,
737 1313 763 1342 si
787 1318 893 1343 tamen
918 1313 1086 1344 manifeste
1116 1313 1194 1345 tales
1219 1315 1292 1355 sint,
1325 1322 1431 1357 preter
1462 1316 1659 1358 baptismum
1692 1322 1723 1347 et

70 1375 148 1395 sana
168 1363 329 1402 conscilia,
354 1374 436 1405 quae
453 1363 514 1404 ipsi
533 1375 661 1405 quoque
678 1375 755 1405 sepe
771 1364 858 1405 dant,
883 1365 1036 1406 quicquid
1053 1370 1161 1405 agunt,
1186 1376 1302 1397 vanum
1327 1372 1358 1397 et
1382 1367 1514 1398 inutile⁰
1539 1373 1595 1399 est.
1633 1368 1721 1399 Haeo

69 1421 176 1446 autem
201 1415 358 1458 qualiter}²
382 1414 610 1456 intelligantur,
634 1415 750 1446 amodo
775 1417 982 1450 disseremus.

180 1471 226 1501 11.
279 1469 465 1511 Baptismus
503 1480 642 1511 namque
681 1481 699 1500 a
737 1481 942 1512 quocumque
980 1470 1074 1501 detur
1112 1470 1216 1502 bonus
1254 1477 1318 1511 est,
1362 1473 1437 1513 quia
1480 1484 1542 1504 non
1588 1474 1619 1504 in
1658 1473 1720 1504 fide

70 1523 186 1561 dantis,
222 1521 278 1552 sed
311 1522 342 1552 in
371 1521 613 1562 suscipientium
651 1521 712 1552 fido
743 1522 899 1552 consistit.
952 1521 1016 1553 Ubi
1049 1528 1155 1553 autem
1190 1523 1270 1553 fides
1301 1523 1459 1554 catholica
1489 1536 1552 1555 non
1584 1531 1640 1563 est,
1676 1525 1721 1556 ibi

72 1574 250 1615 baptismus
284 1584 346 1604 non
381 1579 540 1615 operatur.
598 1572 692 1603 Unde
726 1578 757 1604 et
792 1574 847 1614 qui
883 1579 974 1604 extra
1007 1573 1201 1605 aeclesiam‘l
1231 1575 1428 1616 baptizatur,
1463 1577 1648 1618 priusquam
1680 1577 1720 1608 ad

70 1625 239 1657 aeclesiam
270 1625 392 1664 redeat,
421 1636 484 1655 non
516 1624 651 1656 solvitur
681 1634 699 1654 a
730 1625 883 1665 peccatis.
939 1625 1106 1667 Nusquam
1141 1627 1224 1657 enim
1261 1628 1321 1657 nisi
1352 1627 1457 1658 infrar
1488 1628 1656 1659 aeclesiam
1687 1629 1721 1659 fit

70 1677 215 1709 remissio
252 1682 470 1719 peccatorum.
538 1676 648 1707 Potest
685 1681 791 1707 tamen
831 1677 914 1715 fieri,
952 1682 988 1707 ut
1025 1676 1141 1719 aliquis
1179 1677 1281 1709 fidelis
1321 1689 1514 1721 quacunque
1552 1682 1720 1711 occasione

70 1734 162 1761 extra
192 1728 360 1761 aeclesiam
391 1727 580 1770 baptizetur,
612 1728 676 1770 qui,
709 1729 860 1769 quoniam
894 1734 999 1759 mente
1032 1730 1062 1759 in
1093 1729 1231 1760 aeclesia
1259 1736 1316 1769 est,
1345 1737 1437 1762 extra
1461 1742 1588 1773 quoque
1612 1732 1720 1762 remis-

70 1782 213 1813 sionems
243 1780 381 1822 accipiat
413 1784 629 1822 peccatorum.
681 1779 735 1810 Sic
767 1784 884 1820 tamen,
915 1781 941 1810 si
972 1791 1107 1822 corpore
1138 1792 1268 1823 quoque
1298 1789 1329 1813 ct
1360 1784 1625 1814 conversation&
1657 1784 1721 1815 adu

71 1843 140 1865 eam
171 1832 297 1872 redeat,
330 1843 349 1862 a
383 1843 447 1873 qua
480 1836 587 1863 mente
621 1842 684 1862 non
720 1836 906 1862 recesserat.
961 1831 1130 1874 Alioquin,
1166 1834 1190 1863 si
1225 1839 1317 1864 extra
1350 1833 1531 1875 baptizatur
1565 1842 1596 1866 ct
1630 1840 1721 1866 extra

70 1889 207 1924 maneat,
239 1889 270 1915 et
300 1894 373 1914 cum
404 1883 597 1925 baptizatur,
627 1883 782 1914 redeundi
807 1883 1002 1914 voluntatem
1028 1895 1089 1914 non
1115 1883 1240 1924 habeat,
1270 1885 1343 1916 huic
1373 1885 1427 1916 tali
1453 1886 1572 1916 homini
1598 1898 1656 1918 nec
1679 1886 1720 1918 ad

70 1942 266 1968 momentum
297 1935 425 1977 quidem
457 1935 493 1966 fit
523 1935 669 1966 remissio
700 1941 918 1976 peccatorum.
970 1935 1034 1966 Sed
1064 1936 1141 1978 quid
1172 1937 1298 1974 mirum,
1329 1948 1400 1967 cum
1433 1937 1477 1968 illi
1507 1949 1634 1980 quoque
1665 1940 1719 1981 qui

69 1989 155 2019 intus
186 1988 393 2029 baptizantur
421 2005 460 2010 —-
489 1987 543 2029 qui
576 1987 671 2028 etiam
704 1985 829 2028 absque
862 1986 960 2018 dubio
994 1998 1011 2018 a
1041 1989 1182 2029 peccatis
1214 1989 1362 2019 omnibus
1392 1989 1606 2020 emundantur
1632 2010 1667 2013 —
1693 1992 1719 2021 si

70 2039 144 2071 inde
167 2044 293 2080 exeant,
318 2044 350 2070 et
372 2040 561 2080 priusquam
586 2038 773 2078 moriantur,
798 2039 838 2069 ad
863 2050 932 2070 eam
958 2050 1021 2070 non
1045 2039 1186 2080 redeant,
1211 2046 1343 2081 pereant
1366 2041 1397 2071 in
1421 2042 1609 2072 aeternum?
1647 2042 1718 2073 Hoc

70 2096 175 2122 autem
200 2090 396 2132 significavit
419 2090 473 2122 illa
497 2101 582 2130 arca,
606 2090 637 2120 in
662 2101 725 2131 qua
748 2091 834 2121 intus
858 2092 963 2132 posita
986 2091 1108 2122 salvata
1132 2097 1206 2122 sunt
1229 2093 1346 2133 omnia,
1375 2098 1467 2123 extra
1489 2105 1565 2124 vcro
1590 2094 1719 2125 inventa

70 2143 234 2184 perierunt
258 2143 441 2174 unive1-sav.
485 2142 573 2173 Audi
597 2142 692 2183 etiam
718 2141 795 2184 quid
812 2142 974 2174 Dominus
999 2143 1101 2174 dicat:
1127 2144 1198 2185 Essa
1221 2155 1291 2175 sum
1318 2145 1391 2175 vitis
1414 2145 1457 2176 εΐῑ
1484 2157 1538 2176 vos
1555 2146 1718 2187 palmites,
1739 2155 1863 2179 ἰοὺ-Πηδ-

70 2196 127 2236 qui
149 2200 257 2226 manet
281 2196 317 2225 in
340 2205 398 2235 me,
422 2199 449 2225 et
472 2205 530 2235 eqo
554 2195 589 2225 in
613 2205 659 2234 eo,
684 2195 978 2235 lzz'cfertfructmn
1003 2196 1157 2226 inultum:
1183 2195 1222 2226 Si
1245 2197 1319 2237 quis
1341 2197 1376 2226 in
1400 2208 1447 2228 me
1470 2208 1534 2228 von
1551 2200 1718 2237 manserit,
1739 2208 1798 2227 ius.

69 2248 210 2278 mittetur
223 2246 326 2288 foras
349 2247 434 2277 sicut
454 2246 581 2287 palmes
604 2251 631 2276 et
655 2251 788 2286 arescet,
812 2251 839 2277 et
862 2247 1013 2287 collz'ysent
1035 2259 1116 2286 eam,
1148 2251 1174 2276 et
1200 2248 1231 2278 ἱη
1258 2248 1363 2288 ἱῃηρηι
1388 2249 1512 2279 mittent
1534 2254 1561 2280 et
1586 2250 1678 2280 ardet
1688 2256 1718 2281 w·

72 2297 106 2329 Si
129 2309 205 2340 ergo
230 2297 376 2329 Christus
401 2297 476 2328 vitis
499 2302 555 2337 est,
587 2297 733 2338 palmites
758 2309 833 2329 vero
858 2297 1036 2328 christiani:
1067 2299 1150 2328 sicut
1174 2298 1323 2339 palmites
1354 2300 1461 2330 vivere
1485 2311 1547 2331 non
1572 2306 1719 2342 possunt,

71 2350 97 2380 si
129 2354 317 2391 separentur
347 2361 365 2380 a
394 2350 469 2389 vite,
498 2349 543 2379 ita
573 2360 678 2390 neque
708 2348 882 2387 christiani⁷
913 2350 937 2379 si
970 2355 1161 2391 separentur
1194 2360 1212 2380 a
1242 2361 1377 2392 corpore
1405 2351 1536 2382 Christi.
1592 2352 1719 2394 Corpus

73 2400 191 2432 Christi
214 2401 353 2432 aeclesia
376 2406 434 2432 est.
481 2400 543 2438 Qui
569 2410 645 2441 ergo
670 2410 733 2431 non
757 2400 825 2431 vult
848 2401 990 2442 separari
1016 2412 1034 2431 a
1059 2401 1197 2441 Clu-isto,
1221 2407 1350 2433 maneat
1373 2403 1404 2433 in
1428 2414 1562 2444 corpore
1588 2403 1718 2443 Christi,

73 2457 104 2483 ut
132 2453 235 2494 possit
262 2464 332 2484 esse
363 2453 543 2483 membrum
570 2451 700 2483 Christi.
754 2452 788 2483 Si
817 2453 901 2483 enim
933 2463 994 2484 non
1026 2454 1180 2484 manserit
1210 2454 1242 2484 in
1273 2465 1409 2495 corpore
1440 2454 1569 2495 Christi,
1600 2457 1625 2486 si
1657 2467 1719 2487 non

24 2515 51 2535 45
72 2504 224 2535 manserit
245 2505 278 2535 in
301 2504 458 2535 aeclesiae
482 2504 614 2543 unitate,
638 2504 782 2534 mittetur
805 2503 888 2534 foras
913 2505 996 2534 sicut
1018 2503 1140 2546 palmes
1164 2510 1195 2536 et
1217 2512 1349 2537 arescet.
1396 2507 1437 2537 Et
1460 2507 1536 2548 quid
1559 2507 1722 2549 amplius?

182 2578 208 2609 a)
231 2579 326 2602 crisma
348 2578 362 2601 ‘2
384 2586 493 2609 semper.
588 2576 618 2607 b)
638 2585 739 2608 symoni
761 2577 802 2601 vel
820 2578 923 2609 symoni
946 2578 970 2601 2.
1066 2578 1091 2607 c)
1115 2577 1168 2602 obt.
1190 2578 1228 2602 illi
1249 2579 1274 2603 2.
1364 2579 1392 2607 d]
1415 2584 1440 2604 et
1460 2595 1494 2598 —
1517 2582 1598 2613 optul.
1621 2590 1670 2605 om.
1693 2583 1718 2606 2.

73 2623 96 2653 e)
119 2627 221 2655 postest
242 2625 265 2648 1.
342 2624 362 2652 f)
383 2623 513 2648 catholice
536 2624 559 2647 2.
636 2624 666 2654 g)
687 2623 799 2647 mittitur
820 2623 843 2647 2.
920 2623 946 2654 h)
970 2626 1074 2647 attraet.
1100 2626 1121 2648 l.
1198 2626 1218 2650 i>
1239 2633 1288 2649 om.
1310 2626 1334 2650 ἰ).
1412 2627 1439 2657 k)
1459 2627 1495 2651 ill.
1517 2636 1541 2651 v.
1564 2628 1587 2651 2.
1662 2628 1680 2659 l)
1704 2636 1719 2652 a

72 2671 155 2693 matre
175 2678 230 2694 non
250 2670 390 2694 mittuntur
411 2670 435 2694 2.
521 2670 558 2697 m)
579 2677 660 2701 ysaac
682 2670 706 2693 ⁴2.
793 2669 822 2697 n)
844 2671 912 2693 enim
936 2669 1009 2698 add„
1029 2670 1075 2693 sed
1095 2670 1163 2694 linem
1185 2671 1316 2696 subducta
1337 2672 1386 2697 del.
1411 2674 1433 2698 1.
1517 2676 1544 2700 o]
1567 2675 1630 2697 utile
1651 2682 1718 2697 corr.

71 2714 164 2739 inutile
186 2717 209 2740 1.
323 2717 348 2748 p)
372 2716 504 2748 quomodo
527 2717 551 2740 32.
666 2718 693 2748 q)
714 2716 884 2747 baptizantur
904 2715 969 2746 cccl.
991 2716 1014 2740 2.
1128 2717 1149 2746 r)
1171 2718 1197 2741 in
1220 2718 1334 2748 ccclesia
1358 2720 1378 2742 l.
1487 2720 1510 2747 s)
1532 2728 1587 2745 acc.
1608 2728 1671 2744 rem.
1694 2721 1718 2744 2.

26 2765 53 2784 50
72 2760 94 2790 t)
114 2761 260 2786 confisione
282 2762 306 2785 2.
386 2763 413 2793 u)
437 2763 554 2794 accipiat
574 2765 744 2794 peccatorum
766 2760 836 2786 linea
856 2761 985 2786 subducta
1006 2762 1055 2786 del.
1077 2765 1099 2786 et
1120 2763 1209 2787 eudem
1233 2772 1312 2788 manu
1333 2773 1463 2796 svper-scr.
1486 2766 1518 2790 ad
1540 2774 1597 2789 eam
1619 2766 1718 2791 redeat.

72 2813 88 2829 a
107 2814 159 2838 qua
182 2809 203 2831 l.
280 2808 306 2838 v)
331 2808 420 2832 omnia
442 2810 464 2832 1.
541 2808 576 2834 w]
597 2808 701 2838 ardent,
722 2816 739 2831 n
759 2811 918 2839 expunctum
942 2809 964 2831 1.

1438 2863 1486 2885 ΤΟ*
