2132 3067
232 1248 324 1270 lob.1¹r,
338 1248 370 1266 14.

651 1083 700 1106 720

650 1855 699 1877 735

654 2369 665 2389 Ῐ
676 2370 702 2389 lsi

658 2623 706 2643 73¹³

508 2770 535 2787 n!
557 2772 634 2787 mauu
662 2767 667 2787 1

918 116 1020 143 RANG
1027 116 1086 142 ERI
1093 116 1103 141 Ι
1128 113 1297 141 EPISCOPI
1321 112 1503 140 LUCENSIS

741 207 912 247 {aptizatus
936 206 1018 235 enim
1044 204 1103 234 fuit
1126 210 1221 244 atque
1245 202 1368 244 liquore
1392 206 1569 243 perunctus

811 257 896 287 Inter
920 261 1084 287 consortes
1107 254 1244 294 amplius
1267 260 1299 284 et
1322 251 1447 291 melius,

653 324 670 339 ,ι
687 319 699 338 3
725 310 814 339 sient
835 308 880 338 ait
904 318 1038 348 maguus
1062 304 1335 346 admirandusque
1360 303 1517 345 propheta

808 359 894 390 Inter
917 358 1043 388 divinos
1067 356 1162 387 altius
1185 355 1249 386 alta
1273 355 1396 386 videns.

727 410 801 449 Oro,
826 410 896 452 quis
920 415 975 440 aut
997 409 1104 449 sapuit
1127 414 1181 437 aut
1205 405 1362 437 intellexit
1385 412 1418 437 ut
1442 405 1504 446 ille,

809 462 900 500 (guae
925 461 988 491 duo
1012 460 1051 490 de
1075 464 1196 500 septem
1223 469 1356 488 munera
1380 458 1484 498 prima
1506 456 1634 488 fluunt?

725 513 805 552 Quis
829 511 990 542 consultor
1014 512 1042 541 ei
1067 509 1204 540 similis?
1227 509 1299 550 quis
1324 508 1413 539 fortis
1436 514 1470 539 ut
1494 507 1571 539 ille‘?

787 564 866 603 Quis
890 569 953 593 tam
980 562 1078 592 multa
1101 562 1217 599 sciens,
1241 566 1304 591 tam
1331 561 1449 602 pietate
1474 559 1608 591 valens?

728 615 830 654 Quem
855 615 948 645 timor
972 624 1072 654 usque
1094 613 1175 643 adeo
1200 611 1357 653 replevit?
1401 610 1465 642 Sed
1490 612 1586 642 timor
1610 610 1671 648 ille,

810 666 872 705 Qui
896 676 958 696 non
982 666 1096 696 cicitur
1119 663 1332 706 supliciumvc
1357 662 1448 703 fugit.

731 719 797 748 Hoc
823 716 891 747 oleo
917 716 1064 747 Christus
1088 716 1118 745 in
1145 725 1252 755 regem
1278 714 1528 756 pontificemque

811 768 933 799 Unctus
957 773 987 798 et
1012 768 1079 808 ipse
1103 766 1162 797 fuit
1185 771 1216 797 et
1237 766 1305 796 fieri
1329 765 1448 796 docuit.

686 829 695 849 5
725 820 818 859 Quod
842 819 922 860 lapis
946 819 1005 849 iste
1029 823 1126 856 notat,
1151 818 1288 859 ideoque
1313 817 1527 858 perunguitur
1549 821 1632 857 ante,

810 870 913 910 Quam
939 868 1056 911 populo
1081 880 1195 911 panem
1221 869 1364 900 conferat
1385 873 1441 899 aut
1464 868 1605 900 calicem.

727 923 789 962 Qui
813 923 838 953 si
863 933 925 952 nou
950 927 1033 952 esset
1057 922 1088 951 in
1114 920 1243 952 Christo
1268 919 1404 962 pleniter
1425 925 1509 960 ante,

810 973 880 1004 Non
904 981 988 1004 esset
1011 972 1102 1003 nobis
1128 973 1216 1014 potio
1240 972 1306 1003 sive
1330 970 1430 1003 cibus.

726 1024 887 1066 Unguitur
910 1036 987 1065 ergo
1012 1023 1092 1065 lapis
1117 1023 1281 1063 divinitus,
1307 1023 1447 1064 ungitur,
1472 1023 1614 1064 inquam,

808 1076 849 1107 Et
872 1075 1021 1107 baculum
1047 1081 1162 1117 portat,
1187 1075 1241 1116 qui
1266 1075 1350 1105 bona
1373 1079 1462 1104 tanta
1485 1073 1572 1113 facit,

726 1127 768 1158 Ut
792 1128 901 1158 videas
926 1128 1085 1158 bominem
1111 1137 1168 1168 per
1191 1137 1261 1157 sese
1284 1136 1348 1156 non
1373 1126 1512 1167 operari,

809 1179 872 1210 Sed
897 1190 953 1220 per
976 1190 1048 1209 eum
1073 1179 1179 1220 potius
1205 1178 1260 1220 qui
1284 1178 1368 1218 regit
1391 1188 1484 1209 omne
1507 1187 1618 1218 pecuS.

725 1231 787 1269 Qui
811 1231 978 1271 cognoscit
1002 1241 1088 1268 oves,
1113 1229 1278 1271 proprium
1302 1240 1396 1271 quem
1421 1230 1511 1260 novit
1533 1228 1625 1267 ovile,

807 1283 869 1321 Qui
893 1293 951 1313 nos
975 1283 1006 1312 in
1031 1280 1168 1312 thalamo
1192 1281 1298 1322 querit
1321 1279 1439 1312 habere
1463 1291 1531 1312 suo.

723 1334 785 1372 Qui
810 1344 937 1365 carnem
961 1339 1102 1364 nostram
1126 1332 1229 1374 primo
1253 1332 1314 1364 sibi
1339 1331 1460 1363 nubere
1484 1331 1568 1372 fecit,

810 1385 889 1415 Inde
914 1385 974 1416 sibi
1000 1395 1057 1426 per
1080 1394 1149 1415 eam
1174 1384 1279 1415 iunxit
1301 1390 1333 1415 et
1355 1383 1554 1416 aecclesiam.

726 1436 808 1467 Hinc
832 1437 913 1467 sicut
937 1435 1085 1466 baculum
1110 1434 1207 1466 debet
1230 1436 1284 1477 qui
1309 1440 1412 1466 sacrat
1435 1435 1562 1475 habere,

808 1488 848 1519 Et
870 1487 1017 1529 sponsale
1042 1487 1141 1518 decus
1165 1486 1261 1519 debet
1283 1487 1402 1518 habere
1426 1497 1548 1518 manus

727 1540 766 1570 Et
789 1538 917 1581 quando
941 1544 1050 1580 portas
1072 1540 1176 1581 aperit
1200 1545 1231 1570 et
1254 1539 1415 1581 praecipit
1438 1539 1483 1570 ire

807 1592 916 1622 Pestcs
941 1591 1110 1621 dcmonias
1133 1590 1261 1632 longius
1286 1590 1361 1622 inde
1384 1590 1478 1631 foras,

727 1642 766 1673 lit
789 1642 916 1684 quando
941 1643 1080 1673 cincrcm
1105 1643 1238 1684 spargit,
1262 1642 1438 1684 scribitque
1463 1641 1511 1672 vel
1536 1641 1638 1682 ungit,

809 1693 865 1725 Vel
889 1693 976 1725 lavat
999 1695 1131 1725 interius
1155 1695 1263 1725 omnia
1286 1695 1354 1725 sive
1378 1694 1468 1733 foris3

723 1746 804 1776 Cum
829 1747 897 1776 sine
921 1746 1070 1786 coniugio
1094 1757 1156 1777 non
1181 1747 1221 1777 sit
1245 1746 1387 1787 pastoria
1409 1755 1496 1785 eura,

809 1797 875 1828 Nee
900 1798 1037 1838 pastoris
1062 1808 1123 1839 ope
1149 1798 1334 1839 coniugium
1358 1802 1476 1828 careat.

726 1849 791 1879 Iam
815 1849 891 1891 quia
915 1850 1133 1890 pontificis
1156 1860 1265 1880 curam
1290 1849 1434 1890 tetigisse
1456 1848 1606 1879 videmur

808 1900 870 1931 Res
893 1906 941 1932 est
965 1901 1125 1942 pontificis
1149 1900 1349 1932 enucleanda
1372 1901 1485 1941 magis.

726 1952 811 1982 Sed·
835 1953 911 1994 quia
934 1959 1008 1983 sunt
1031 1964 1102 1984 cum
1130 1953 1310 1994 presbitero
1336 1953 1487 1983 comunia
1510 1951 1611 1982 multa

810 2004 843 2033 In
869 2005 1066 2036 vestimentis
1091 2004 1323 2046 ordinibusque
1348 2004 1457 2042 sacris,

726 2059 816 2092 Quae
840 2056 916 2086 satis
941 2055 1100 2087 edidimus
1125 2056 1275 2086 comunia
1299 2062 1533 2097 pretereamus3

809 2106 890 2137 Cum
917 2107 1052 2138 dicenda
1076 2113 1181 2138 tamon
1208 2107 1344 2149 plurima
1370 2107 1568 2149 liquerimus.

728 2157 760 2186 lu
786 2158 901 2198 quibus
925 2165 982 2198 ost,
1005 2159 1090 2200 quod
1115 2159 1282 2200 presbiteri
1311 2170 1424 2189 manus
1448 2158 1594 2199 ungitur3
1619 2156 1704 2188 unde

812 2208 931 2240 Unctus
956 2210 1113 2250 pontificis
1138 2211 1209 2252 quis
1233 2216 1329 2251 neget
1352 2222 1421 2241 esse
1446 2210 1582 2240 manus?

728 2258 866 2300 Ungitur
888 2272 964 2299 ergo
989 2272 1110 2299 manus,
1135 2263 1211 2304 quia
1233 2263 1337 2302 gratia
1360 2260 1535 2304 spiritualis

814 2312 853 2341 Et
877 2313 1046 2343 contii-mat
1070 2324 1150 2354 opus
1174 2320 1205 2343 ct
1231 2313 1313 2344 bona
1338 2319 1447 2344 nostra
1470 2313 1555 2343 facit.

732 2362 767 2392 Et
793 2364 865 2403 quia
894 2364 1070 2404 presbitero
1095 2365 1280 2395 cont-editur
1305 2376 1423 2406 ungere
1448 2364 1556 2402 multa,

814 2414 911 2453 [sugit
935 2416 961 2444 ci
987 2415 1112 2456 praesul
1138 2416 1380 2458 sanctificatque
1405 2427 1527 2447 manus.

732 2465 778 2493 λη
804 2476 865 2494 non
891 2466 1017 2507 quaudo
1043 2466 1126 2497 lavat
1149 2467 1297 2509 scapulas
1321 2474 1501 2509 pectusque
1526 2467 1686 2509 perungit,

815 2515 855 2545 l't
881 2518 1025 2548 facienda
1050 2519 1149 2548 sciant
1175 2524 1204 2549 et
1229 2520 1386 2560 patienter
1409 2518 1528 2560 agant?

732 2566 879 2607 Numquid
906 2569 1071 2608 p1-1·sl·it‹=ri
1096 2581 1158 2600 nou
1185 2570 1381 2601 inducuntur
1403 2571 1442 2600 ad
1467 2581 1560 2611 egros

816 2619 917 2659 Αιιιιιυ
943 2620 1010 2648 uls-o
1035 2621 1172 2659 signant,
1197 2629 1229 2651 ut
1254 2621 1336 2653 male
1361 2633 1421 2651 non
1447 2620 1611 2652 habeant?

733 2667 767 2696 lit
795 2678 922 2708 peccam
948 2671 1042 2700 otiam
1069 2683 1159 2701 sacro
1185 2673 1363 2704 medicante
1388 2673 1510 2715 liquore

2057 673 2082 692 10

2057 931 2082 950 15

2055 1187 2082 1206 20

2055 1445 2082 1464 2⁵

2053 1702 2081 1722 ³⁰

2055 1959 2082 1979 ³⁵

2054 2214 2082 2234 40

2055 2469 2082 2490 45

2055 2768 2067 2788 Η·

2070 2767 2083 2787 0

2084 2942 2121 3067 μ’(
2098 2909 2110 2928 ··
2096 2763 2123 2892 “eft-u
2104 2702 2114 2745 -νω
