2132 3067
54 721 80 740 1⁰

54 980 80 999 15

50 1237 77 1256 20

51 1496 77 1515 25

50 1754 77 1774 80

50 2012 78 2032 ³⁵

50 2314 78 2333 40

50 2625 78 2644 4⁵

447 153 634 180 LIBELLL‘S
658 154 812 181 CONTRA
837 155 1052 182 {NVASORES
1076 157 1124 183 ET
1149 158 1400 185 sx'MsmlAcos.
1686 155 1748 186 325

101 243 190 281 siam,
215 242 365 273 virtutem
389 242 587 284 spiritualem
613 254 674 273 non
699 254 778 282 esse⁷
802 249 831 274 et
854 243 954 274 malos
979 244 1122 275 homines
1145 253 1379 278 sacramentum
1402 252 1536 285 tantum,
1561 254 1747 280 nouantem

101 295 251 325 virtutem
277 295 468 324 sacramenti
492 293 586 325 edere
611 305 714 335 posse,
739 300 769 325 et
792 306 832 324 cx
857 306 903 335 eo,
929 295 1013 337 quod
1037 297 1081 326 ait
1098 296 1236 338 Prosper
1258 299 1394 330 eundem
1419 300 1536 339 dicere,
1561 301 1637 342 quia
1659 301 1749 331 locus

101 346 170 377 veri
191 346 353 385 sacrificii
374 350 468 376 aetra
491 346 683 377 catholicam
710 347 874 377 ecclesium
895 359 958 377 non
976 353 1058 378 esta:
1082 359 1123 378 cx
1148 347 1205 388 his,
1231 350 1371 391 inquam,
1395 351 1525 382 videorb
1549 352 1658 382 videre
1684 353 1747 382 Au-

100 398 262 438 gustinum
289 398 319 427 in
344 396 402 427 hac·
428 407 525 427 causa
549 398 696 427 sacrificii
721 409 923 439 nequaquam
951 398 1082 439 prefatis
1106 400 1250 440 patribus
1275 403 1468 433 contraire&
1514 402 1594 433 Nam
1620 415 1691 434 cum
1716 404 1746 434 in

99 448 181 480 libro
205 448 243 479 de
268 448 427 490 baptismo
451 454 483 479 et
505 448 546 479 ad
570 450 710 490 prefatos
735 456 765 480 et
789 449 929 491 reliquos
954 450 1163 481 Donatistasc
1192 451 1313 483 scribat
1341 454 1380 484 de
1404 455 1611 485 sacramentis
1635 466 1747 485 eorun-

101 500 189 540 dem,
219 511 283 530 non
315 501 445 531 memini
469 511 541 531 eum
565 511 662 541 agere
685 501 724 531 de
748 502 931 539 sacrificiis,
959 501 1014 532 sed
1039 507 1161 533 tantum
1186 503 1352 535 indefinite
1376 505 1415 536 de
1439 507 1663 539 sacramentis.
1688 507 1747 537 nisi

101 553 134 583 in
157 552 285 593 paucis,
321 563 402 593 quac
434 552 544 583 scribit
574 552 614 583 ad
638 552 898 590 Gulielmu1n‘1·²‚
922 553 1125 583 Emeritum³
1149 560 1180 585 et
1204 555 1386 594 Eleusium,
1420 568 1501 598 quae
1525 564 1749 599 competenter

99 603 260 635 intellecta
296 614 357 634 non
392 603 431 634 de
462 603 613 644 heretico,
648 604 704 634 sed
733 604 771 635 de
801 603 956 635 catholico
986 605 1151 636 sacerdote
1180 607 1322 647 graviter
1351 614 1506 648 peccante
1535 608 1609 640 huic
1637 615 1747 640 nostro

98 654 272 686 intellectui
296 666 499 697 nequaquam
526 654 715 686 obviabunt.
755 655 837 686 Cum
855 657 938 687 enim
957 657 1150 687 sacrificium
1177 659 1217 688 sit
1233 664 1477 699 sacramentum,
1501 660 1628 691 videtur
1642 666 1746 692 tamen

100 706 234 738 multum
258 708 376 737 distare
399 718 417 736 a
440 706 572 748 reliquis
597 708 815 738 sacramentis.
862 707 932 738 Hoc
957 709 1040 738 enim
1066 708 1183 747 solum,
1215 711 1362 751 quamvis
1387 711 1495 741 divina
1519 713 1635 752 virtus,
1667 723 1748 754 quae

98 759 131 789 in
155 769 192 790 eo
216 759 362 798 sumitur,
387 758 427 789 sit
449 759 655 800 sempiterna,
680 766 787 789 tamen
811 760 917 799 ipsum
942 765 1174 790 sacramentum
1200 762 1416 792 transitorium
1442 768 1500 801 est,
1524 768 1554 794 et
1576 763 1647 794 ideo
1672 775 1747 806 quo-

99 811 176 842 tidie
192 811 335 843 iteratur‚
374 809 509 852 Reliqua
529 822 605 841 vero
630 811 715 841 sicut
738 810 909 852 baptisma,
933 812 1058 847 crisma,
1082 811 1275 853 symbolum,
1299 813 1513 855 euangelium,
1539 820 1567 845 et
1590 815 1749 847 dominica

99 873 178 893 crux
204 862 366 893 manentia
390 868 479 901 sunt3
504 868 535 893 et
558 863 630 893 ideo
655 873 860 904 nequaquam
885 863 1048 894 iterantur.
1080 865 1146 893 sive
1170 864 1253 895 intra
1277 865 1344 895 sive
1368 871 1460 896 extra
1483 865 1648 897 ecclesiam
1675 867 1747 897 sint.

100 913 221 945 Sancta
242 915 350 955 itaque
374 919 463 953 sunt;
496 913 552 944 sed
575 913 639 949 his,
665 915 718 955 qui
742 919 833 944 extra
857 920 945 952 sunt,
969 913 1091 945 nullum
1116 914 1227 946 salutis
1252 915 1519 957 emolumentum,
1544 918 1641 947 immo
1666 919 1746 949 sicut

97 976 174 996 arca
204 965 336 996 Domini
362 965 542 996 Philistaeis
574 971 749 1007 perpetuae
779 965 995 996 damnationis
1030 966 1220 997 conferunte
1252 966 1490 999 detrimentum.
1542 968 1627 999 Nihil
1662 970 1745 1000 enim

99 1017 204 1057 refert,
230 1023 335 1048 utrum
360 1017 490 1048 adorem
515 1028 643 1048 crucem
667 1028 685 1047 a
709 1017 866 1047 catholico
899 1016 947 1047 vel
979 1016 1117 1048 heretico
1149 1018 1320 1059 depictam,
1353 1019 1405 1050 vel
1435 1018 1538 1060 legam
1563 1021 1745 1061 symbolum

97 1074 153 1100 aut
174 1068 378 1110 euangelium
402 1068 442 1099 ab
468 1068 618 1100 utrolibet
641 1069 806 1110 scriptum.
851 1068 941 1099 Haec
964 1079 1035 1099 cum
1060 1069 1103 1100 ita
1127 1069 1200 1108 sint,
1230 1071 1563 1110 animadvertendum,
1594 1073 1744 1114 quoniam

98 1121 168 1161 hoc,
198 1121 284 1163 quod
315 1120 431 1162 prefati
461 1126 568 1162 patres
600 1121 631 1151 in
656 1120 870 1152 hereticorum
902 1126 931 1151 et
961 1121 1215 1152 scismaticorum
1243 1122 1430 1152 sacrificiisf
1453 1128 1568 1154 vocant
1591 1125 1744 1155 contami—

95 1173 267 1214 nationem,
291 1172 424 1204 fetorem
448 1173 515 1204 sive
539 1172 754 1214 sacrilegium,
778 1172 1025 1214 perpendentes,
1049 1173 1130 1203 sicut
1154 1178 1185 1203 et
1208 1174 1438 1214 Augustimis⁴,
1464 1176 1494 1205 in
1519 1175 1564 1206 eis
1588 1186 1650 1205 non
1675 1187 1745 1207 esse

95 1225 247 1255 virtutem
277 1225 508 1255 sacramentis:
543 1224 636 1265 illud,
672 1226 818 1266 inquam,
853 1224 929 1254 dicit
964 1225 1048 1255 idem
1081 1229 1111 1254 et
1143 1235 1215 1255 cum
1247 1235 1283 1255 eo
1315 1225 1478 1256 Isidorush
1509 1234 1743 1258 sacramentum

95 1281 230 1312 tantum,
255 1275 339 1318 quod
364 1277 459 1307 etiam
484 1282 617 1318 propter
640 1276 773 1307 formam
799 1277 937 1318 pictatis,
962 1287 1057 1318 quam
1082 1275 1188 1315 habet,
1213 1282 1358 1307 sanctum
1383 1277 1539 1319 appellat:
1563 1279 1638 1320 quia
1656 1279 1747 1310 iuxta

97 1327 167 1366 hoc,
191 1327 276 1370 quod
300 1328 413 1359 scribit
435 1328 466 1358 in
490 1327 571 1358 libro
595 1328 634 1359 de
658 1329 830 1369 baptismo,
853 1327 931 1358 nulli
956 1333 1158 1358 sacramento
1182 1328 1297 1359 iniuria
1324 1328 1472 1360 facienda
1496 1336 1552 1360 cst.
1599 1329 1694 1369 Quod
1719 1331 1743 1361 si

96 1379 176 1410 haee
198 1380 253 1419 ita,
283 1386 317 1410 ut
341 1379 490 1419 dicimus,
523 1380 758 1421 accipiunturi,
781 1387 815 1410 ut
838 1380 930 1410 nobis
954 1379 1091 1420 videtur,
1116 1384 1203 1420 patet
1227 1390 1378 1422 magnum
1404 1380 1565 1412 doctorem
1594 1383 1744 1423 Augusti-

96 1442 172 1462 num
196 1431 328 1473 prefatis
353 1432 472 1462 sanctis
497 1431 642 1472 patribus
665 1432 704 1462 dc
728 1432 885 1462 sacrificio
909 1437 941 1462 et
965 1431 1096 1472 prefatis
1120 1433 1326 1462 sacramentis
1350 1443 1554 1474 nequaquam
1587 1444 1656 1464 esse
1683 1433 1745 1464 dis-

97 1483 242 1524 cordem,
273 1488 381 1525 preter
411 1483 521 1524 quodk
551 1483 590 1513 de
622 1483 772 1524 baptismi
805 1483 974 1513 iteratione
1002 1482 1207 1524 reprehendit
1238 1485 1505 1525 (Jypi·ian111n¹-⁵;
1543 1490 1573 1515 et
1604 1496 1676 1516 cum
1708 1496 1744 1516 eo

98 1534 283 1576 Stephanus
306 1541 338 1566 et
361 1533 550 1566 Cornelius⁶
576 1535 711 1565 Romani
735 1535 902 1576 pontifices
927 1540 958 1565 et
981 1540 1154 1575 martyres.
1185 1541 1215 1565 et
1246 1534 1337 1565 multi
1368 1535 1421 1565 alii
1454 1541 1576 1577 patres,
1608 1547 1742 1577 quorum

98 1587 206 1628 potior
228 1587 386 1618 sententia
410 1591 466 1616 est.

200 1638 230 1669 8.
276 1638 327 1669 Ex
351 1639 468 1680 quibus
492 1637 642 1668 omnibus
665 1638 866 1680 apertissime
889 1638 996 1675 claret⁷
1022 1638 1107 1679 quod
1131 1639 1215 1669 sicut
1237 1643 1271 1668 'in
1295 1638 1510 1669 hereticorum
1536 1644 1567 1670 et
1591 1640 1744 1670 scismati-

97 1700 208 1720 corum
226 1689 416 1731 baptismom
440 1701 502 1720 non
527 1690 686 1731 accipitur
703 1690 844 1731 Spiritus
860 1694 1000 1726 sanctus,
1025 1691 1069 1720 ita
1091 1700 1149 1720 nec
1173 1690 1203 1719 in
1228 1690 1386 1720 sacrificio
1404 1689 1560 1722 Christus.
1606 1691 1745 1722 Proinde

96 1740 166 1773 luce
196 1740 313 1773 clarius
342 1747 403 1780 est,
438 1742 525 1784 quod
560 1740 734 1772 eorundem
771 1742 938 1772 sacrificiis
969 1753 1062 1772 nemo
1093 1741 1320 1772 catholicorum
1345 1743 1485 1772 scienter
1508 1744 1744 1774 communicare

96 1793 201 1824 debet.
251 1793 333 1824 Nam
363 1798 395 1825 et
422 1793 580 1824 Nicenum
611 1793 814 1832 concilium7,
845 1800 875 1824 et
907 1793 1028 1835 reliqua
1058 1794 1124 1824 fere
1156 1794 1278 1831 omnia,
1311 1800 1342 1824 et
1370 1793 1456 1824 idem
1481 1795 1682 1835 Augustinus
1711 1795 1743 1825 in

96 1844 230 1876 concilio
255 1844 478 1886 Cartaginensi
502 1856 572 1886 cap.
598 1845 726 1883 Vnus,
751 1844 810 1876 sub
834 1856 951 1886 magna
974 1845 1233 1876 interminatione
1258 1845 1430 1886 prohibent
1453 1847 1744 1876 excommunicatis

97 1898 337 1928 communicare
361 1896 410 1928 vel
434 1896 564 1928 eosdem
596 1897 628 1926 in
652 1897 910 1927 communionem
934 1897 1106 1938 suscipere.
1151 1895 1253 1927 Nemo
1284 1902 1390 1928 autem
1421 1908 1518 1928 sanae
1550 1898 1667 1927 mentis
1691 1908 1743 1928 ne-

96 1959 174 1990 gare
204 1948 346 1989 audebit,
378 1949 563 1990 quempiam
595 1949 713 1979 rectius
745 1954 776 1979 et
805 1948 1020 1980 damnabilius
1052 1959 1147 1990 quam
1179 1949 1426 1989 symoniacumn
1449 1954 1480 1979 et
1503 1949 1743 1980 scismaticumo

97 2001 412 2032 excommunicatum
437 2000 524 2031 credi
548 2000 665 2031 debere
676 2006 698 2031 Ρ.
743 2000 808 2031 Sed
832 2005 864 2031 et
886 2000 1056 2030 concilium
1077 1999 1277 2030 Laodicense
1304 1999 1343 2030 de
1368 2000 1426 2038 his,
1450 2000 1506 2042 qui
1530 1999 1741 2031 hereticorum

98 2057 130 2084 et
151 2053 404 2083 scismaticorum
429 2051 595 2083 sacrificiis
620 2052 869 2091 communicant,
894 2052 937 2082 ita
961 2051 1103 2082 decernit
1120 2062 1190 2092 cap.
1208 2051 1326 2082 VIII⁹:
1353 2051 1449 2087 Quod
1466 2063 1529 2083 non
1551 2053 1742 2093 permittan-

207 2168 233 2199 a)
256 2171 297 2192 est
315 2175 400 2199 supra
419 2175 486 2196 esse,
506 2167 549 2191 cui
569 2167 641 2191 linea
662 2167 792 2191 subducta
812 2166 874 2191 131.
932 2166 960 2196 b)
977 2167 1094 2199 inquam,
1116 2166 1158 2190 cui
1178 2166 1249 2190 linea
1270 2166 1356 2196 subd„
1376 2166 1494 2198 sequitur
1514 2166 1570 2190 Bl.
1629 2168 1653 2197 c)
1674 2175 1740 2190 corr.

97 2221 130 2238 ex
148 2214 306 2238 Donatistos
328 2222 359 2238 ηι.
372 2214 396 2238 2.
418 2212 475 2237 Bl.
546 2213 572 2243 d)
597 2213 767 2237 Guillelmum
788 2212 854 2243 323
875 2213 993 2238 Glorium
1015 2212 1065 2245 leyi
1085 2217 1193 2245 oportet.
1261 2212 1285 2241 ε)
1307 2212 1410 2237 confert
1429 2212 1454 2236 B
1467 2213 1488 2238 1.
1506 2212 1548 2236 2a.
1617 2213 1636 2242 f)
1660 2214 1740 2237 sacri-

97 2259 157 2284 ficio
177 2259 256 2285 B2b.
315 2260 343 2292 g)
365 2258 407 2284 hic
427 2268 478 2283 vox
499 2259 626 2284 acidis-32
647 2259 759 2283 videtur.
818 2259 848 2289 h)
869 2267 900 2283 ea:
919 2259 977 2284 His.
1000 2260 1058 2284 7112.
1080 2259 1105 2282 B
1119 2261 1140 2284 l.
1198 2259 1218 2290 i)
1240 2259 1376 2290 accipiunt
1395 2258 1455 2283 ΒΞ,
1514 2259 1543 2283 k}
1565 2267 1642 2291 quam
1663 2258 1740 2283 B‘lb.

95 2305 116 2337 l)
137 2305 209 2338 Cipr.
232 2305 310 2330 B2a.
388 2306 423 2336 m)
447 2306 606 2338 baptismate
628 2305 688 2330 ΒΞ.
766 2306 792 2335 n)
815 2313 896 2337 scym.
919 2305 979 2329 Bl.
1057 2306 1083 2336 o)
1106 2309 1131 2330 et
1152 2305 1216 2330 add.
1239 2305 1297 2330 Bi.
1375 2307 1402 2336 p)
1425 2304 1560 2329 credidere
1582 2304 1641 2328 Be.

206 2412 234 2449 1)
260 2413 304 2446 Cf.
330 2413 501 2440 Bernaldum
530 2414 563 2440 de
590 2413 775 2439 moramentis
798 2413 1091 2439 ezcommunicatorum
1121 2414 1139 2439 Ι.
1163 2413 1182 2439 I.
1204 2423 1234 2447 p.
1252 2412 1299 2438 5⁴2.
1424 2412 1453 2446 2)
1476 2413 1566 2446 Epist.
1592 2412 1640 2445 43,
1664 2422 1686 2439 c.
1712 2414 1739 2444 S,

97 2466 111 2495 ἓ
135 2464 184 2497 21,
215 2463 287 2499 Opp.
311 2465 352 2498 II,
378 2465 426 2491 97.
456 2466 494 2491 ad
518 2465 653 2496 Gloriam,
684 2465 826 2490 meusium
850 2468 900 2490 etc.
1021 2465 1051 2498 3)
1079 2465 1170 2498 Epist.
1195 2464 1243 2490 ST.
1268 2464 1306 2490 ad
1332 2463 1481 2489 l-Imeritum
1504 2466 1518 2495 ξ
1543 2464 1569 2496 9,
1602 2463 1673 2498 Opp.
1698 2464 1740 2499 Il,

98 2517 149 2543 col.
174 2516 244 2543 212.
310 2517 340 2550 4)
363 2517 448 2542 Liber
470 2517 505 2543 de
527 2517 663 2551 baptismo
688 2520 784 2542 contra
808 2516 976 2542 Donatistas
1000 2516 1060 2548 Vll,
1085 2525 1108 2542 c.
1127 2516 1154 2548 2,
1178 2518 1192 2547 ἓ
1217 2516 1233 2541 ‘2
1257 2524 1330 2550 sqq.;
1362 2514 1432 2548 Opp.
1457 2515 1512 2547 IX,
1537 2515 1587 2541 col.
1609 2516 1664 2540 186
1689 2524 1739 2549 sq„

99 2576 122 2595 c.
147 2567 202 2600 20,
231 2570 247 2599 ᾖ
270 2568 308 2594 39
331 2577 405 2602 sqq„
445 2569 462 2595 l.
487 2569 505 2594 l.
538 2569 590 2594 col.
617 2568 685 2594 193.
816 2567 845 2601 5)
878 2567 922 2600 Cf.
949 2567 1086 2601 Cypriani
1116 2567 1193 2600 epist.
1219 2567 1268 2595 74.
1299 2567 1337 2593 ad
1368 2567 1538 2600 Pompeium,
1571 2567 1613 2592 ed.
1638 2567 1740 2592 Hartel

94 2627 126 2653 p.
151 2619 220 2647 799.
335 2619 364 2653 6)
386 2620 478 2653 Epist.
503 2619 530 2646 7.
555 2619 594 2645 ad
618 2619 798 2653 Cypriauum,
827 2619 926 2644 Mami
949 2619 972 2651 J,
1002 2619 1054 2644 col.
1078 2618 1148 2644 8:3⁵2.
1264 2619 1292 2653 7)
1323 2620 1352 2645 C.
1378 2619 1405 2650 ἵ),
1436 2618 1588 2644 Ilinselzius
1612 2627 1644 2652 p.
1669 2618 1738 2644 258.

99 2670 129 2704 8)
158 2670 240 2697 Cone.
271 2670 406 2705 Cartkay.
430 2671 482 2703 IV,
511 2680 538 2698 α.
563 2671 633 2703 398,
663 2680 687 2697 c.
713 2671 760 2702 73,
791 2670 891 2696 ,Mami
916 2670 974 2703 III,
1005 2671 1056 2696 col.
1082 2670 1161 2702 957;
1195 2670 1264 2698 Coll.
1294 2679 1357 2696 can.
1382 2670 1433 2702 JV,
1463 2680 1485 2696 c.
1514 2670 1580 2701 1:38,
1606 2679 1636 2703 p.
1662 2669 1738 2694 49⁵2.-

98 2721 276 2756 Augustinus
312 2722 467 2756 episcopus
500 2722 614 2757 legatus
644 2722 777 2748 Numidie
808 2721 957 2756 provincie
991 2721 1019 2747 in
1055 2720 1178 2747 cont-ilio
1210 2721 1409 2756 (¹ai·tagincnsi
1446 2730 1507 2754 cap.
1534 2721 1624 2746 VIIlI.
1659 2720 1737 2748 dixit.

100 2772 130 2807 9)
154 2772 235 2799 Conc.
261 2774 378 2800 Laodic.
403 2783 432 2800 a.
449 2774 517 2800 320.
542 2783 574 2800 ez
597 2775 741 2808 interpret.
766 2773 888 2806 Dionysi
910 2784 932 2802 ις,
951 2774 978 2805 9,
1002 2773 1101 2799 Mami
1123 2773 1163 2805 II,
1188 2774 1239 2800 col.
1259 2773 1328 2799 ms.
