2101 3072
452 158 683 186 DISPUTATIO
707 160 782 186 VEL
805 159 993 187 DEFENSIO
1018 159 1228 187 PASCHALts
1253 161 1385 190 PAPAE.
1676 159 1737 190 665

103 249 359 279 communicavit.
404 247 552 278 Domnus
587 259 715 290 quoque
746 249 861 279 Avitus
894 249 1105 279 Viennensisa
1141 249 1401 292 archiepiscopus
1439 261 1509 281 cum
1546 251 1642 282 fratre
1680 262 1736 282 suo

101 299 239 340 glorioso
264 298 441 339 Apollinari
467 299 637 330 Valentino
660 311 767 339 regem
793 300 1046 341 Sigismundum,
1079 302 1154 342 quia
1184 301 1348 332 cuiusdam
1379 302 1427 332 sui
1451 301 1560 333 militis
1585 303 1738 344 Stephani

101 352 238 381 incestas
268 351 395 391 nuptias
425 350 597 381 defendere
631 351 803 390 nitebatur,
838 351 965 392 publice
999 354 1388 386 excommunicaverunm,
1434 353 1586 395 Nunquid
1620 355 1737 386 nostris

101 402 214 433 diebus
245 412 328 443 papa
361 401 511 432 Urbanus
541 401 726 443 Philippum
757 413 865 443 regem
898 403 1105 443 Francorum,
1141 405 1195 445 qui
1227 415 1360 435 uxorem
1392 416 1479 435 suam
1513 406 1678 437 dimiserat
1707 412 1738 437 et

70 467 82 486 ⁵
100 453 193 484 aliam
212 453 358 493 duxerat,
382 464 445 483 non
462 454 799 484 excomnmnicavitr?
833 453 918 484 Ecce
934 465 1026 495 reges
1051 456 1103 496 qui
1121 455 1201 485 male
1219 458 1352 496 egerint,
1378 457 1431 498 qui
1457 456 1585 488 inutiles
1609 458 1737 497 fuerint,

101 505 154 547 qui
178 503 375 546 proditiones
399 505 540 544 fecerint,
573 505 626 546 qui
649 504 806 535 adulteria
829 505 879 535 vel
904 506 1045 546 periuria
1068 508 1334 547 perpetraverint,
1357 508 1553 549 dampnandi
1578 515 1661 549 sunt,
1685 521 1737 541 ex-

101 555 359 587 communicandi
387 561 470 594 sunt,
502 555 683 597 corrigendi
714 562 795 587 sunt.
842 557 970 588 Habent
1001 557 1084 587 enim
1110 557 1245 588 Romani
1277 559 1445 600 pontifices
1474 570 1566 590 suum
1598 561 1737 602 speciale

100 607 302 650 privilegium
335 613 454 648 prava³
486 608 654 648 corrigere,
684 614 770 639 recta
799 608 935 648 firmare,
966 609 1152 649 imperfecta
1180 611 1332 651 perficere
1361 616 1391 641 et
1419 610 1528 642 illicita
1557 612 1736 652 prohibere.

100 659 206 690 Habet
222 658 366 690 Romana
382 658 517 690 ecclesia
535 659 750 700 privilegium,
775 659 860 700 quod
878 661 981 701 prima
998 660 1090 691 sedes
1114 672 1177 691 non
1201 662 1361 692 iudicatur
1377 673 1394 692 a
1412 673 1585 704 quoquam.
1621 663 1735 695 Sedem

55 724 81 743 10
100 710 322 752 apostolicam,
350 721 411 752 que
435 715 483 741 est
506 717 601 751 caput
630 711 771 741 omnium
798 711 858 741 Dei
889 711 1104 748 ecclesiarum,
1135 712 1278 744 iudicare
1308 724 1371 744 non
1399 714 1562 753 audemus,
1592 726 1664 745 nam
1697 715 1736 747 ab

100 764 171 804 ipsa
193 772 251 792 nos
276 772 385 793 omnes
409 768 441 793 et
463 774 481 792 a
505 763 624 793 vicario
649 773 706 792 suo
731 762 922 801 iudicamur,
947 763 1014 804 ipse
1038 769 1143 794 autem
1168 774 1185 793 a
1207 765 1334 795 nemine
1350 765 1518 796 iudicatur.
1553 771 1664 796 Sancti⁴
1688 776 1737 796 et-

101 818 189 841 enim
210 821 299 849 patres
315 817 384 849 apud
401 817 592 841 calcedoniam
612 817 738 841 detestati
753 818 813 847 sint,
834 820 862 841 ut
878 818 1035 841 Dioscorum
1052 817 1259 842 Alexandrinum
1274 820 1417 843 antistitem
1439 821 1507 844 inter
1521 824 1618 851 cetera,
1638 821 1737 845 iccirco

102 864 267 896 potissimum
289 863 345 887 sine
367 863 421 887 ulla
441 864 608 887 restitutione
629 863 841 895 dampnaverint,
862 861 945 895 quiab
967 872 1068 895 ponens
1088 865 1113 887 in
1136 864 1221 888 celum
1243 873 1271 889 os
1291 873 1375 895 suum,
1397 865 1488 897 lingua
1509 867 1564 890 eius
1585 870 1737 891 transeunte

101 920 181 944 super
210 915 306 937 terram
330 913 628 936 excommunicationem
658 912 683 935 in
707 912 874 936 secundum‘?
898 913 1015 936 Leonem
1045 921 1141 944 papam
1165 917 1285 937 sanctum
1309 914 1426 938 dictavit.
1474 908 1619 939 Domnus
1651 910 1733 940 enim

54 972 80 991 1⁵
99 957 271 997 Paschalis,
295 958 370 999 quia
387 968 521 999 pravum
547 962 666 998 egerat,
691 957 828 998 penituit
851 963 881 988 et
903 958 1023 998 gaudio
1047 969 1102 989 sue
1126 958 1322 999 penitudinis
1346 959 1427 989 filios
1450 959 1624 992 aecclesiae
1648 960 1737 992 letifi—

100 1010 192 1051 cavit,
209 1014 243 1040 ut
256 1008 416 1051 ,propheta
432 1008 524 1040 dicit:
540 1009 659 1040 Nonne
676 1011 732 1051 qui
747 1009 836 1040 cadit
850 1021 911 1040 non
928 1010 1057 1049 adiciet,
1074 1015 1107 1040 ut
1120 1011 1291 1052 resuryat?
1315 1010 1396 1042 Cum
1411 1010 1491 1042 male
1504 1012 1638 1053 scripsit,
1658 1013 1737 1043 ceci-

99 1061 160 1101 dit3
178 1072 248 1092 cum
266 1061 414 1101 correxit,
431 1061 615 1094 resurrexit.
653 1060 814 1102 Scriptum
832 1066 944 1091 contra
961 1071 1110 1100 canones,
1128 1061 1213 1103 quod
1232 1061 1313 1092 male
1331 1062 1361 1092 in
1379 1064 1522 1093 tentoriis
1539 1064 1623 1104 regis
1640 1063 1738 1094 dicta-

99 1113 174 1153 vit⁵,
198 1113 228 1142 in
247 1111 376 1154 publica
392 1112 515 1154 synodo
527 1117 537 1133 ⁶
560 1111 638 1142 illud
655 1112 862 1143 maledictum
880 1112 1107 1154 cirographum
1125 1112 1206 1144 bene
1223 1113 1410 1156 dampnavit
1427 1120 1458 1145 et
1474 1119 1508 1145 ut
1523 1114 1639 1146 nullius
1656 1116 1737 1147 bone

98 1165 280 1204 memoriae,
305 1163 421 1195 nullius
438 1175 590 1205 umquam
607 1164 808 1195 auctoritatis
826 1164 866 1195 sit
884 1164 1067 1202 tenendum,
1090 1164 1267 1205 apostolica
1283 1166 1506 1198 terminatione
1521 1168 1738 1198 excommuni-

53 1231 79 1250 20
100 1217 214 1248 eavit⁷.
262 1216 411 1247 Domnus
442 1226 571 1257 quoque
600 1215 766 1247 Paschalis
795 1222 882 1247 recta
912 1216 1038 1246 firmare
1067 1216 1173 1248 studet
1205 1222 1235 1248 et
1265 1217 1398 1256 studuit,
1429 1228 1500 1248 cum
1527 1217 1735 1249 Mantuanum

99 1267 257 1299 electum⁸
282 1267 406 1298 noverit
429 1277 447 1297 a
471 1278 546 1308 rege
569 1268 766 1307 investitum,
791 1267 875 1298 sicut
898 1268 1210 1298 excommunicatum
1235 1268 1275 1299 ab
1299 1267 1464 1299 electionis
1487 1269 1663 1310 prelatione
1686 1270 1738 1302 de-

100 1320 257 1361 posuerit,
281 1325 312 1350 ct
335 1330 409 1350 eum
433 1319 654 1359 iureiurando,
682 1330 723 1350 ne
746 1319 878 1351 ulterius
907 1330 940 1350 se
969 1319 1209 1359 intromitteret,
1241 1319 1390 1351 abiurare
1420 1321 1539 1352 fecerit.
1584 1322 1737 1363 Quisquis

99 1371 197 1413 igitur
219 1371 343 1402 iusticie
367 1370 496 1412 regulas
521 1371 567 1401 sic
591 1370 796 1412 impudenter
818 1371 872 1402 tali
894 1372 1135 1412 presumptione
1160 1371 1279 1403 violare
1302 1383 1365 1402 non
1389 1372 1554 1413 formidat,
1583 1372 1737 1404 ecclesiae

98 1429 227 1454 sanctae
250 1422 440 1463 dignitatem
471 1427 503 1453 et
531 1423 753 1453 auctoritatem
785 1422 838 1453 etd
869 1423 966 1453 totius
998 1422 1189 1454 christianae
1214 1423 1422 1465 professionis
1452 1424 1577 1455 titulum
1607 1435 1737 1466 prorsus

53 1467 233 1516 25⁴ignorat.
276 1473 344 1513 Ille,
367 1474 510 1516 inquam,
534 1479 620 1505 tame
645 1473 795 1515 perfidus,
819 1485 894 1505 sane
917 1475 1032 1505 mentis
1061 1474 1194 1515 alienus,
1223 1486 1278 1506 cur
1302 1486 1364 1506 non
1387 1476 1558 1517 perpendit
1580 1478 1737 1508 sancitum

99 1537 167 1558 esse
191 1527 221 1556 in
245 1524 401 1567 legibus⁹,
425 1526 510 1567 quod
528 1525 628 1556 divini
653 1526 730 1556 iuris
747 1530 804 1566 est,
827 1525 860 1557 id
883 1527 914 1556 in
931 1525 1024 1556 bonis
1041 1525 1159 1557 nullius
1183 1526 1276 1557 esse?
1320 1526 1386 1558 Cur
1402 1527 1516 1559 iterum
1539 1539 1602 1559 non
1626 1527 1738 1559 recolit

99 1589 209 1609 vocem
224 1577 310 1608 Petri
323 1576 456 1608 ecclesie
470 1577 616 1619 magistri
629 1577 722 1608 beato
737 1576 895 1608 Clementi
909 1577 1094 1608 dicentis10:
1113 1577 1312 1620 Quicumque
1325 1581 1566 1611 contristaverit
1579 1580 1736 1611 doctorem

98 1630 256 1669 veritatis,
274 1633 387 1671 peccat
407 1630 443 1659 in
468 1628 632 1660 Christum
654 1633 682 1660 et
700 1634 830 1670 patrem
852 1630 993 1660 omnium
1016 1630 1187 1661 exacerbat
1210 1630 1334 1670 Deum;
1355 1636 1493 1672 propter
1513 1632 1599 1674 quod
1620 1636 1647 1662 et
1669 1633 1736 1662 vita

99 1681 230 1713 carebit.
269 1680 474 1722 Quicumque
497 1691 573 1722 ergo
596 1680 739 1711 mordaci
763 1679 857 1712 dente
881 1680 1033 1712 domnum
1057 1680 1243 1712 paschalem
1267 1686 1400 1722 tangere
1422 1693 1484 1713 non
1507 1683 1632 1723 metuis,
1652 1682 1738 1714 facta

53 1747 80 1766 ,ο
99 1732 206 1764 David
230 1732 315 1773 regis
338 1732 371 1763 in
395 1731 548 1774 spelunca
570 1731 697 1764 latentis
714 1731 819 1764 Saulis
841 1743 928 1764 oram
953 1731 1097 1763 clamidis
1118 1732 1313 1764 abscidentis
1330 1732 1500 1775 diligenter
1514 1734 1653 1765 intuere!
1692 1733 1737 1765 Os

100 1784 183 1816 enim
202 1783 332 1814 Domini
349 1783 490 1815 locutum
508 1788 570 1815 est:
597 1784 798 1826 Quicumque
821 1795 897 1826 erqo
916 1786 1011 1826 patri
1031 1784 1079 1815 vel
1100 1785 1198 1815 matri
1218 1785 1425 1817 maledioeerit
1448 1791 1544 1817 morte
1566 1787 1737 1817 moriatur.

99 1836 169 1867 Lex
181 1847 257 1878 ergo
271 1835 478 1876 imperatoria
491 1835 589 1866 filium
604 1840 736 1877 propter
747 1835 1009 1878 ingratitudinem
1023 1835 1111 1867 iubet
1125 1835 1384 1867 exheredandum
1396 1836 1454 1867 s·¹¹.
1476 1836 1545 1868 Rex
1559 1837 1641 1868 enim
1653 1837 1738 1868 Hen-

99 1889 184 1919 ricus
200 1887 336 1919 ecclesie
358 1887 517 1926 inimicus,
540 1887 691 1928 ignorans
714 1886 791 1918 illud
816 1887 900 1929 quod
918 1887 1017 1918 divini
1035 1888 1113 1918 iuris
1131 1893 1190 1927 est,
1215 1898 1277 1918 non
1294 1887 1395 1918 solum
1414 1887 1576 1919 doctorem
1593 1888 1737 1919 veritatis

99 1939 345 1979 contristaverit,
376 1949 438 1970 non
468 1938 569 1970 solum
600 1939 683 1980 patri
713 1938 833 1970 carnali
862 1940 961 1969 immo
992 1944 1023 1970 et
1050 1939 1209 1980 spirituali
1233 1939 1444 1979 maledixerit,
1474 1939 1529 1971 sed
1551 1939 1648 1970 alium
1672 1950 1737 1971 car-

52 2004 79 2024 ³5
99 1990 203 2023 nalem
227 2001 362 2033 regnum
387 1995 419 2021 et
441 1990 611 2032 imperium
635 1989 790 2029 deserere,
815 1995 846 2021 et
869 1990 966 2021 alium
991 1990 1189 2032 spiritualem
1213 2001 1232 2021 a
1254 1991 1383 2022 iusticia
1405 1990 1566 2022 declinare
1581 1991 1738 2022 violenter

99 2043 211 2085 coegit.
256 2041 422 2074 Maledicit
451 2046 482 2073 et
509 2042 618 2082 matri,
647 2052 718 2073 cum
751 2041 884 2073 ecclesie
915 2046 1040 2081 sancte,
1071 2042 1160 2073 cuius
1191 2042 1274 2073 filius
1303 2053 1372 2074 esse
1404 2041 1529 2082 debuit,
1557 2042 1735 2074 libertatem

100 2095 236 2126 destruit
258 2099 289 2126 et
311 2094 343 2125 in
367 2093 481 2125 faciem
506 2094 576 2124 eius
599 2094 723 2135 expuit,
751 2104 822 2124 cum
847 2093 946 2124 sacris
969 2098 1096 2134 patrum
1122 2094 1376 2125 institutionibus
1400 2093 1591 2136 refragando
1615 2099 1736 2125 contra-

100 2146 186 2178 dicit.
231 2147 348 2178 Peccat
374 2146 407 2177 in
431 2145 585 2188 Spiritum
610 2150 768 2184 sanctum,
798 2155 871 2176 cum
894 2145 1110 2185 investituras,
1142 2156 1224 2187 quae
1249 2145 1388 2187 Spiritus
1415 2146 1518 2177 sancti
1547 2145 1631 2177 dona
1653 2150 1737 2185 sunt,

99 2199 161 2230 sibi
184 2208 339 2239 usurpare
363 2197 519 2228 innititur.
564 2196 722 2228 Novimus
738 2198 867 2236 etenim,
890 2196 977 2239 quod
993 2195 1108 2227 anulus
1131 2202 1162 2228 et
1178 2197 1268 2238 virga
1284 2196 1481 2239 pontificalia
1503 2202 1577 2228 sunt
1599 2197 1737 2239 insignia

52 2299 80 2318 ιο
209 2289 234 2321 a)
260 2288 402 2313 Urennus‘?
420 2297 441 2314 c.
554 2288 581 2317 b)
606 2287 743 2317 Quaedam
763 2287 876 2319 amplius
903 2296 946 2319 ap.
966 2286 1066 2312 Mansi.
1179 2288 1203 2318 c)
1232 2286 1270 2311 ita
1295 2296 1332 2316 οη·
1359 2291 1480 2312 sanctum
1502 2287 1533 2313 L.
1555 2287 1613 2314 Nic.
1633 2287 1736 2313 Deuad.

100 2335 128 2366 d)
148 2343 179 2360 ac
199 2333 260 2359 sch.
336 2335 361 2366 e)
376 2338 436 2366 post
457 2333 522 2358 add.
542 2342 563 2358 c.
638 2334 660 2364 f)
681 2334 844 2358 exheredari.
884 2334 954 2358 Dum
974 2332 1031 2357 Sch,

207 2410 235 2444 1)
257 2408 391 2437 Falsum!
419 2409 537 2435 Minime
553 2408 874 2442 excommunicaverzmt5
898 2408 934 2441 cf.
956 2408 984 2435 V.
1001 2408 1033 2434 S.
1049 2408 1127 2434 Aviti
1142 2417 1165 2435 c.
1180 2408 1207 2440 3,
1227 2409 1297 2434 Acta
1314 2408 1368 2436 SS.
1387 2408 1462 2435 Bou.
1479 2408 1560 2436 Febr.
1573 2409 1598 2442 I,
1614 2417 1645 2443 p.
1660 2409 1736 2442 674,-

105 2462 136 2489 V.
151 2462 183 2489 S.
201 2460 323 2496 Apollin.
345 2462 360 2492 ἓ
377 2461 403 2488 2.
422 2460 448 2492 3,
473 2460 542 2487 Acta
565 2460 620 2487 SS.
638 2460 712 2486 Bon.
733 2459 791 2489 Oct.
808 2460 866 2492 Ill,
884 2469 913 2494 p.
931 2459 980 2486 59.
1092 2460 1122 2494 2)
1143 2460 1176 2486 A.
1198 2459 1284 2491 1095,
1308 2460 1336 2485 in
1360 2460 1476 2486 concilio
1501 2459 1736 2492 Claromontano;

100 2513 138 2547 cf.
163 2513 300 2540 Bernoldi
321 2512 379 2538 chr.
403 2512 441 2538 ad
463 2521 502 2545 a.,
525 2511 580 2538 SS.
604 2511 632 2545 V,
651 2520 683 2546 p.
700 2511 771 2538 464.
881 2512 910 2545 3)
933 2511 1054 2545 Saepius
1075 2510 1105 2536 in
1123 2511 1284 2545 privileqiis
1302 2511 1408 2545 pontif.
1432 2511 1559 2543 Roman„
1582 2514 1611 2537 ut
1634 2511 1735 2538 Schum

52 2574 80 2594 4⁵
95 2574 127 2600 p.
144 2565 194 2598 82,
216 2573 244 2592 π.
264 2564 290 2590 1.
313 2564 400 2591 docet.
514 2563 544 2597 4)
567 2563 658 2596 Epist.
681 2563 798 2590 Nicolai
819 2563 843 2588 J.
867 2563 906 2588 ad
928 2561 1094 2588 Michaelem
1117 2561 1184 2596 imp.
1208 2571 1255 2596 ap.
1278 2562 1378 2588 Manei
1400 2562 1467 2596 XV,
1490 2562 1541 2589 col.
1560 2562 1636 2595 198,-
1658 2562 1736 2595 Jaffe'

100 2616 198 2649 2796,-
221 2615 386 2648 Demdedss,
411 2614 480 2641 Can.
497 2614 522 2648 I,
547 2623 570 2641 c.
591 2614 657 2647 129,
675 2623 708 2648 p.
726 2613 775 2641 97.
852 2613 882 2648 5)
906 2613 949 2646 Cf.
973 2621 1057 2646 supra
1077 2621 1109 2646 p.
1128 2613 1198 2640 661.
1275 2613 1306 2648 6)
1328 2613 1362 2640 A.
1381 2614 1471 2649 1112,
1494 2613 1584 2640 Mare.
1604 2613 1734 2640 18—23.

101 2667 132 2703 7)
153 2667 250 2702 Supra
271 2676 299 2701 p.
317 2666 387 2692 661.
453 2666 483 2701 8)
506 2665 707 2699 Manfredum,·
729 2664 767 2698 cf.
794 2674 865 2699 quae
887 2664 989 2691 Selium
1012 2664 1030 2693 l.
1046 2664 1065 2690 l.
1085 2673 1117 2698 p.
1135 2664 1183 2697 83,
1207 2673 1233 2691 n.
1251 2664 1278 2692 4.
1302 2665 1428 2693 adnotat.
1494 2665 1524 2699 9)
1547 2665 1580 2691 L.
1594 2665 1618 2690 I.
1631 2673 1678 2698 pr.
1696 2665 1734 2691 D.

100 2720 134 2746 de
161 2718 299 2746 divisione
328 2726 420 2744 rerum
449 2718 478 2751 Ι,
503 2718 531 2744 8.
555 2720 579 2743 et
607 2719 622 2748 ἓ
646 2717 672 2743 7.
702 2717 772 2743 lust.
800 2717 833 2742 de
860 2725 951 2742 rerum
981 2715 1063 2742 divin.
1087 2716 1131 2748 II,
1160 2716 1191 2748 1,-
1224 2716 1332 2743 Deusd.
1358 2717 1427 2743 Call.
1452 2725 1515 2746 can.
1538 2716 1592 2751 IV,
1619 2724 1642 2742 c.
1667 2715 1733 2748 145,

98 2780 128 2805 p.
143 2770 214 2797 471.
332 2769 380 2803 10)
404 2769 549 2796 Clementis
571 2769 650 2802 epist.
667 2769 692 2799 I,
717 2777 738 2794 c.
757 2768 784 2800 2,
810 2767 963 2793 Hinschius
980 2775 1012 2800 p.
1029 2766 1087 2800 3l‚·
1111 2766 1218 2794 Deusd.
1241 2767 1264 2799 1,
1288 2777 1312 2795 c.
1329 2768 1378 2801 47,
1399 2777 1429 2802 p.
1447 2769 1496 2796 61.
1617 2767 1665 2801 11)
1690 2767 1734 2800 Cf.

54 2830 80 2849 50
102 2821 208 2848 Iuliani
230 2821 284 2854 Ep.
309 2820 419 2846 Nouell.
438 2819 530 2852 CVII,
554 2822 569 2852 ἓ
593 2819 620 2852 3,
645 2820 686 2846 ed.
712 2819 821 2845 Haenez
840 2827 869 2852 p.
891 2818 958 2844 125.

173 2875 269 2900 Libelli
291 2875 323 2899 de
342 2874 398 2899 iite.
430 2874 465 2899 ῙῙ.
1471 2873 1503 2897 84

1757 1023 1838 1042 Ierem.
1850 1022 1869 1045 S,
1879 1023 1899 1044 4,

1758 1761 1777 1779 1.
1786 1730 1907 1784 Recgi'ecs.

1757 1799 1904 1821 Exod.21.17.
