2132 3067
507 165 544 191 X.
580 166 631 191 DE
653 165 996 194 EXCOMMUNICATIS
1020 168 1203 195 VITANDIS
1228 168 1306 196 ETC.
1667 168 1723 196 119

89 255 167 285 citer
189 253 329 296 aliquem
355 252 586 293 benedicimus,
614 264 727 284 manus
751 255 779 284 ei
803 255 935 296 antiquo
960 266 1046 286 more
1070 257 1253 297 inponimus
1264 263 1286 287 ³.
1333 258 1385 287 Sic
1411 258 1495 288 enim
1520 259 1724 299 patriai-uhab

91 305 197 344 Iacob,
226 315 299 335 cum
324 303 412 334 filios
440 303 558 345 Ioseph
590 305 802 343 benediceret,
834 316 947 336 manus
978 307 1022 336 eis
1054 307 1209 348 inposuit:
1242 313 1273 338 et
1304 308 1462 339 Dominus
1494 310 1525 339 in
1557 309 1724 348 euangelio

89 356 210 388 oblatos
234 355 295 386 sibi
318 354 470 396 parvulos
495 366 552 396 per
574 356 799 397 inpositionem
818 367 969 387 manuum
988 357 1193 388 benedixisse
1210 358 1336 399 legitur.
1383 359 1458 390 Sive
1482 366 1588 390 a'ntem
1613 348 1724 390 manus

70 408 250 450 'impositio
282 417 340 448 pro
370 406 631 438 reconciliatione
662 408 872 448 penitentium
903 409 969 439 sive
1000 420 1059 450 pro
1090 408 1276 450 depulsione
1308 410 1500 441 infirmitatis
1528 411 1579 441 vel
1607 410 1725 441 diaboli

45 726 72 744 10

45 982 70 1001 1⁵

45 1238 72 1257 20

46 1493 72 1512 25

89 460 156 491 sive
178 469 236 500 pro
260 457 397 499 simplici
422 457 645 489 benedictione
669 458 875 490 hominibusc
898 459 1100 500 inpendatur,
1132 462 1208 491 satis
1233 472 1372 501 congrue
1397 463 1485 492 iuxta
1508 463 1726 503 Augustinum

89 510 164 542 nihil
194 509 283 540 aliud
313 509 372 540 nisi
404 509 506 539 oratio
537 520 634 550 super
663 509 822 541 hominem
857 509 1067 551 intellegitur3
1099 512 1182 541 unde
1211 517 1241 542 et
1269 513 1388 550 iterari,
1418 514 1566 554 quotiens
1597 524 1725 543 necesse

89 562 193 601 fuerit,
224 572 287 591 non
319 560 519 602 prohibetur.
563 560 645 591 Cum
671 573 747 591 vero
772 572 828 602 pro
853 562 1094 593 confirmatione
1117 562 1190 592 veld
1215 563 1411 594 ordinatione
1443 565 1635 604 inpenditur.
1666 575 1727 594 non

89 615 149 644 iam
174 623 231 654 pro
255 611 322 643 sola
345 612 498 651 oratione,
523 611 578 642 sed
597 613 691 642 etiam
710 623 768 654 pro
786 619 986 644 sacramento
1004 612 1151 644 habenda
1173 620 1230 654 est,
1254 614 1340 656 quod
1365 618 1465 644 sancti
1490 622 1596 655 patres
1621 615 1727 645 iterari

89 664 329 707 prohibuerunt.
374 663 456 693 Nam
488 674 551 694 non
583 663 687 693 minus
716 670 880 704 peccatur,
912 665 937 694 si
963 665 1012 695 cui
1038 675 1150 694 manus
1182 676 1238 705 pro
1268 665 1506 696 confirmatione
1529 665 1578 696 vel
1604 665 1727 696 ordina-

88 717 174 748 tione
197 716 332 747 iterume
356 715 530 755 inponitur,
557 725 652 755 quam
678 715 704 744 si
727 714 825 745 altera
849 716 917 745 viee
943 715 1134 756 baptizetur.
1169 715 1262 746 Unde
1287 722 1317 746 et
1340 717 1439 746 sancti
1464 722 1569 757 patres
1593 716 1726 746 eandem

90 768 299 810 penitentiam
316 766 550 796 reconfirmatis
574 771 604 796 et
626 766 831 807 rebaptizatis
855 766 1009 797 indixisse
1032 766 1189 808 leguntur.
1237 769 1372 797 Sanctus
1390 779 1516 809 quoque
1533 767 1725 807 Gregsnius¹

89 819 233 850 scribens
256 817 392 848 Iohanni
415 817 569 858 episcopo
594 817 787 848 Ravennati:
817 818 921 855 Sicut,
951 818 1063 859 inquit,
1094 817 1187 849 semel
1218 818 1402 858 baptizatus
1428 820 1539 849 iterum
1565 819 1729 859 baptizari

91 882 155 901 non
179 870 276 908 debet,
304 870 353 900 ita
377 868 489 899 semels
511 874 720 899 consecratus
751 870 784 899 in
809 869 912 899 eodem
937 869 1050 899 ordine
1075 881 1137 900 non
1164 870 1246 900 valet
1270 870 1384 899 iterum
1409 872 1603 900 consecrari.
1648 869 1727 899 Item

91 921 310 952 Affricanum²
337 914 507 950 concilium
538 930 606 961 cap.
633 919 768 950 LXXV.
799 919 947 961 prohibet
977 919 1244 961 rebaptizationes
1277 926 1306 950 et
1338 920 1598 951 reordinationes.
1650 920 1728 950 Item

90 983 226 1003 canones
254 971 512 1013 apostolorum³t
549 971 589 1001 Si
618 972 706 1012 quis,
743 971 907 1012 inquiunt,
944 973 1131 1012 episcopus,
1160 971 1337 1013 presbyter,
1366 972 1526 1002 diaconus
1557 972 1729 1001 secandam

89 1035 207 1055 ‘manus
236 1023 471 1064 impositionem
504 1024 675 1063 acceperit,
706 1023 890 1063 deponatur
913 1027 939 1052 et
965 1025 1032 1063 ipse
1057 1023 1227 1053 ordinator
1250 1024 1330 1053 eius.
1376 1022 1409 1052 Si
1433 1023 1502 1063 quis
1527 1028 1631 1052 autem
1658 1022 1730 1052 huie

90 1074 232 1116 capitulo
252 1075 358 1105 minus
375 1074 486 1114 credit,
511 1075 588 1115 quia
611 1073 688 1104 illud
713 1075 795 1104 inter
819 1084 956 1104 canones
980 1073 1198 1115 apostolorum
1224 1073 1310 1115 apud
1335 1084 1389 1103 eos
1413 1084 1475 1103 non
1500 1075 1627 1115 reperit,
1653 1074 1731 1104 scire

91 1125 196 1167 debet,
219 1125 306 1168 quod
328 1125 502 1157 eorundem
527 1130 708 1156 canonum&
733 1124 831 1155 multa
855 1125 997 1166 capitula
1013 1123 1106 1155 nobis
1122 1125 1245 1155 desunt.
1285 1124 1366 1155 Nam
1386 1124 1497 1155 beatus
1514 1124 1731 1166 Zepherinus⁴

90 1189 175 1220 papa
207 1178 238 1207 in
273 1177 385 1208 ordine
417 1177 523 1207 XVU
558 1176 721 1217 apostolos
756 1177 961 1218 septuaginta
996 1187 1133 1206 canones
1168 1177 1373 1206 constituisse
1407 1181 1557 1213 testatum
1596 1186 1728 1216 qnorum

91 1229 324 1271 quinquaginta
346 1234 468 1259 tantum
492 1228 652 1259 Ysidorus
683 1229 713 1258 in
746 1227 881 1269 prologo
910 1233 989 1258 suo⁵
1014 1228 1052 1258 de
1077 1227 1253 1258 canonibus
1277 1238 1310 1257 se
1334 1228 1493 1258 invenisse
1515 1227 1641 1261 fatetur,
1665 1227 1730 1268 qui-

91 1280 150 1311 bus
173 1284 204 1311 et
225 1291 284 1311 nos
307 1281 437 1311 utimur.
483 1280 599 1311 Petrus
615 1285 722 1310 tamen
740 1279 913 1310 Damiani⁶
937 1280 1008 1320 piae
1026 1280 1198 1309 memoriae
1215 1278 1386 1308 cardinalis
1409 1278 1579 1319 episcopus
1603 1284 1730 1308 sanctae

91 1332 254 1363 Romanae
282 1331 428 1370 eclesiae,
457 1331 536 1363 alter
561 1331 740 1362 leronimus
764 1332 795 1361 in
820 1337 928 1361 nostro
952 1336 1108 1372 tempore,
1141 1330 1319 1371 predictum
1351 1329 1525 1371 capitulum
1556 1327 1730 1359 canonibus

91 1383 308 1425 apostolorum
331 1382 533 1414 adtitulaviti
560 1383 592 1413 in
615 1382 698 1414 libro
723 1393 791 1420 suo,
823 1393 916 1424 quem
943 1381 1170 1412 Gratissimum
1203 1381 1475 1421 cognominavitk.
1520 1380 1616 1420 Ergo,
1646 1379 1731 1421 quod

91 1435 122 1466 in
145 1434 286 1466 Nicen0⁷
311 1433 446 1465 coneilio
471 1434 596 1465 clericis
619 1434 875 1465 Novatianorum
907 1434 1070 1464 conversis
1101 1444 1214 1463 manus
1238 1433 1359 1473 imponi
1384 1431 1520 1469 iubetur,
1552 1431 1732 1461 nullatenus

92 1486 299 1518 ordinatoria¹
324 1496 439 1516 manus
463 1485 627 1527 impositio
652 1485 860 1526 intelligenda
883 1491 940 1520 est,
966 1486 1047 1515 sieut
1071 1484 1199 1526 quidam
1221 1483 1425 1514 translatores
1445 1482 1585 1513 eiusdem
1604 1481 1732 1512 concilii

46 1576 50 1579 -
92 1538 195 1568 minus
217 1538 303 1568 cauti
325 1536 523 1568 intellexisse
545 1537 706 1576 videntur,
732 1537 787 1579 qui
812 1536 942 1567 eosdem
967 1537 1081 1567 iterum
1108 1535 1302 1565 ordinandos
1327 1534 1554 1575 interpretatim
1580 1539 1661 1563 sunt.

47 1753 73 1772 80

49 2008 76 2028 85

50 2265 78 2284 40

53 2561 81 2581 4ῦ

55 2797 59 2804 1

196 1588 263 1619 Nos
286 1594 393 1620 autem
417 1589 525 1630 potius
550 1589 646 1619 beato
671 1588 879 1619 Innocentio⁸
901 1598 1005 1629 papae
1029 1587 1207 1626 credamus,
1232 1587 1317 1628 quin,
1342 1586 1381 1616 de
1405 1585 1523 1616 eisdem
1546 1585 1733 1615 Novatianis

92 1645 265 1679 tractans⁰‚
295 1651 359 1671 non
383 1645 418 1671 ut
439 1639 711 1680 reordinarentur,
742 1639 809 1679 sed,
836 1646 871 1670 ut
894 1649 966 1669 cum
991 1638 1103 1669 ordine
1127 1650 1184 1669 suo
1208 1639 1436 1679 reciperentur,
1460 1637 1574 1667 asserit
1597 1636 1733 1666 Nicenos

92 1696 198 1732 patres
221 1691 436 1722 constituisse.
481 1691 550 1722 Itav
574 1697 606 1722 et
628 1702 686 1722 nos
711 1702 836 1732 quoque
853 1690 1033 1721 necessario
1051 1689 1226 1731 intelligere
1243 1689 1411 1728 debemus,
1434 1699 1473 1718 ne
1498 1688 1615 1718 sanctis
1640 1688 1734 1728 patri-

93 1742 152 1774 bus
180 1742 343 1773 adversari
371 1742 551 1782 videamur,
583 1743 638 1785 qui
669 1742 943 1773 reordinationes‘l
974 1742 1101 1783 penitus
1133 1741 1400 1783 proscripserunt,
1432 1746 1466 1769 ut
1496 1738 1734 1780 prelibavimus.

92 1793 258 1836 Nusquam
290 1805 366 1825 sane
398 1795 500 1825 sancti
529 1799 637 1836 patres
661 1793 796 1824 elericos
819 1805 859 1824 ex
884 1792 987 1823 heresi
1011 1803 1185 1823 conversos
1209 1792 1321 1822 iterum
1347 1790 1488 1821 ordinari
1513 1791 1734 1831 permiserunt,

93 1845 154 1876 nisi
170 1844 383 1877 paulianistas
407 1851 438 1877 et
461 1845 541 1877 alios
565 1845 758 1883 huiusmodi,
784 1845 838 1886 qui
863 1855 925 1874 non
950 1843 1106 1874 catholico
1131 1854 1219 1873 more
1235 1843 1468 1873 invocationem
1487 1847 1615 1871 sanctae
1632 1840 1734 1870 Trini-

93 1897 167 1927 tatis
190 1897 321 1937 faciunt‚
353 1908 434 1939 quos
465 1898 561 1928 etiam
592 1897 749 1939 baptizari
780 1898 951 1927 iusserunt.
998 1895 1065 1926 Nec
1089 1895 1145 1925 hos
1169 1895 1278 1935 utique
1302 1893 1500 1924 reordinatos
1525 1892 1573 1922 vel
1596 1892 1733 1932 rebapti-

94 1953 181 1979 zatos
204 1954 424 1990 competenter
447 1948 599 1987 dicimus,
625 1959 697 1979 cum
721 1949 752 1978 in
775 1947 931 1978 catholica
947 1946 1119 1977 aecclesiar
1142 1957 1201 1976 nec
1224 1956 1282 1987 pro
1306 1945 1466 1985 baptismo
1491 1954 1549 1973 nec
1573 1953 1630 1984 pro
1654 1943 1734 1972 ordi-

95 1999 221 2030 natione
245 2005 457 2042 computetur,
489 2000 574 2042 quod
605 2000 729 2042 absque
752 2000 954 2030 invocatione
979 2004 1108 2028 sanctae
1132 1997 1299 2027 Trinitatis
1323 1995 1508 2037 percepisse
1532 1994 1732 2033 deteguntur.

96 2049 268 2082 Sciendum
285 2057 402 2091 autem,
427 2051 512 2093 quod
537 2062 658 2089 eorum,
683 2051 736 2092 qui
761 2061 802 2081 ex
826 2049 947 2080 heresiS
973 2046 1217 2087 convertuntur,
1236 2046 1288 2077 alii
1306 2047 1367 2076 iam
1386 2047 1417 2076 in
1434 2045 1569 2076 aeclesia
1586 2044 1733 2082 ordinati,

95 2107 206 2144 postea
227 2103 259 2133 in
275 2093 420 2134 ⁴heresim
444 2102 527 2144 lapsi
551 2108 638 2141 sunt;
662 2102 715 2133 alii
740 2103 771 2132 in
794 2102 864 2143 ipsa
888 2101 990 2132 heresi
1015 2099 1151 2130 ordinati
1175 2104 1258 2129 sunt.
1293 2098 1357 2136 Qui
1381 2108 1457 2138 ergo
1479 2102 1549 2138 post
1565 2101 1733 2136 acceptum

96 2152 239 2185 ordinem
262 2153 363 2196 lapsit
388 2160 471 2194 sunt,
503 2155 623 2185 reversi
654 2165 726 2184 eum
758 2153 869 2184 ordine
901 2152 998 2193 recipi
1024 2156 1167 2192 possunt,
1200 2149 1254 2180 sed
1286 2149 1407 2190 absque
1438 2158 1494 2189 spe
1526 2148 1734 2189 promotionis

90 2204 186 2236 -iuxta
215 2211 369 2237 statutum
402 2206 595 2236 sanctissimi
621 2215 724 2246 papae
748 2204 901 2235 Leonis⁹z
937 2204 1060 2241 0111711'8,
1090 2202 1203 2243 inquit,
1232 2200 1402 2231 cuiuslibet
1433 2199 1568 2238 ordinis
1589 2199 1733 2235 clericus,

97 2257 154 2298 qui
175 2257 366 2289 catholicam
390 2258 538 2289 deserens
561 2258 736 2287 hereticae⁵
762 2267 793 2287 se
817 2255 1039 2287 communioni
1061 2253 1235 2291 miscuerit,
1266 2252 1296 2282 si
1325 2251 1369 2281 ad
1398 2250 1566 2281 aeclesiam
1588 2260 1734 2280 reversus

204 2351 230 2383 a)
251 2352 397 2384 imponitur
418 2352 442 2377 8.
517 2352 545 2383 b)
568 2353 623 2376 Iac.
637 2355 705 2384 patr.
720 2351 746 2375 8.
823 2350 850 2381 c)
871 2358 922 2374 om.
943 2350 968 2374 8.
1045 2349 1073 2379 d)
1093 2349 1149 2372 sive
1170 2347 1194 2372 Β.
1272 2348 1296 2375 e)
1316 2347 1378 2371 item
1400 2346 1426 2371 8.
1500 2345 1521 2376 s)
1543 2352 1616 2369 cons.
1631 2352 1694 2368 sem.
1709 2344 1734 2370 8.

95 2395 125 2427 g)
145 2404 177 2420 ex
195 2398 370 2430 capitulorum
390 2407 457 2423 corr.
474 2399 498 2423 7.
519 2408 522 2411 ⁴
574 2398 738 2429 h)V1usxu³
759 2397 784 2423 8.
859 2396 879 2428 i)
902 2400 948 2421 att.
969 2395 995 2420 8.
1069 2394 1100 2424 k)
1120 2402 1152 2419 ecc
1172 2393 1317 2425 appellavit
1337 2401 1403 2416 corr.
1421 2392 1443 2415 7.
1520 2390 1541 2421 l)
1563 2390 1695 2415 ordinaria
1710 2390 1734 2414 8.

97 2439 135 2475 m)
155 2442 211 2469 ord.
231 2451 289 2468 esse
307 2447 469 2476 putaverunt
488 2443 513 2469 8.
617 2445 648 2473 n)
668 2443 738 2475 quod
759 2443 784 2468 8.
878 2442 904 2473 ο)
926 2441 1098 2465 introducens
1119 2440 1143 2464 8.
1238 2440 1265 2471 p)
1289 2439 1357 2462 enim
1379 2437 1443 2461 add.
1465 2436 1489 2460 8.
1584 2436 1610 2468 q)
1633 2435 1688 2459 ord.
1710 2435 1734 2459 8.

95 2487 121 2518 r)
140 2487 210 2513 decet
231 2489 255 2514 ’1.
329 2490 354 2520 s)
375 2498 404 2515 er
423 2490 448 2515 8.
524 2489 547 2521 t)
568 2491 794 2521 apostataverunt,
814 2489 836 2512 si
857 2488 1004 2514 necessitas
1024 2486 1171 2510 aecclesiae
1193 2485 1316 2516 exegerit,
1338 2491 1396 2507 cum
1418 2482 1510 2507 eodem
1532 2482 1588 2506 ord.
1609 2482 1634 2505 8.

204 2562 233 2596 1)
259 2563 288 2590 V.
310 2573 400 2598 ,supra
417 2573 450 2599 p.
468 2564 517 2591 57.
641 2564 671 2598 2)
695 2563 727 2588 L.
751 2563 769 2590 l.
803 2562 875 2588 Item
899 2560 997 2587 Affrie.
1021 2576 1061 2579 —
1086 2559 1269 2585 constituisse
1292 2561 1415 2584 testatur
1438 2566 1471 2582 ex
1494 2556 1643 2582 Hz'nrmari
1664 2555 1734 2579 libro

99 2612 131 2638 de
152 2614 241 2639 variis
263 2615 395 2648 capitulis
419 2616 571 2643 ecclesiast.
589 2625 611 2641 c.
631 2616 678 2646 1s‚
704 2624 728 2640 r.
750 2614 882 2640 Turrimz.
900 2613 918 2637 l.
932 2613 955 2644 l,
973 2622 996 2638 c.
1014 2612 1058 2643 15,
1080 2621 1110 2645 p.
1125 2611 1173 2637 57.
1241 2610 1270 2644 3)
1295 2610 1324 2636 C.
1343 2610 1380 2635 68
1397 2608 1470 2642 (67),
1494 2617 1518 2634 υ.
1536 2615 1621 2640 supra
1641 2614 1670 2638 p.
1686 2605 1733 2630 103,

97 2663 269 2698 Itaqueiam
285 2666 457 2693 Hincmarus
480 2666 552 2692 hunc
575 2675 706 2692 canonem
729 2665 866 2698 iride-(frum
891 2673 942 2689 non
963 2663 1090 2696 protulit.
1157 2662 1186 2695 4)
1210 2662 1265 2695 Ep.
1281 2670 1357 2695 spur.
1376 2669 1398 2685 c.
1417 2660 1443 2691 6,
1462 2658 1612 2684 Hinschz'us
1623 2666 1654 2690 p.
1670 2656 1734 2681 132.

99 2713 129 2749 5)
150 2715 215 2742 Post
237 2716 356 2744 indicem
377 2718 571 2752 capitulorum,
596 2717 749 2743 Hinschius
767 2725 799 2749 p.
817 2715 865 2741 27.
934 2715 962 2749 6)
986 2713 1013 2740 V.
1030 2723 1118 2747 snpra
1138 2723 1168 2747 p.
1184 2713 1231 2745 5³3,
1251 2715 1306 2738 not.
1322 2712 1349 2737 G.
1417 2710 1445 2743 7)
1470 2710 1499 2736 C.
1519 2709 1554 2739 8;
1579 2700 1735 2732 hernaldus

98 2767 247 2793 versionem
271 2768 406 2802 Dionysii
433 2771 563 2803 sequutus
593 2777 661 2799 earn,
693 2776 764 2800 quae
789 2767 818 2792 irz
847 2766 1006 2792 collectione
1029 2765 1160 2798 Hispana
1183 2766 1207 2790 et
1230 2762 1398 2788 I's.-Isz'‹lori
1420 2761 1528 2794 leyitur,
1553 2757 1733 2792 rnprehenclit.

101 2815 130 2850 8)
152 2817 206 2850 Ep.
230 2819 269 2844 ad
298 2819 410 2845 Victric.
435 2829 459 2846 c.
484 2819 510 2851 8,
536 2819 634 2845 Blansi
655 2821 673 2844 t.
692 2818 748 2849 III,
773 2818 824 2846 col,
847 2816 934 2842 1034.
1029 2816 1058 2849 9)
1082 2814 1207 2840 Rubrica
1231 2823 1247 2840 α
1272 2812 1408 2845 Dionysio
1431 2820 1471 2845 ep.
1492 2810 1537 2841 18,
1561 2809 1602 2835 etl.
1629 2807 1732 2833 Ifaller.

100 2867 124 2900 Ῑ,
147 2869 199 2894 col.
217 2869 294 2903 729,·
316 2869 401 2904 Jaffe
423 2879 466 2897 nr.
484 2870 554 2896 416.
574 2869 743 2904 praemissa.

1747 303 1803 320 (Gen.
1814 303 1847 321 ,ls-

1764 331 1839 350 14.1:'›.

1745 371 1789 391 rii)

1746 400 1896 418 Matinlsthl.

1753 1592 1800 1616 (18)
