2101 3072
330 671 753 728 ADDENDA
800 671 905 728 ET
952 671 1516 730 EMENDANDA.

775 835 837 866 AD
861 834 1025 867 TOMUM
1046 836 1071 867 Ι.

484 904 600 936 Petri
624 905 817 936 Damiani
840 905 1111 947 Disceptatio
1136 905 1357 947 synodalis.

205 965 240 998 P.
258 965 392 997 77—94.
439 965 489 1006 Cf.
513 977 597 1008 quae
619 977 726 1008 nuper
750 965 1095 1008 Scheffer-Boiclzorst
1118 967 1398 1009 (fflffz'tthez'lunyen
1429 967 1483 998 des
1507 967 1657 998 Instituts
1675 968 1741 1007 fu‘r

64 1028 78 1047 5
105 1017 314 1050 Oesterreich.
340 1016 720 1060 Gesclzichtsforsclzuny'
743 1018 836 1058 XIII,
854 1030 889 1060 p.
909 1017 1091 1057 129—137)
1116 1018 1153 1049 de
1177 1019 1266 1056 vilio,
1299 1030 1360 1060 quo
1384 1019 1462 1049 haec
1485 1019 1582 1050 editio
1603 1019 1742 1059 laborat,

100 1070 283 1110 adnotavit,
312 1081 384 1100 cum
413 1074 529 1100 auctor
550 1070 621 1100 eius
650 1081 752 1111 neque
773 1069 921 1101 Baronii
944 1069 1115 1100 editionem
1136 1071 1320 1112 principem
1345 1070 1485 1110 (Annal.
1509 1070 1616 1101 eccles.
1640 1075 1660 1101 t.
1677 1069 1741 1110 XI)

99 1132 201 1165 neque
224 1121 306 1152 duos
330 1121 454 1152 codices
477 1121 646 1152 Romanos
668 1121 702 1153 S.
719 1121 807 1152 Petri
829 1126 857 1153 et
880 1121 1129 1152 ‘slttobonz'anum
1153 1121 1351 1153 adhibuerit.

310 1213 528 1246 Humberti
552 1214 784 1245 cardinalis
807 1213 908 1244 libri
933 1213 992 1245 III
1015 1213 1222 1245 adversus
1247 1215 1526 1256 symoniacos„

203 1274 240 1306 P.
258 1274 328 1315 116,
351 1275 371 1306 l.
388 1275 504 1306 5—10.
550 1275 670 1306 Verba:
693 1274 808 1306 Manus
824 1295 864 1299 —
881 1279 1081 1306 sacramenta
1104 1286 1143 1307 επ
1166 1276 1301 1307 Eusebz'i
1318 1287 1431 1317 papae
1453 1277 1544 1317 epist.
1562 1275 1624 1315 III,
1648 1277 1666 1315 ξ
1689 1275 1740 1315 21,

15 1347 26 1361 x
51 1337 78 1356 ιο
98 1325 284 1358 Hinschius
302 1337 338 1368 p.
355 1327 427 1358 242.
450 1332 581 1368 sumpta
603 1331 689 1358 sunt.
724 1327 758 1358 S.

541 1419 780 1460 Manegoldi
803 1419 849 1450 ad
874 1419 1165 1451 Gebehardum
1189 1419 1307 1451 liber.
1472 1460 1486 1470 Ι

201 1470 238 1502 Ρ.
254 1471 326 1502 302.
371 1471 421 1502 De
443 1471 641 1512 Illaneqoldo
664 1471 902 1502 Lutenbacensi
932 1483 1039 1513 nuper
1061 1472 1179 1512 fusius
1207 1473 1273 1513 eqz‘t
1296 1471 1422 1502 Paulus
1445 1471 1577 1502 ‘Etudes
1605 1471 1741 1502 novelles

97 1533 157 1553 sur
183 1523 363 1564 Maneyold
393 1523 432 1554 de
460 1522 683 1563 Lautenbach,
713 1523 824 1554 Revue
854 1523 971 1555 cathol.
996 1523 1170 1564 cl'Alsace’,
1195 1523 1286 1563 1886,
1311 1533 1347 1563 p.
1364 1522 1540 1554 *209—221.
1564 1521 1741 1553 279—289.

97 1573 275 1606 337—345.
310 1573 345 1606 S.

50 1704 77 1723 ιε,
359 1675 365 1680 ’
764 1695 825 1726 AD
849 1694 1013 1726 TOMUM
1037 1673 1086 1727 ΗΓ

485 1764 641 1796 Libelli
665 1764 860 1796 Bernaldi
884 1765 1129 1807 presbyteri
1153 1765 1356 1796 monaehi.

204 1826 238 1857 P.
255 1826 284 1865 8,
307 1826 328 1857 l.
345 1825 396 1857 33.
419 1826 464 1857 ad
486 1826 584 1857 verba
606 1827 716 1867 magni
739 1826 911 1857 Athanasii
934 1825 1071 1867 presulis
1088 1825 1300 1857 Alexandrini
1323 1830 1354 1856 et
1377 1824 1477 1855 Marci
1500 1834 1604 1867 papae
1628 1829 1741 1855 notan-

99 1878 176 1909 dum
198 1883 261 1909 cst:
286 1878 412 1909 Decret.
436 1877 669 1909 Pseudo-Isid.
693 1878 741 1908 ed.
766 1877 949 1909 Hinschius
967 1890 1003 1919 p.
1024 1879 1092 1909 151.
1139 1878 1278 1908 Thaner.

204 1928 239 1962 P.
256 1929 313 1967 41,
336 1941 368 1960 n.
385 1929 415 1960 2.
444 1929 580 1970 supple:
605 1929 716 1960 Sermo
739 1929 794 1969 88,
818 1932 836 1969 ξ
865 1930 916 1968 19,
947 1928 1030 1970 Opp.
1056 1929 1103 1960 ed.
1128 1929 1251 1960 Benecl.
1275 1934 1296 1960 t.
1319 1928 1349 1968 V,
1372 1928 1431 1960 col.
1447 1927 1529 1966 479;
1564 1927 1605 1968 cf.
1630 1927 1740 1959 Libell.

51 1990 79 2010 2⁰
98 1980 126 2020 I,
146 1991 182 2022 p.
198 1980 271 2021 511,
294 1992 327 2011 n.
347 1982 373 2012 1.
419 1981 476 2012 Th.

205 2031 240 2063 P.
257 2032 308 2072 54,
331 2031 352 2064 l.
368 2032 397 2063 3.
422 2032 466 2063 ad
489 2032 618 2063 verbum
641 2031 818 2063 differenda
842 2032 1021 2062 notandum
1045 2038 1087 2063 est
1112 2031 1243 2063 ferenda
1266 2032 1366 2063 Dion.

204 2084 239 2115 P.
254 2083 306 2123 57,
329 2095 362 2115 n.
378 2094 420 2114 m.
444 2084 580 2125 supple:
603 2084 645 2124 cf.
672 2083 762 2115 Tkiel
781 2095 816 2125 p.
834 2084 906 2123 623,
929 2095 961 2114 n.
978 2085 1029 2114 41.
1082 2084 1138 2114 le.

206 2135 240 2167 P.
260 2135 330 2176 140,
353 2136 373 2168 l.
389 2136 440 2167 40.
465 2136 510 2166 ad
532 2136 629 2167 verba
652 2145 738 2177 papa
761 2134 868 2166 Leone
892 2136 1072 2166 notandum
1096 2141 1157 2167 est:
1185 2136 1291 2177 Epist.
1311 2135 1380 2173 119,
1404 2147 1430 2165 c.
1447 2134 1476 2174 3,
1505 2134 1552 2165 ed.
1576 2133 1743 2164 Ballerini

98 2192 119 2219 t.
135 2187 163 2228 I,
185 2188 244 2219 col.
262 2187 363 2227 1214;
387 2187 430 2228 cf.
454 2186 564 2218 Libell.
581 2187 608 2227 I,
628 2198 664 2228 p.
681 2187 753 2225 393,
777 2198 808 2217 n.
824 2187 854 2217 4.
906 2186 962 2217 Th.

51 2248 79 2268 25
205 2239 240 2270 P.
260 2239 330 2279 146,
352 2251 384 2270 n.
403 2239 430 2270 1.
454 2238 659 2270 Bernalclum
689 2244 852 2270 auctorem
878 2237 1049 2279 Illzfcrolofi
1077 2250 1143 2269 esse
1167 2238 1200 2269 P.
1219 2238 1251 2270 S.
1270 2238 1416 2268 Bdumer
1438 2248 1513 2268 moa:
1539 2237 1742 2278 probaturus

99 2295 164 2330 θείς
188 2291 230 2331 cf.
254 2290 372 2322 ‘Neues
394 2290 526 2322 Arclziv’
550 2290 653 2331 XVII,
673 2302 708 2331 p.
724 2290 795 2321 457.
848 2289 903 2320 le.

446 2383 687 2415 Altercatio
711 2384 820 2414 inter
843 2381 1049 2414 Urbanum
1075 2388 1113 2413 et
1137 2381 1400 2414 Clementem.

211 2444 246 2476 P.
272 2443 341 2484 171,
364 2455 396 2475 n.
419 2444 467 2476 15.
497 2444 600 2475 adde:
629 2444 667 2475 de
695 2444 899 2475 institutione
928 2445 1074 2474 oratoria
1103 2443 1123 2474 l.
1141 2443 1214 2482 XII,
1239 2455 1264 2474 c.
1282 2443 1310 2483 T,
1334 2446 1352 2483 ξ
1376 2443 1415 2474 S:
1445 2442 1540 2482 Quod
1570 2454 1610 2474 ex
1641 2443 1744 2484 prima

100 2497 207 2528 statim
230 2495 334 2527 fronte
358 2495 535 2527 diiudicare
559 2495 808 2537 imprudentium
834 2500 891 2526 est.
937 2495 970 2525 S.

52 2597 80 2617 ³0
103 2588 292 2620 Benonis
316 2588 572 2631 aliorumque
598 2587 868 2619 cardinalium
893 2587 1239 2618 schismaticorum
1264 2594 1397 2619 contra
1415 2587 1644 2629 Gregorium
1661 2586 1744 2619 VII.

655 2647 692 2671 et
716 2639 926 2671 Urbanum
951 2639 998 2670 II.
1024 2639 1195 2680 scripta.

210 2701 247 2734 P.
263 2701 335 2733 366.
365 2701 400 2735 L.
420 2701 603 2732 Betlzmann
635 2701 754 2740 (‘Pertz
777 2700 909 2732 Archiv'
940 2700 1026 2739 VIII,
1053 2712 1088 2741 p.
1110 2701 1189 2740 492)
1220 2701 1357 2732 codicem
1387 2701 1631 2733 Bruxellensem
1661 2700 1743 2732 3819

104 2753 287 2794 (quondam
319 2752 517 2792 Cusanum),
549 2753 605 2793 qui
632 2752 828 2783 Burchardi
857 2763 1000 2783 canones
1031 2753 1183 2792 continet,
1213 2753 1252 2784 ab
1283 2753 1387 2784 eodem
1419 2754 1557 2784 librario
1587 2753 1740 2793 scriptum

101 2816 166 2836 esse
189 2804 378 2844 observavit,
402 2805 457 2835 cui
479 2804 640 2835 Benonem
667 2804 824 2835 debemus.
