2080 3047
159 1506 165 1521 ί

185 1505 278 1524 RQ..)

331 124 391 153 Tm)
641 121 822 149 GOFFRIDI
846 118 1009 146 ABBATIS
1032 117 1332 145 VINDOCINENSIS
1356 116 1542 144 LIBELLUS
1565 117 1646 144 VIII.

329 216 481 245 veniatur.
537 212 617 243 Sunt
646 211 775 252 quidam
807 208 951 250 episcopi
981 208 1034 249 qui
1066 218 1122 248 pro
1151 205 1430 238 benedictionibus
1457 205 1610 237 abbatum
1640 206 1700 238 sub
1731 207 1860 238 nomine
1892 218 1962 249 pro-

329 266 473 296 tes-sionis
501 263 540 294 ab
570 263 614 293 eis
642 262 777 302 exigunt
805 259 889 301 quod
913 264 961 290 est
983 258 1156 289 christiane
1179 257 1371 299 professioni
1394 256 1487 288 valde
1511 259 1739 289 contrarium1.
1782 257 1863 289 Nam
1889 269 1962 290 cum

329 317 481 357 professio
505 314 566 345 alia
591 315 621 345 in
646 313 755 343 divina
777 310 871 342 laude
896 311 946 349 sit,
969 310 1031 340 alia
1049 320 1106 351 pro
1123 314 1328 351 peccatorum
1347 308 1562 350 deposicione,
1585 309 1647 339 ista
1669 307 1797 340 laudem
1814 309 1877 341 Dei
1900 320 1964 341 non

328 368 411 398 tacit.
444 366 498 396 sed
530 365 653 405 minuit,
684 374 742 394 nec
774 362 905 404 deponit
935 366 1075 403 peccata,
1107 360 1161 392 sed
1192 360 1336 402 apponit.
1382 360 1449 391 Nee
1478 370 1568 391 sacre
1596 359 1672 391 fidei
1696 360 1852 402 professio
1877 365 1964 393 recto

328 418 473 448 nomine¹¹
497 416 622 455 (licitur,
647 414 703 445 sed
719 413 901 446 execranda
918 413 1098 455 promissio,
1122 422 1205 454 quae
1228 411 1334 443 claves
1357 410 1531 442 aecclesiae
1554 412 1698 453 agitare²
1721 417 1754 443 et
1775 413 1906 444 unicum
1927 423 1965 443 ac
1984 425 1997 444 ⁵

326 468 485 510 singulare
515 468 583 499 eius
613 467 729 498 ostium
753 465 872 496 violare
899 470 1041 495 conatur.
1086 463 1152 494 Ista
1183 474 1286 505 neque
1310 463 1444 494 veritate
1473 473 1578 504 neque
1607 464 1796 495 auctoritate
1826 464 1966 503 inventa,

325 519 380 550 sed
405 518 634 550 consuetudine
657 523 688 548 ct
711 517 874 547 hominum
891 515 1067 558 cupiditate
1084 520 1220 556 reperta,
1243 513 1361 556 triplici
1380 525 1499 555 genere
1515 515 1682 556 symoniae
1696 521 1807 546 contra
1822 520 1964 548 sanctam

325 571 511 602 aecclesiam
530 570 697 606 iaculatur,
721 569 872 610 quoniam
897 567 1043 609 symonia
1065 577 1084 596 a
1107 565 1226 607 lingua,
1250 566 1397 608 symonia
1418 576 1437 596 a
1460 575 1566 605 manu,
1589 567 1738 608 symonia
1753 567 1794 598 ab
1810 566 1966 610 obsequio

327 623 368 653 ibi
392 622 609 653 committitur.
655 621 712 651 Est
734 631 752 650 a
775 619 895 660 lingua,
919 630 990 650 cum
1015 617 1144 660 publice
1160 618 1312 648 recitatur
1328 616 1381 648 illa
1398 617 1586 659 promissi0;
1610 617 1645 648 fit
1666 628 1685 648 a
1707 628 1815 657 manu,
1838 617 1966 661 quando
2052 655 2059 661 „

326 680 421 712 carta,
453 684 515 715 qua
543 673 731 710 continetur,
763 672 883 712 scripta
913 670 1041 711 ponitur
1069 680 1166 710 super
1193 668 1307 709 altare,
1339 669 1375 700 fit
1397 667 1437 700 ab
1462 669 1627 711 obsequio,
1656 679 1729 700 cum
1753 670 1860 712 ipsum
1884 669 1965 702 male
1987 681 2013 700 10

327 726 518 766 promissum
551 724 759 755 subiectionis
790 722 978 763 obsequium
1010 721 1190 751 servaturb.
1235 720 1299 759 Qui
1323 720 1369 751 sic
1393 721 1462 762 agit
1485 720 1617 751 forsitan
1649 720 1741 752 dicit:
1772 721 1846 752 ‘Pro
1871 720 1965 754 bene·

327 776 466 807 dictione
482 787 544 806 non
562 786 660 817 quero
677 773 872 816 pecuniam’:
896 774 993 803 immo
1017 772 1094 803 satis
1117 771 1256 813 amplius
1272 772 1384 812 exigit,
1409 773 1485 813 quia
1502 771 1641 804 hominis
1657 782 1838 814 personam.
1877 772 1966 804 Sicut

325 829 429 858 anima
454 827 525 868 plus
549 833 596 858 est
619 837 714 868 quam
740 836 868 866 corpus,
892 825 936 854 ita
960 835 1077 866 corpus
1101 822 1196 854 simul
1219 828 1251 854 et
1273 823 1390 862 anima,
1413 827 1480 854 tota
1493 823 1645 855 videlieet
1667 823 1805 855 hominis
1827 834 1966 866 persona

326 879 422 910 multo
454 879 524 920 plus
554 884 602 910 est
629 889 722 920 quam
748 878 815 908 eius
840 876 987 918 pecunia.
1033 875 1152 906 Divina
1180 874 1251 915 lege
1283 879 1314 905 et
1342 874 1512 906 manifesta
1542 876 1665 906 ratione
1695 874 1859 917 probatur,
1889 876 1966 919 quia

325 930 507 961 benedictio
538 930 668 961 minime
699 929 792 960 datur
821 928 921 969 gratis
952 938 1046 969 quam
1078 926 1243 968 praecedit
1271 925 1397 957 abbatis
1428 926 1482 956 illa
1511 927 1714 969 proscrspfio,
1745 933 1780 958 ut
1802 926 1889 970 quod
1913 927 1965 959 de·
1986 938 2012 958 15
2057 943 2064 951 v

324 983 443 1013 siderat
474 986 670 1023 assequatur.
716 980 787 1011 Non
817 980 901 1010 enim
933 978 1053 1010 faceret
1081 977 1177 1017 illam,
1209 978 1235 1008 si
1259 976 1418 1019 repulsam
1450 988 1514 1009 non
1544 982 1718 1020 pateretur.
1761 977 1845 1010 Illud
1869 979 1965 1011 etiam

325 1033 409 1075 quod
433 1034 550 1064 bonum
575 1037 623 1064 est
646 1032 680 1063 fit
703 1031 950 1073 perniciosum0,
975 1041 1046 1061 eum
1064 1030 1261 1071 promittitur
1284 1040 1347 1060 non
1372 1029 1463 1070 bene,
1483 1029 1534 1060 vel
1557 1029 1639 1061 male
1662 1030 1848 1072 suscipitur.
1882 1030 1964 1062 Nam

323 1085 492 1127 pecuiiia⁶‚
523 1095 617 1126 quam
644 1084 764 1124 Syrnon
790 1093 902 1123 magus
927 1081 1041 1123 optulit
1064 1082 1169 1121 Petro,
1199 1080 1283 1112 bona
1307 1080 1434 1123 quidem
1460 1086 1536 1121 erat,
1565 1081 1621 1112 sed
1645 1082 1722 1124 quia
1744 1081 1826 1113 male
1849 1081 1966 1124 optulit

324 1136 420 1174 illam,
444 1136 636 1178 dampnatus
658 1146 676 1165 a
693 1134 788 1165 Petro
813 1133 1024 1175 praedicatur.
1070 1132 1112 1163 Et
1135 1132 1208 1163 ideo
1232 1143 1290 1164 nec
1314 1132 1505 1174 euangelica
1526 1144 1585 1165 nec
1608 1133 1774 1172 canonica,
1798 1133 1855 1166 sed
1876 1135 1964 1165 navi-

323 1187 441 1218 cularia
465 1193 513 1218 est
536 1186 589 1217 illa
611 1197 693 1228 quae
710 1186 827 1216 dicitur
843 1184 1038 1225 benedictio,
1061 1195 1158 1226 quam
1183 1195 1265 1226 quae
1289 1183 1367 1215 falso
1390 1185 1519 1215 nomine
1535 1191 1669 1216 vocatur
1692 1185 1850 1227 professio
1874 1196 1964 1228 prae·
1984 1197 2011 1216 20

322 1238 407 1270 cedit
437 1239 504 1270 sive
534 1237 748 1279 subsequitur.
801 1236 850 1268 Ibi
873 1236 1021 1267 venditur
1045 1235 1139 1266 simul
1162 1242 1193 1267 et
1215 1237 1333 1268 emitur
1355 1237 1494 1277 primum
1518 1236 1693 1268 aecclesiae
1716 1242 1963 1269 sacramentum.

323 1290 470 1321 Christus
493 1290 608 1321 etenim
634 1289 756 1330 primus
780 1287 840 1319 hoe
864 1293 1097 1319 sacramentum
1114 1299 1171 1330 per
1186 1294 1287 1319 semet
1303 1289 1408 1330 ipsum
1433 1287 1519 1328 fecit,
1542 1288 1815 1320 consecrationem
1839 1288 1964 1321 scilicet

321 1341 547 1383 apostolorum.
594 1341 763 1371 Praeterea
792 1339 955 1370 sciendum
986 1345 1035 1370 est
1062 1350 1120 1370 nec
1149 1339 1304 1371 oblivioni
1327 1339 1534 1378 tradendum,
1563 1339 1649 1382 quod
1677 1340 1864 1382 quicunque
1887 1340 1965 1372 emit

323 1393 520 1432 aecclesiam,
544 1392 715 1423 iudeorum
741 1391 917 1433 perfidiam,
947 1396 978 1422 et
1002 1391 1055 1433 qui
1079 1391 1189 1422 vendit
1212 1403 1293 1432 eam,
1323 1390 1508 1422 traditorem
1532 1391 1646 1422 Iudam
1675 1392 1827 1425 imitatur.
1871 1391 1964 1424 Iudei

323 1446 438 1476 etenim
463 1444 625 1475 Christum
657 1444 772 1474 emisse
802 1448 986 1483 noscuntur,
1017 1444 1070 1485 qui
1102 1449 1149 1474 est
1177 1448 1276 1485 caput
1299 1442 1484 1483 aecclesiae,
1509 1448 1540 1474 et
1562 1454 1635 1474 eum
1659 1442 1844 1475 vendidisse
1865 1443 1964 1475 Iudas
1983 1456 2010 1475 25

284 1505 301 1523 ῖ-
324 1497 452 1527 minime
483 1495 656 1526 dubitatur.
702 1495 765 1534 Qui
789 1501 885 1526 vero⁰
910 1506 968 1536 pro
992 1494 1100 1526 divino
1125 1494 1289 1526 misterio!
1313 1506 1428 1525 munus
1452 1495 1563 1536 exigit,
1587 1494 1680 1527 Giezi
1704 1495 1848 1537 sequitur
1869 1494 1963 1527 disci-

324 1547 432 1589 pulum
458 1546 602 1578 IIelisei8
626 1552 656 1578 et
679 1546 823 1577 Naaman
848 1546 934 1577 Sirih
962 1545 1081 1587 lepram
1111 1547 1329 1588 consequitur.
1376 1545 1521 1578 caveant
1548 1547 1647 1588 igitur
1674 1547 1821 1589 episcopi
1851 1551 1882 1580 et
1909 1547 1963 1580 ab·

325 1600 422 1637 bates,
445 1599 500 1640 qui
525 1598 596 1629 ideo
613 1597 765 1629 dicuntur
782 1597 903 1629 Christi
919 1597 1042 1637 vicarii,
1067 1599 1217 1640 quoniam
1236 1597 1354 1629 Christi
1373 1597 1547 1629 creduntur
1562 1609 1659 1639 agere
1675 1599 1772 1640 vices,
1794 1610 1835 1630 ne
1851 1603 1963 1630 contra

323 1650 440 1681 Christi
460 1651 693 1689 auctoritatem,
719 1650 773 1691 qui
793 1650 893 1690 gratis
910 1648 1021 1680 tribuit
1038 1650 1152 1680 eteius
1169 1660 1292 1690 vocem,
1316 1650 1370 1692 qui
1393 1650 1493 1691 gratis
1516 1650 1584 1680 dari
1609 1654 1717 1681 monet
1739 1656 1771 1682 et
1793 1650 1962 1692 praecipit,

321 1702 529 1744 cupiditatem
547 1702 615 1732 sive
632 1700 894 1732 consuetudinem
914 1706 1098 1742 sequantur,
1122 1712 1186 1743 qua
1201 1701 1282 1733 fides
1299 1701 1487 1742 aecclesiae,
1510 1701 1641 1733 libertas
1664 1707 1696 1733 et
1717 1703 1846 1733 castitas
1867 1701 1962 1733 simul
1982 1713 2010 1733 so

321 1754 544 1795 corrumpitur.
588 1753 658 1783 Non
678 1752 883 1784 mediocriter
899 1753 1010 1793 utique
1034 1752 1191 1794 delinquit
1215 1754 1399 1795 episeopus,
1423 1753 1484 1783 nisi
1508 1753 1608 1794 gratis
1633 1752 1771 1794 dederit3
1795 1758 1827 1784 et
1848 1752 1961 1795 abbas,

320 1806 379 1835 nisi
404 1805 504 1846 gratis
527 1805 697 1846 acceperit,
721 1803 866 1835 similiter
889 1804 1034 1845 peceati,
1060 1805 1133 1846 quia
1155 1803 1326 1836 facientem
1352 1809 1383 1836 et
1406 1803 1634 1847 obsequentem
1658 1815 1716 1846 par
1738 1805 1864 1847 poena*
1888 1815 1962 1837 con·

323 1857 488 1897 st1·ingit³;
513 1857 698 1897 etfaaeinus
722 1867 801 1897 quos
827 1857 990 1897 inquinat,
1015 1860 1163 1898 aequat⁴.

430 1957 457 1976 ιιι
479 1951 595 1983 sequitui·
615 1952 685 1975 lacus
706 1960 784 1976 rasus
804 1961 824 1976 c.
843 1952 873 1975 13
896 1951 1042 1976 lilim-arum
1063 1952 1088 1976 4.
1166 1951 1194 1979 b)
1213 1956 1304 1983 postea
1324 1961 1391 1977 corr.
1413 1961 1444 1978 ex
1465 1956 1571 1977 sevatur
1591 1953 1616 1977 4.
1692 1952 1718 1985 c)
1739 1953 1913 1986 pernitiosum
1933 1954 1960 1979 4.

324 2000 350 2026 d)
372 2007 444 2030 pecc.
466 1999 490 2022 4.
557 1999 581 2029 e)
605 2007 619 2021 v
639 1998 693 2022 Ioco
714 2007 774 2022 raso
795 1999 820 2021 3.
886 1998 907 2027 s)
929 2002 1004 2029 myst.
1025 1998 1049 2022 4.
1116 1997 1146 2029 g)
1167 1998 1242 2023 elisei
1262 1998 1287 2022 4.
1353 1997 1382 2030 h)
1405 1999 1462 2031 Syri
1483 2000 1508 2024 4.
1565 1998 1586 2031 i)
1606 2002 1685 2031 pecat
1704 1999 1729 2024 4.
1795 1999 1826 2031 k)
1845 2007 1916 2033 penu
1934 2000 1960 2026 4.
1979 2007 2008 2027 85

431 2089 456 2112 li
487 2087 531 2119 Cf.
556 2087 645 2121 Epist.
669 2087 688 2113 l.
711 2087 752 2119 ΙΙ,
779 2087 805 2113 7.
835 2088 872 2113 ad
903 2087 1013 2113 leonem
1042 2086 1202 2121 (Golesricli
1230 2087 1375 2116 vindocin.
1409 2088 1479 2122 Opp.
1503 2089 1546 2116 ed.
1569 2088 1703 2115 Sirmond
1727 2088 1817 2122 1610,
1839 2097 1872 2124 p.
1891 2088 1961 2123 60).-

322 2139 403 2170 ind
430 2138 482 2164 etsi
507 2147 558 2172 pro
584 2137 801 2164 consecratione
826 2137 1035 2171 professionem
1061 2143 1089 2163 et
1111 2138 1294 2172 professione
1318 2139 1354 2165 ab
1379 2139 1521 2166 alodiario
1545 2139 1624 2166 beati
1646 2139 1725 2166 Petri
1748 2138 1958 2167 subiectionem

322 2190 403 2215 vohis
434 2189 609 2222 vindicastis,
642 2188 888 2215 consecrationem
919 2189 1018 2223 utique
1050 2189 1127 2214 illam
1157 2189 1247 2223 gratis
1278 2190 1394 2217 minime
1425 2191 1616 2226 impendistis.
1667 2191 1732 2218 Non
1763 2190 1838 2218 enim
1868 2191 1958 2227 gratis

324 2241 506 2274 inqwnditur,
538 2250 589 2275 per
612 2241 688 2274 quod
712 2240 797 2266 homo
822 2239 929 2266 homini
954 2240 1102 2266 subiectus
1126 2240 1277 2270 efficiatur.
1330 2242 1363 2268 In
1391 2242 1574 2277 professione
1597 2242 1739 2278 siquidem
1762 2242 1813 2269 illa
1835 2242 1957 2270 consilio

324 2297 417 2317 vostro
443 2291 529 2317 nimia
554 2291 737 2325 simplicitate
762 2291 902 2325 acquievi,
927 2291 975 2317 ubi
1001 2291 1109 2326 siquid
1133 2292 1218 2318 aliter
1234 2296 1328 2319 actum
1346 2296 1398 2326 est,
1422 2302 1473 2320 vos
1496 2294 1622 2321 scienter
1636 2293 1760 2328 fecistis3
1784 2302 1838 2330 ego
1861 2297 1957 2321 autem
1976 2301 2005 2320 ⁴0

323 2343 488 2369 imminutor
512 2343 627 2376 peccari
652 2346 702 2369 etc.
747 2343 837 2376 J-insf.
861 2343 880 2368 l.
905 2343 946 2374 ΙΙ,
974 2344 1021 2368 11.
1047 2344 1084 2369 ad
1108 2344 1218 2370 leonem
1243 2344 1262 2371 l.
1279 2345 1297 2371 I.
1317 2354 1348 2378 p.
1367 2345 1423 2370 67.-
1453 2345 1599 2372 Professio
1629 2354 1713 2381 quam
1743 2353 1761 2371 a
1787 2353 1832 2372 me
1863 2345 1957 2372 adhuc

324 2394 425 2418 iuwnv
451 2397 475 2418 et
501 2394 608 2419 noxitio
634 2393 802 2426 extorsistis,
827 2394 967 2429 regularis
991 2394 1105 2420 minime
1123 2395 1177 2421 fuit
1193 2403 1314 2430 eamque
1337 2395 1441 2422 fecisse
1465 2401 1615 2431 peccatum
1641 2396 1734 2423 extitit
1757 2400 1786 2423 et
1808 2396 1957 2432 accepisse

324 2444 523 2470 iri-clicinsuni.
569 2445 638 2470 Nam
666 2445 686 2469 si
712 2454 763 2479 pru
789 2445 1003 2478 bencdictione,
1029 2454 1111 2480 quam
1137 2446 1253 2473 omnino
1278 2446 1367 2479 gratis
1392 2447 1460 2473 dare
1485 2448 1636 2482 debuistis,
1660 2448 1822 2483 usurpastis
1843 2447 1955 2483 profes-

323 2495 430 2520 sionem
456 2500 481 2519 vt
507 2505 557 2529 pru
582 2496 765 2529 professione
791 2496 826 2520 :ih
853 2497 992 2522 :ih-diario
1017 2497 1094 2523 beati
1112 2497 1189 2523 Petri
1215 2498 1328 2531 exigitis
1352 2498 1571 2533 subiectionem,
1594 2499 1719 2534 profana
1739 2499 1795 2526 fuit
1816 2499 1868 2526 illa
1889 2507 1955 2535 pro-

324 2546 410 2571 fossio
444 2551 467 2571 rt
502 2546 566 2571 inleo
598 2556 652 2571 nou
685 2548 825 2576 tenentia:
861 2548 994 2581 quoniam
1027 2549 1207 2583 subsequens
1239 2549 1419 2582 benedictio,
1456 2559 1540 2584 quam
1576 2549 1745 2577 exhibuistis
1777 2550 1956 2578 navicularia
1973 2559 2002 2579 45

323 2597 418 2630 potius
449 2597 560 2623 videtur
592 2607 673 2631 quani
707 2599 794 2631 gratis
827 2599 906 2625 data:
938 2599 1171 2634 quandoquidem
1203 2609 1255 2634 pro
1286 2600 1335 2626 illa
1364 2602 1554 2635 temporalem
1578 2602 1740 2629 mercedem
1764 2611 1826 2629 cum
1849 2602 1955 2630 iniuria

323 2648 386 2673 tiilvi
413 2648 565 2682 christianus
591 2649 703 2677 oxima-a*
727 2659 781 2674 nun
808 2650 985 2676 erubescitis.
1075 2652 1104 2684 2)
1130 2651 1251 2678 Libellus
1269 2653 1291 2684 Ι,
1315 2662 1401 2686 supra
1423 2663 1452 2687 p.
1472 2654 1540 2679 1382.
1634 2652 1664 2689 3)
1690 2653 1734 2687 Cf.
1757 2654 1843 2681 Lucii
1863 2654 1954 2690 Epist.

365 2699 377 2723 'a‘
404 2700 459 2732 (cd.
486 2700 633 2725 llinscliins
655 2710 683 2733 1».
706 2701 759 2726 175·
785 2711 791 2725 :
816 2711 866 2734 par
891 2701 963 2726 ··uim
988 2711 1082 2735 poena
1107 2707 1133 2727 ct
1159 2706 1278 2737 agentes
1303 2708 1330 2729 rt
1355 2703 1569 2731 consentientes
1593 2704 1827 2739 conquebendiss
1851 2705 1956 2732 Libellt‘

324 2751 345 2777 Ι.
368 2760 395 2783 γ.
415 2751 481 2775 ,gs-a,
572 2752 599 2776 4=
625 2752 729 2777 Ι.ιιι“ιιη.
756 2753 851 2779 ΙἺιιινε.
875 2753 903 2785 l',
929 2753 998 2779 (290.
