2132 3067
57 719 83 738 10

54 975 79 994 15

53 1232 80 1251 20

49 1489 84 1521 25v

557 155 579 181 1.
618 156 668 181 DE
694 155 997 184 INCONTINENTIA
1022 158 1290 187 SACERDOTUM.
1705 162 1744 192 23

104 242 369 286 recuperabiliter
391 243 694 274 anathematizatum
716 250 884 276 constaret.
974 246 1084 276 Nullus
1108 253 1212 278 autem
1232 250 1452 280 Sozomenista
1477 262 1600 282 summo
1619 252 1743 284 Medico

103 301 151 327 est
174 294 423 336 comparandus,
449 295 524 336 quia
548 294 632 324 nullo
658 295 753 325 modo
778 296 846 326 sine
870 307 927 326 sua
953 298 1093 338 pernicie
1118 299 1183 329 suis
1207 299 1291 330 favet
1315 301 1526 334 auditoribus,
1551 304 1635 344 quod
1654 305 1744 345 ipsc³

103 347 177 378 fecit
204 345 368 377 Christus:
399 356 458 376 nec
481 345 589 376 domni
614 346 783 387 apostolici
807 343 980 378 auctoritas
1005 349 1175 385 minuetur,
1199 351 1322 380 etiamsi
1348 352 1483 393 quilibet
1508 356 1608 393 magis
1632 356 1744 395 perire,

103 409 197 440 quam
223 397 408 439 apostolicis
439 397 695 427 institutionibus
727 397 857 428 obedire
885 406 1026 438 conetur,
1056 411 1113 441 pro
1145 413 1208 443 quo
1239 403 1332 432 etiam
1366 405 1468 434 orarih
1502 405 1647 445 prohibet
1679 408 1746 448 ipse

102 448 328 480 dilectissimus
352 448 500 479 Domini:
531 449 599 487 Est,
624 450 737 490 inquit,
759 456 926 490 peccatum
953 451 996 481 ad
1019 457 1157 489 mortem,
1183 465 1247 483 non
1273 453 1352 489 (lico,
1379 460 1409 483 ut
1435 458 1507 495 quis
1531 462 1596 485 ow!
1617 470 1678 498 pro
1701 469 1743 488 ea.

102 500 169 542 Ipsi
193 499 344 531 videlicet
367 499 445 530 tales
469 499 509 529 ad
535 510 589 530 cor
612 506 810 531 revertentes
840 502 947 542 potius
979 513 1036 543 pro
1067 514 1100 533 se
1131 510 1161 534 et
1190 514 1247 544 pro
1278 504 1347 534 aliis
1376 505 1491 536 debent
1524 518 1623 545 orare,
1655 509 1743 552 litae]

103 551 258 582 dicentes:
288 552 418 591 Omnia,
450 562 534 592 quae
547 551 665 592 fecisti
691 551 792 599 nobis,
819 553 965 591 Domine,
998 556 1028 584 ιἰι
1058 565 1128 585 vero
1153 555 1414 596 iuclz'm'osecisli,
1439 559 1514 598 «suia
1539 561 1744 598 peccat-imus

101 604 160 635 tibi
182 609 210 634 et
232 603 402 634 ἰηιιηίῖαέἰε
425 604 490 633 tuis
515 614 580 633 non
607 603 817 640 obedivimus.
907 604 985 635 Volo
1017 605 1123 643 etiam,
1156 611 1188 635 ut
1213 605 1381 646 diligenter
1413 609 1563 649 inspicias
1588 610 1745 651 quoslibet

101 665 120 685 a
150 653 268 696 populo
298 653 446 684 vitandos
481 664 550 684 esse
579 664 642 684 non
675 662 737 685 tam
764 660 894 696 propter
919 655 1088 686 humanam
1115 657 1387 699 incontinentiam,
1412 670 1504 700 quam
1531 670 1659 702 propter
1682 662 1746 694 dia-

101 705 237 737 bolicam
269 704 532 746 inobedientiam,
562 705 666 736 unded
692 706 832 746 Spiritus
856 714 984 737 sanctus
1009 719 1064 748 per
1089 707 1290 739 Samuhelem
1317 715 1464 740 testatur:
1489 712 1604 742 Melior
1627 719 1671 743 est
1698 714 1745 743 ob-

100 752 253 800 edientia,
276 768 372 799 quam
397 757 556 796 victimae,
580 762 607 787 et
632 758 820 788 auscultare
844 759 960 799 maqis,
985 770 1081 800 quam
1106 759 1219 800 offerre
1243 761 1371 800 adipem
1399 764 1546 802 arietum,
1571 766 1743 804 quoniame

101 810 196 850 qnasi
223 813 393 849 peccatum
428 807 599 838 ariolandi
628 813 671 839 est
702 820 899 850 repuglnare,
924 814 950 839 et
974 811 1070 850 quasi
1093 811 1194 841 scelus
1221 812 1403 851 idolatriae,
1429 813 1507 843 1106!ae
1533 817 1744 854 acqzziescere.

103 859 185 890 Hinc
214 866 244 890 et
273 860 341 900 ipse
373 859 526 901 princeps
553 859 783 901 apostolorum,
808 866 841 890 ut
868 861 979 891 beatus
1000 860 1185 894 Alexander
1210 873 1293 903 papa
1310 863 1451 904 capitulo
1475 870 1585 895 sexto¹
1612 871 1746 896 testatur

101 911 132 942 in
163 911 364 942 ordinatione
398 910 483 941 beati
515 910 702 947 Clementis,
733 911 917 953 firmissime
946 911 1110 951 deliberat,
1142 919 1175 944 ut
1203 913 1340 954 populus
1371 926 1428 945 nec
1463 915 1566 946 saltim
1602 916 1685 958 loqui
1717 919 1745 948 ei

98 961 225 1001 audeat,
249 973 343 1004 quem
374 962 554 1004 praeceptis
577 961 773 1004 apostolicae
798 963 882 993 sedis
910 963 1148 1002 inobedientem
1175 966 1299 996 sentiat.
1339 966 1472 1007 Propter
1496 967 1743 1004 inobedientiam

98 1012 248 1044 videlicet
270 1013 340 1055 ipse
357 1013 475 1044 Paulus
493 1013 756 1053 Sainos'athenus,
781 1015 870 1044 ouius
895 1025 1035 1045 errorem
1061 1016 1091 1045 in
1117 1027 1192 1056 sepe
1217 1016 1290 1046 trito
1315 1018 1418 1058 capite
1443 1021 1633 1050 restauravit
1651 1022 1745 1050 Sozo-

101 1075 223 1106 menuS,
251 1066 291 1096 ab
315 1058 507 1106 episcopatu
530 1065 658 1106 publica
683 1076 777 1096 manu
803 1067 938 1107 turpiter
959 1072 1006 1097 est
1029 1066 1192 1107 expulsus,
1218 1072 1253 1097 ut
1275 1068 1354 1108 ipsa.
1380 1079 1474 1110 quam
1500 1071 1630 1101 nimium
1654 1083 1745 1102 vene-

99 1116 188 1156 raris,
213 1116 357 1158 hystoria
373 1116 498 1148 fatetur.
540 1116 674 1148 Sirieius
699 1128 826 1159 quoque
851 1128 935 1158 papa
958 1117 1189 1148 sacerdotalem
1216 1120 1475 1151 incontinentiam
1501 1121 1745 1153 defendentibus

97 1178 161 1198 non
185 1168 420 1210 promotionem
446 1173 568 1199 tantum
594 1168 723 1206 ademit,
753 1169 807 1199 sed
833 1179 959 1199 omnem
992 1170 1085 1200 etiam
1115 1170 1236 1201 aditum
1270 1171 1486 1212 indulgentiae
1516 1173 1576 1202 iam
1602 1178 1676 1204 tunc
1700 1174 1744 1204 eis

98 1219 227 1262 penitus
251 1219 424 1251 obseravit.
526 1220 665 1251 Decreta
689 1219 827 1251 Leonis²
857 1231 970 1262 papae,
1001 1232 1082 1262 quae
1107 1226 1179 1251 tuae
1204 1223 1285 1263 parti
1310 1222 1416 1254 favere
1440 1224 1570 1264 putasti,
1597 1224 1744 1255 Sozome-

99 1271 199 1302 nistas
223 1281 353 1312 prorsus
378 1271 605 1310 condemnant,
631 1282 712 1313 quae
738 1271 886 1302 omnibus
910 1271 1086 1313 apostolica
1117 1280 1287 1315 praccepta
1317 1275 1594 1306 contemnentibus
1619 1277 1744 1308 veniam

99 1323 251 1364 denegari
274 1322 426 1354 indicant.
535 1322 673 1353 Multum
705 1328 810 1354 autem
841 1330 912 1353 tuae
941 1323 1111 1354 eruditioni
1141 1325 1276 1365 derogas
1300 1326 1330 1355 in
1359 1337 1405 1364 eo,
1430 1326 1513 1367 quod
1540 1328 1742 1368 generalibus

99 1375 225 1406 statutis
252 1373 339 1405 beati
365 1373 484 1415 Syricii
508 1374 800 1416 dispensatoriamf
830 1375 930 1405 sancti
964 1375 1114 1417 Gregorii
1146 1375 1375 1415 tolerationem,
1406 1378 1525 1419 quippe
1556 1378 1689 1409 localem
1714 1384 1745 1410 et

97 1425 317 1468 temporalem,
350 1426 476 1456 miraris
501 1425 678 1457 dissonare.
725 1426 839 1456 Nullus
863 1427 946 1457 enim
972 1426 1168 1468 apostolicus
1192 1434 1306 1458 suumg
1329 1439 1546 1460 successorem
1575 1430 1744 1471 privilegio

96 1478 181 1509 sedis
201 1477 398 1520 apostolicae
422 1478 537 1519 privat,
562 1477 639 1520 quin
661 1488 719 1518 pro
742 1479 789 1508 sui
809 1479 963 1519 temporis
980 1479 1169 1509 necessitate
1193 1489 1254 1509 non
1273 1479 1373 1510 solum
1392 1491 1539 1519 canones,
1564 1481 1617 1511 sed
1643 1488 1673 1512 et
1696 1482 1742 1511 sui

96 1531 310 1561 antecessoris
334 1530 517 1560 sanctiones
549 1528 654 1560 valeat
679 1530 843 1570 mitigare,
873 1541 931 1560 nec
955 1535 1058 1560 tamen
1088 1531 1118 1560 in
1148 1529 1208 1560 hoc
1239 1522 1299 1561 suo*
1329 1531 1545 1572 predecessori
1575 1539 1745 1573 repugnat,

91 1592 192 1623 quem
220 1587 251 1612 et
282 1581 414 1622 pr’opria
444 1585 564 1611 statuta
590 1579 762 1622 aliquando
787 1582 952 1622 mitigasse
977 1592 1037 1611 non
1064 1582 1199 1622 ignorat.
1297 1582 1377 1613 Nolo
1407 1589 1512 1613 autem
1546 1584 1659 1613 iterum
1691 1596 1742 1614 cx-

95 1633 218 1664 inanire
242 1631 328 1663 illam
352 1637 439 1663 tuam
466 1632 685 1673 deceptoriam
710 1632 951 1664 similitudinem
981 1633 1150 1663 Sozomeni
1183 1644 1253 1663 cum
1280 1634 1446 1674 Gregorio,
1481 1640 1512 1665 et
1543 1634 1628 1664 illum
1653 1640 1739 1665 tuum

58 1700 66 1708 ·
96 1683 316 1727 prophetalem
351 1682 530 1714 funiculum
561 1683 754 1725 abrumpere
786 1695 848 1715 non
877 1685 1094 1715 necessarium
1127 1685 1226 1715 duco:
1262 1685 1347 1726 quoh
1381 1685 1570 1716 lheremiam
1601 1686 1639 1716 (lc
1670 1685 1741 1716 lacu

50 1745 77 1764 80

49 2001 76 2021 85

51 2258 78 2277 ⁴0

51 2569 78 2589 ⁴5

96 1746 213 1767 cenoso
237 1734 362 1766 extrahi
379 1735 627 1773 desiderantem,
652 1747 715 1766 non
741 1736 900 1767 obstinate
924 1734 1016 1765 saluti
1040 1747 1116 1766 suae
1140 1735 1359 1772 reluctantem,
1384 1736 1457 1767 inde
1477 1743 1656 1768 extractum
1682 1748 1743 1768 non

96 1788 220 1829 ignoro.
309 1787 398 1818 Sciat
421 1787 516 1818 etiam
542 1787 726 1818 fraternitas
758 1794 811 1819 tua
836 1798 898 1818 non
923 1786 1164 1828 Cassiodorum,
1189 1788 1243 1819 sed
1268 1788 1486 1829 Epiphanium
1516 1789 1625 1819 nescio
1650 1800 1741 1830 quem

95 1838 298 1870 scolasticum
312 1838 522 1880 Tripartitam
541 1839 744 1870 transtulisse
761 1839 942 1877 historiam3
961 1839 1050 1869 cuius
1066 1838 1248 1870 Cassiodori
1266 1850 1401 1881 persona
1418 1839 1598 1870 nullatenus
1615 1840 1743 1870 anathe-

95 1891 280 1922 matizatum
306 1889 476 1921 Sozomeni
500 1896 599 1932 caput
622 1887 856 1929 canoniz'abiti,
880 1901 951 1921 cum
978 1901 1035 1920 nec
1060 1890 1241 1921 indubitata
1265 1891 1417 1922 sanctitas
1442 1891 1612 1921 iheronimi
1643 1890 1739 1921 histo-

95 1942 173 1972 riam
199 1940 334 1972 Eusebii
358 1941 399 1973 ab
422 1942 494 1984 ipso
518 1942 704 1974 translatam
722 1943 863 1974 effecerit
886 1942 1092 1980 autenticam,
1117 1952 1211 1983 quam
1237 1943 1304 1984 ipse
1323 1942 1521 1973 iheronimus
1546 1943 1576 1972 in
1601 1941 1680 1972 libro
1701 1941 1739 1972 de

94 1993 192 2024 virisk
215 1991 390 2024 illustribus
413 1998 502 2024 notat
525 1993 742 2036 deceptoriam
753 1999 774 2025 ³.

200 2043 292 2075 Idem
310 2055 440 2086 quoque
458 2045 571 2076 doctor
587 2046 725 2076 eximius
749 2051 779 2076 te
796 2046 903 2087 ipsum
927 2045 1011 2076 idem
1028 2051 1123 2085 caput
1141 2056 1236 2075 sanae
1253 2044 1417 2075 doctrinae
1442 2044 1614 2075 adversum
1640 2043 1736 2074 intcr¹

95 2095 198 2127 crines
220 2094 420 2137 alienigenae
444 2096 554 2128 docuit
577 2095 756 2134 abscidere,
781 2096 867 2138 quod
892 2107 963 2127 cum
982 2091 1157 2137 susceptori
1175 2106 1242 2134 suo,
1267 2102 1301 2127 ut
1323 2098 1385 2139 iam
1410 2097 1517 2138 sepius
1543 2096 1738 2125 inculcatum

96 2152 161 2188 est,
191 2147 231 2178 sit
259 2148 497 2189 perniciosum,
530 2147 712 2179 nullatenus
743 2148 826 2178 inter
857 2148 965 2178 divina
999 2147 1148 2178 mandata
1181 2159 1276 2189 super
1309 2158 1420 2178 aurum
1452 2154 1482 2178 et
1513 2146 1660 2178 tobazion
1692 2152 1738 2177 est

96 2197 280 2232 amandum.

202 2250 288 2281 Satis
317 2261 392 2282 vero
427 2249 598 2291 diligenter
629 2250 788 2292 quoslibet
819 2262 836 2282 a
866 2250 1051 2292 recipiendo
1085 2250 1253 2282 sozomeni
1285 2250 1389 2292 capite
1413 2249 1565 2289 deterres,
1590 2260 1661 2280 cum
1685 2249 1738 2279 ad-

97 2301 363 2333 ministrationem
388 2306 452 2332 tam
470 2301 701 2333 venerabilium
719 2308 989 2333 sacramentorum
1008 2302 1179 2343 episcopis,
1204 2300 1410 2344 presbyteris,
1435 2300 1622 2331 diaconibus
1639 2311 1740 2341 aequa

97 2352 311 2385 conditionem
334 2352 432 2384 doces
456 2353 633 2384 iniunctam
658 2364 737 2384 esse.

202 2405 282 2444 Quis
305 2409 411 2436 autem
436 2411 579 2436 nostrum
603 2404 711 2435 funem
736 2405 796 2435 sibi
822 2406 881 2446 ipsi
905 2405 944 2435 ad
970 2415 1098 2435 crucem
1122 2405 1265 2446 portarit,
1290 2405 1387 2434 immo
1411 2404 1481 2444 quis
1505 2398 1565 2434 ia'm
1592 2403 1621 2432 in
1646 2413 1739 2433 cruce

98 2466 273 2498 suspensus
302 2456 554 2498 strangulantem
585 2455 706 2486 nodum
731 2466 793 2486 non
817 2457 1007 2497 abrumpere
1017 2462 1039 2496 ⁰,
1065 2456 1119 2487 sed
1144 2456 1244 2486 artius
1268 2455 1388 2496 gutturi
1413 2466 1470 2484 suo
1494 2455 1652 2485 innectere
1676 2460 1738 2484 stu-

207 2564 235 2597 ε)
259 2565 323 2590 fecit
342 2566 399 2597 ipse
420 2564 452 2590 G.
537 2566 565 2595 b)
593 2573 667 2590 orare
690 2565 720 2590 G.
808 2566 833 2596 c)
859 2565 929 2590 deest
950 2565 975 2590 3.
1070 2564 1098 2591 d)
1123 2568 1151 2588 ut
1172 2564 1202 2589 G.
1297 2564 1323 2587 ei
1351 2564 1412 2595 quia
1432 2562 1462 2587 G.
1558 2563 1577 2593 Γ)
1601 2563 1737 2594 dispenso-

97 2610 162 2635 riam
182 2611 207 2636 3.
281 2611 308 2644 g)
331 2619 402 2636 succ.
423 2619 499 2636 suum
520 2611 551 2636 G.
618 2612 644 2643 h)
666 2612 727 2643 quia
747 2611 778 2636 G,
846 2612 864 2642 i)
885 2619 915 2636 eac
937 2610 1112 2635 canonizabat
1132 2618 1198 2634 corr.
1220 2610 1244 2634 3.
1311 2609 1337 2639 k]
1361 2609 1396 2634 ill.
1418 2610 1464 2633 vir.
1487 2608 1517 2634 (ι’,
1578 2608 1596 2635 l)
1617 2609 1685 2631 intra
1705 2608 1735 2632 G.

98 2657 136 2688 m)
155 2665 222 2681 corr.
243 2665 275 2682 ea:
295 2657 471 2682 condititione
492 2657 517 2682 3.
593 2658 620 2688 n)
641 2658 776 2690 abruperit
793 2657 824 2681 G.

205 2758 233 2793 1)
262 2759 317 2786 Ed.
341 2759 496 2786 Hinechiue
520 2769 552 2794 p.
577 2759 626 2787 97.
742 2759 770 2792 2)
800 2758 893 2792 Epist.
920 2759 944 2789 4,
977 2768 998 2783 e.
1024 2758 1050 2789 5,
1083 2758 1124 2784 ed.
1154 2757 1258 2783 Bauer.
1291 2759 1309 2782 ί.
1333 2757 1356 2788 I,
1387 2756 1437 2782 eol.
1464 2755 1533 2781 616.
1641 2754 1668 2787 3)

99 2808 148 2836 hoc
170 2809 278 2843 quidem
302 2810 329 2836 in
353 2811 438 2837 citato
460 2811 532 2836 libro
555 2811 623 2837 nihil
646 2811 794 2844 reperitur.
836 2809 914 2838 USS,

1766 467 1783 484 1.
1793 466 1837 484 latr
1849 466 1868 489 3,
1878 467 1911 487 16.

1765 568 1897 589 1>an.3,31.

1764 620 1791 639 ct.
1800 621 1828 639 ib.
1838 622 1870 640 29.
1878 621 1903 639 30
1910 636 1914 640 .

1766 710 1785 726 1.
1798 708 1844 731 Rvig
1865 711 1896 730 15,

1793 738 1828 757 22.
1839 740 1871 757 23.

1763 1684 1806 1702 Ier.
1817 1684 1900 1702 3129-

1814 1714 1846 1732 13.

1758 2157 1907 2180 J's.¹1S,1·27.
