2132 3067
65 505 78 525 5

51 762 79 781 10

49 1028 76 1048 15

48 1285 76 1305 20

48 1551 76 1572 25

47 1809 75 1829 80

47 2066 75 2086 85

45 2332 74 2352 40

630 168 663 193 V.
699 169 993 197 APOLOGETICAE
1016 172 1214 201 RATIONEs,
1702 176 1742 206 95

232 255 647 293 ‘APOLOGETICAE
674 258 930 296 RATIONES
958 260 1164 297 CONTRA
1193 262 1609 304 SCISMATICORUM
1766 284 1825 305 τι.

747 317 966 355 OBIECTI(
982 321 1097 356 lNES.

204 383 346 414 Domino
375 394 413 414 ac
444 383 620 414 venerabili
643 384 818 416 Adelberto
843 385 1030 417 Nemetensi
1059 390 1224 430 preposito
1249 389 1428 423 Bernaldus
1458 393 1588 425 ultimus
1611 395 1743 427 fratrum

98 434 137 465 de
161 440 270 465 sancto
295 433 413 466 Blasio.

198 494 331 525 vLiterae
364 500 502 534 vestrae,
537 506 616 537 quas
651 494 692 526 ad
727 503 873 528 sanctum
908 497 1050 529 Blasium
1082 511 1140 541 per
1172 501 1301 532 fratrem
1332 509 1476 535 nostrum
1507 505 1742 539 Adelberonem
1765 518 1795 541 (ι)

97 545 271 585 direxistis,
294 557 358 577 non
382 557 496 588 parum
521 557 580 577 nos
596 552 707 577 notare
724 547 884 587 videntur,
909 551 1001 591 quasi
1024 561 1041 581 a
1065 557 1153 593 recta
1176 553 1227 582 via
1251 552 1497 594 deviaverimus,
1521 569 1644 600 nosque
1668 561 1744 591 satis

95 596 232 629 fideliter
261 604 456 637 ammonent,
487 605 521 629 ut
555 609 695 630 errorem
728 600 888 640 corrigere
919 611 982 631 nou
1007 601 1244 635 erubescamus.
1290 605 1353 636 Sed
1376 617 1433 637 nos
1457 619 1660 652 nequaquam
1686 612 1745 642 hoc

97 649 189 690 quasi
219 660 359 680 errorem
391 650 551 690 corrigere
582 651 810 691 presumimus,
840 652 925 693 quod
950 663 991 683 ex
1015 653 1233 695 euangelicis³
1258 662 1289 686 et
1311 658 1497 698 apostolicis
1525 662 1744 694 sanctionibus

98 700 334 732 observandum
359 700 542 733 didicimus.
587 700 658 732 Non
684 702 767 732 enim
793 702 853 733 hoc
877 710 961 734 esset
984 715 1124 735 errorem
1149 708 1319 748 corrigere,
1345 709 1400 740 sed
1417 710 1517 742 multo
1533 713 1743 753 periculosius

97 757 129 783 et
157 751 377 783 detestabilius
408 763 533 792 errare;
562 763 622 783 nec
651 753 690 784 de
715 753 917 795 Gregoriano
947 754 1150 787 anathemate
1175 768 1342 798 possemus
1366 761 1508 802 enodari,
1538 774 1608 794 cum
1633 765 1665 795 in
1688 766 1743 797 tali

97 804 296 835 correctione
331 805 429 835 sacris
464 803 643 835 canonibus
677 805 896 836 inveniremur
929 807 1066 837 adversi.
1119 809 1326 851 Quapropter
1359 812 1391 842 in
1423 812 1607 845 huiusmodi
1638 818 1744 848 causis

96 854 333 887 ecclesiasticas
350 856 534 886 sanctiones
551 857 732 887 necessario
750 857 926 899 sequimur,
951 869 1030 899 quas
1047 864 1078 889 et
1094 860 1196 900 vobis,
1220 861 1279 891 etsi
1302 864 1512 896 ammonitore
1531 876 1593 897 non
1612 869 1743 908 egeatis,

96 907 279 938 summatim
303 907 464 938 recordari
486 906 645 947 volumus,
678 912 713 938 ut
735 912 824 939 tanto
848 908 974 940 facilius
997 916 1076 952 aput
1099 922 1155 941 vos
1179 911 1218 942 de
1242 923 1349 944 errore
1373 925 1601 956 expurgemur,
1627 924 1745 959 quanto

96 959 202 989 minus
225 970 244 990 a
265 959 411 1000 vestigiis
434 964 618 990 sanctorum
643 965 770 1000 patrum
796 960 829 990 in
853 960 902 991 his
927 972 1008 1003 quae
1032 963 1168 993 notastis
1191 963 1393 996 exorbitasse
1418 972 1642 1000 monstramur.

200 1019 244 1050 Et
275 1020 415 1061 primum
451 1019 581 1061 quidem
615 1030 674 1050 nos
708 1020 804 1051 nimis
837 1021 878 1052 ad
913 1021 1082 1053 dexteram
1117 1023 1279 1054 declinare
1312 1027 1430 1057 notatis
1465 1028 1496 1057 in
1527 1027 1745 1070 negligentiah
1767 1040 1799 1064 (2)

93 1069 254 1101 fraternae
285 1072 533 1113 compassionis3
564 1071 650 1102 unde
679 1076 788 1103 tamen
819 1072 913 1104 nobis
939 1074 1079 1104 consciic
1104 1085 1167 1105 non
1192 1085 1312 1106 sumus.
1358 1077 1417 1108 Est
1440 1080 1524 1110 enim
1548 1081 1745 1113 consuetudo

94 1127 214 1162 nostra,
238 1127 274 1153 ut
290 1123 381 1154 iuxta
397 1123 645 1164 euangelicamd
666 1123 901 1155 institutionem
926 1135 989 1155 non
1013 1126 1119 1157 minus
1144 1125 1247 1157 oleum
1274 1138 1370 1169 quam
1395 1130 1504 1160 vinum
1528 1131 1676 1163 fraternis
1700 1134 1745 1164 in·
1765 1143 1908 1167 Luc-10‚3⁴.

95 1172 300 1204 firmitatibus
329 1173 484 1206 adhibere
512 1175 709 1206 studeamus.
761 1175 828 1207 Nec
858 1176 890 1206 in
921 1175 981 1207 hoc
1005 1188 1024 1207 a
1048 1176 1193 1219 quolibet
1222 1180 1315 1220 quasi
1345 1180 1438 1211 nimis
1466 1182 1631 1214 inhumani
1653 1185 1703 1215 vel
1727 1196 1745 1214 a

94 1230 182 1256 reeta
196 1225 249 1256 via
264 1225 350 1257 devii
367 1226 480 1257 merito
503 1226 698 1265 notabimur,
722 1227 747 1257 si
772 1227 857 1257 illius
878 1229 1017 1268 vestigia
1040 1239 1097 1270 pro
1122 1228 1251 1260 modulo
1274 1236 1383 1262 nostro
1408 1234 1501 1274 sequi
1525 1235 1665 1274 nitimur,
1690 1236 1744 1277 qui

94 1277 202 1317 arguit
232 1282 263 1308 et
292 1277 431 1319 castigat
462 1289 542 1320 quos
573 1277 687 1319 diligit,
720 1279 775 1320 qui
807 1289 933 1309 omnem
963 1279 1064 1310 filium
1096 1279 1235 1322 flagellat
1266 1293 1359 1323 quem
1391 1284 1515 1325 recipit.
1559 1285 1742 1328 Numquam
1764 1296 1905 1321 nehmiae.

94 1332 202 1359 tamen
219 1328 290 1359 Deo
314 1330 487 1360 miserante
509 1329 551 1360 ad
574 1329 660 1360 illam
684 1329 952 1361 inhumanitatem
970 1333 1206 1372 perveniemus,
1230 1339 1265 1363 ut
1280 1333 1320 1364 ad
1338 1336 1445 1365 omnia
1461 1335 1593 1367 fratrum
1611 1343 1745 1379 peccata

94 1389 154 1411 nos
177 1385 284 1411 truces
307 1384 339 1411 et
361 1380 483 1422 rigidos
506 1381 727 1421 exhibeamus,
759 1383 840 1413 sicut
869 1387 980 1413 notare
1004 1383 1157 1414 videmini
1181 1384 1241 1415 sub
1265 1386 1395 1417 nomine
1419 1389 1521 1418 sancti
1545 1388 1743 1420 Geronimil.

200 1440 358 1472 Miramur
380 1447 488 1473 autem
513 1442 553 1473 de
578 1448 685 1474 vestra
708 1443 891 1485 prudentia,
924 1443 1010 1485 quod
1035 1455 1092 1474 vos
1115 1446 1240 1476 nescire
1264 1445 1484 1488 dissimulatis,
1509 1459 1565 1479 cur
1588 1454 1744 1481 nostrates
1765 1460 1796 1483 (3)

95 1491 258 1524 abstinere
291 1504 324 1524 se
356 1492 507 1524 studeant
538 1494 590 1526 ‘ab
621 1495 918 1526 excommunicatis.
974 1495 1142 1538 Numquid
1174 1497 1256 1527 enim
1292 1497 1388 1529 alicui
1419 1500 1450 1530 in
1482 1500 1581 1531 sacris
1616 1502 1743 1532 canoni·
1764 1506 1829 1528 ‘¹2¹¹-

94 1543 156 1575 bus
180 1544 306 1576 erudito
328 1544 426 1576 latere
456 1546 584 1587 poterit,
615 1546 700 1588 quod
723 1547 785 1588 ipsi
812 1546 948 1588 apostoli
975 1547 1177 1590 Romanique
1205 1549 1384 1590 pontifices,
1415 1562 1525 1581 eorum
1556 1552 1587 1581 in
1615 1551 1690 1583 sede
1713 1558 1744 1584 et

94 1597 127 1627 in
149 1601 309 1639 potestate
334 1607 547 1638 successores,
575 1597 615 1628 de
642 1598 775 1629 vitanda
801 1599 1157 1630 excommunicatorum
1187 1602 1411 1632 communione
1442 1602 1648 1634 statuerunt?
1691 1603 1743 1634 Ex

94 1648 212 1690 quibus
235 1647 348 1679 beatus
372 1647 524 1690 Calystus
546 1659 633 1691 papa
661 1655 692 1680 et
715 1656 848 1692 martyr,
880 1649 1024 1681 decimus
1048 1652 1205 1692 septimus
1229 1663 1247 1682 a
1270 1652 1364 1683 beato
1389 1653 1494 1694 Petro,
1525 1655 1556 1684 in
1586 1654 1742 1686 decretis²

94 1699 161 1730 suis
184 1699 297 1730 modos
322 1706 499 1741 enumerat,
531 1701 650 1742 quibus
681 1702 980 1732 excommunicatos
1002 1703 1104 1733 vitare
1127 1702 1292 1744 debemus,
1316 1703 1466 1736 videlicet
1488 1706 1520 1735 in
1545 1705 1744 1745 salutatione,

94 1751 127 1782 in
151 1750 271 1790 osculo,
295 1751 328 1782 in
351 1751 495 1783 oratione
519 1757 550 1783 et
572 1753 605 1783 in
629 1753 791 1784 convictu.
836 1753 964 1784 Deinde
981 1753 1146 1785 inferendo
1164 1756 1369 1786 sententiam:
1396 1756 1606 1799 Quicumque,
1631 1759 1744 1801 inquit,

94 1804 130 1835 in
147 1803 198 1835 his
220 1803 269 1834 vel
291 1804 327 1834 in
344 1803 423 1834 aliis
434 1804 612 1845 prohibitis
631 1805 768 1835 scienter
783 1806 1071 1836 eaecommum'catis
1088 1807 1385 1846 communicaverit,
1410 1809 1504 1838 z'zcoeta
1522 1809 1742 1850 apostolorum

94 1855 326 1886 institutionem
361 1859 389 1886 et
421 1856 492 1896 ipse
525 1856 627 1886 simili
658 1858 990 1888 excommunicationi
1019 1857 1195 1888 subiaceat.
1252 1857 1345 1888 Hanc
1385 1860 1575 1890 sententiam
1609 1866 1741 1892 sanctus

93 1905 259 1937 Fabianus
292 1916 378 1948 papa
410 1911 442 1938 et
471 1912 594 1948 martyr
628 1907 659 1937 in
690 1906 851 1938 decretis³
885 1909 950 1939 suis
986 1907 1271 1940 iudetractabiliter
1305 1909 1541 1941 observandam
1575 1911 1740 1943 iudicavit.

93 1957 188 1989 Hanc
203 1958 457 1989 sacratissimum
474 1957 633 1989 Nicenum
651 1957 842 1989 concilium*
866 1965 967 1990 ratam
993 1970 1061 1990 esse
1077 1959 1192 1998 voluit3
1217 1960 1303 2002 quod
1328 1960 1441 1992 beatus
1459 1961 1635 2003 Gregorius
1655 1973 1741 2004 papa

94 2010 126 2040 in
149 2009 325 2051 synodica⁵
349 2020 407 2040 sua
430 2014 461 2040 et
485 2009 653 2051 euangelio
683 2015 861 2051 comparat,
891 2017 921 2041 et
951 2021 1061 2042 omnes
1088 2011 1128 2041 ab
1158 2022 1194 2042 eo
1226 2011 1451 2044 dissentientes
1482 2013 1739 2046 anathematizat.

95 2059 188 2091 Hanc
214 2059 328 2092 beatus
357 2061 560 2103 Augustinus
590 2062 622 2092 in
654 2066 779 2092 tantum
808 2061 1013 2103 amplexatus
1043 2067 1100 2102 est,
1136 2067 1170 2093 ut
1198 2063 1302 2104 ipsam
1332 2064 1364 2094 in
1395 2063 1554 2095 concili0⁶
1583 2064 1738 2096 CCXVII

91 2112 319 2154 episcoporum
342 2123 401 2144 sua
423 2112 662 2154 subscriptione
685 2113 893 2144 confirmasse
916 2113 1050 2155 legatur.
1095 2113 1182 2155 Ergo
1199 2119 1231 2145 et
1246 2125 1304 2145 nos
1321 2116 1503 2146 necessario
1519 2118 1738 2148 excommuni-

92 2169 182 2196 catos
211 2164 355 2196 devitare
386 2163 555 2203 debemus,
590 2175 631 2195 ne
662 2163 759 2195 simili
790 2165 1116 2196 excommunicationi
1150 2166 1349 2197 institutione
1380 2166 1599 2208 apostolorum
1634 2167 1739 2199 subia-

94 2226 234 2247 ceamus.

196 2276 258 2307 Est
282 2280 390 2308 autem
418 2276 640 2308 indubitanter
662 2276 961 2308 excommunicatus
984 2276 1154 2308 Ravennas
1180 2277 1357 2309 Guibertus
1388 2289 1461 2309 cum
1494 2279 1641 2310 omnibus
1672 2281 1737 2311 suis
1758 2290 1790 2313 (4)

92 2327 282 2368 fautoribus,
311 2326 465 2359 videlicet
486 2327 683 2369 apostolicae
712 2327 797 2359 sedis
825 2328 955 2359 invasor
984 2334 1015 2359 et
1044 2328 1167 2359 domini
1197 2330 1256 2370 sui,
1287 2340 1391 2371 papae
1417 2330 1550 2372 inquam
1576 2330 1737 2372 Gregorii,

93 2379 144 2411 cui
177 2378 392 2411 obedientiam
426 2380 558 2420 iuravit,
593 2379 828 2421 subplantator.
884 2379 947 2418 Qui
981 2380 1092 2421 utique
1127 2379 1305 2422 Gregorius
1338 2382 1470 2423 sepius⁷
1504 2382 1643 2413 eundem
1678 2394 1736 2424 pro

204 2476 230 2507 a)
249 2475 431 2507 euuangelicis
452 2476 476 2499 9.
553 2475 580 2505 b)
602 2475 746 2507 neglientia
768 2475 792 2499 9.
869 2476 892 2506 c)
917 2476 1003 2500 concii
1024 2476 1049 2500 9.
1126 2476 1153 2503 d)
1176 2477 1376 2508 euuangelicam
1398 2478 1422 2502 9.

201 2563 231 2598 1)
253 2563 309 2594 Qui
331 2564 420 2590 variis
443 2564 510 2589 Iocis
532 2567 561 2589 ιιι
583 2563 613 2589 in
635 2562 776 2590 comment.
801 2564 828 2588 in
852 2563 1013 2589 Michaeam
1036 2564 1054 2589 I.
1079 2564 1101 2595 I,
1127 2574 1150 2590 c.
1176 2565 1202 2595 2,
1239 2564 1309 2598 Opp.
1332 2568 1351 2591 t.
1383 2565 1428 2597 VI,
1459 2566 1511 2591 col.
1537 2565 1606 2592 454.
1638 2570 1732 2597 monet,

94 2622 128 2641 ne
149 2614 311 2641 cadentibus
333 2614 505 2642 insultemus.
594 2614 624 2647 ⁴2)
647 2614 704 2648 Ep.
727 2623 805 2648 spur.
829 2614 871 2647 ΙΙ,
895 2623 917 2643 e.
939 2615 985 2647 10,
1010 2614 1165 2640 Hinschz'ns
1183 2624 1214 2649 p.
1236 2616 1303 2641 138.
1392 2616 1420 2650 3)
1444 2617 1498 2650 Ep.
1523 2626 1599 2650 spur.
1617 2618 1639 2649 J,
1665 2626 1687 2643 c.
1707 2617 1732 2648 6,

95 2664 248 2691 Hineehiue
265 2674 298 2700 p.
317 2666 386 2692 159.
484 2666 514 2699 4)
539 2666 569 2692 C.
594 2666 622 2692 5.
721 2665 751 2699 5)
774 2665 859 2691 Hanc
882 2665 1026 2706 epistol-am
1048 2675 1132 2700 saepe
1155 2667 1249 2692 tritam
1272 2676 1297 2693 v.
1321 2676 1407 2701 supra
1426 2676 1458 2701 p.
1478 2667 1503 2693 7.
1599 2667 1628 2697 G)
1652 2667 1734 2694 Cone.

97 2715 191 2743 Carth.
214 2725 240 2745 α,
267 2717 336 2750 419,
360 2726 384 2744 c.
409 2717 435 2749 9,
459 2716 560 2743 Mansa·
581 2720 600 2744 t.
618 2716 675 2748 ΙΙΙ,
701 2716 751 2743 col.
771 2715 840 2743 714.
930 2716 958 2750 7)
982 2717 1104 2743 Primum
1128 2726 1154 2744 α.
1175 2718 1263 2744 1079.
1289 2727 1322 2744 ac
1345 2719 1445 2744 deinde
1467 2719 1595 2752 saepiu-s,-
1618 2718 1654 2750 cf.
1678 2719 1734 2752 epi-

95 2767 192 2794 stolam
208 2767 354 2794 Gebhardi
367 2768 594 2802 Salisburyeusis
610 2767 816 2802 archiepiscopi
831 2768 869 2794 ad
885 2767 1089 2794 Herimannum
1105 2768 1254 2795 flletensem
1272 2769 1367 2799 domm
1391 2778 1417 2794 a.
1439 2769 1533 2801 1084,·
1555 2768 1641 2800 Juffr',
1659 2769 1733 2794 Bibl.

95 2826 150 2844 rer.
174 2818 268 2847 Germ.
291 2818 321 2852 V,
339 2828 372 2853 p.
392 2819 460 2846 141.
