2132 3067
35 720 60 740 10

34 985 61 1006 15

35 1250 62 1272 20

36 1511 63 1532 85

36 1772 63 1791 80

39 2038 66 2058 85

39 2295 66 2314 40

41 2551 69 2572 46

459 157 686 184 TRACTATUS
712 159 762 184 DF,
785 158 1046 186 INVESTITURA
1070 159 1345 186 EPISCOPORUM.
1668 158 1729 189 497

182 247 201 277 5
214 247 247 286 c)
267 245 375 278 Codeae
387 246 511 277 duobus
529 248 592 277 iam
609 248 793 277 memoratis
804 249 1026 288 propinquus,
1046 248 1102 278 sed
1115 250 1222 290 etipse
1239 250 1292 279 sui
1308 250 1403 286 iuris,
1419 261 1507 292 quem
1529 249 1655 281 Melcle
1669 252 1732 281 ior

82 297 255 330 Goldast
278 298 312 328 in
337 297 520 338 ‘Apoloyiis
542 309 603 338 pro
627 299 657 328 d.
683 310 713 328 n.
738 299 815 339 imp,
838 299 981 329 Heni-ico
999 299 1051 329 IV
1050 323 1156 330 .....
1175 301 1332 330 adi-ersus
1358 300 1513 342 Greyorii
1531 301 1596 332 VII.
1618 313 1730 342 papae

100 374 106 381 .
122 373 128 380 .
147 375 152 380 .
172 349 294 389 impias
317 353 345 379 et
368 349 536 390 malignas
561 350 806 380 criminationes
830 353 966 388 (acoesS.
985 350 1029 380 ad
1046 350 1301 391 Replicationem
1325 363 1388 394 pro
1406 364 1559 383 caesarea
1585 358 1611 383 et
1636 355 1730 394 reyia

80 401 283 432 Francorum
306 401 476 430 maiestate
501 424 507 430 .
533 425 538 430 .
565 425 570 431 .
597 400 756 431 adversus
780 401 891 431 Iacobi
916 400 1059 432 Gretseri
1082 402 1223 433 Iesuitae
1248 425 1253 432 .
1277 427 1283 433 .
1306 427 1311 433 .
1334 404 1474 434 crimina
1498 403 1608 434 laesae
1633 406 1731 435 maie-

79 453 180 484 statis’
203 453 288 491 eta),
315 451 488 481 Hanoviae
514 451 605 491 1611,
627 463 661 492 p.
679 451 860 482 226—232
883 453 1039 492 inprimis
1063 458 1189 483 secutus
1219 459 1273 484 est.
1322 454 1479 490 Quamvis
1503 457 1587 486 enim
1612 456 1729 496 Flacii,

79 502 253 542 Schardii,
283 501 388 541 Hs’olfii'
419 502 576 533 editiones
609 503 696 543 [vide
727 503 841 541 infra)
869 514 952 543 prae
984 503 1136 533 manibus
1167 504 1315 535 habuerit
1348 507 1437 536 (vide
1471 507 1729 538 dissertationem

79 554 230 586 Goldasti
252 553 313 584 ‘De
337 553 541 591 auctoribus,
570 553 589 584 l.
615 566 652 593 ς.)
672 566 706 594 P.
730 553 799 592 30),
831 554 965 584 dubium
997 566 1062 585 non
1095 560 1149 595 est,
1181 557 1260 597 quin
1288 557 1424 588 codicem
1452 558 1590 599 aliquem
1615 570 1729 590 manu-

79 607 235 647 scriptum
259 605 303 635 ad
327 605 499 635 editionem
524 616 617 635 suam
642 605 879 635 instituendam
904 605 1102 645 adhibuerit7
1126 619 1197 637 cum
1224 608 1256 637 in
1278 609 1428 649 nzarqine
1453 614 1530 639 nota
1553 608 1592 639 al.
1611 610 1728 640 addita

80 657 238 689 interdum
262 656 412 687 lectiones
437 656 658 694 discrepantes
683 656 791 686 Flacii
822 656 869 687 vel
894 656 1063 694 Schardii,
1094 659 1259 689 interdum
1291 663 1372 697 [ter]
1393 661 1552 700 proprias
1579 661 1731 691 lectiones

83 729 115 733 —
147 713 174 740 et
209 708 269 738 has
304 707 433 749 quidem
470 707 701 738 adnotavimus
742 727 788 747 -,
817 708 910 738 semel
946 708 1111 739 lectionem
1149 715 1321 741 ceterorum
1361 712 1509 742 codicum
1548 717 1727 742 nostrorum

77 761 222 802 posuerit
245 758 416 801 multisque
447 764 614 789 contemtus
644 759 724 790 locis
755 764 782 789 et
807 760 846 789 ab
871 759 1070 790 editionibus
1100 761 1164 791 illis
1196 761 1369 792 dissentiat
1400 767 1426 792 et
1459 774 1529 793 cum
1561 763 1729 794 codicibus

79 812 198 843 nostris
221 811 403 842 conveniat.

189 871 305 902 Omnes
327 883 408 902 sane
432 882 512 912 quos
531 871 772 902 nominavimus
796 870 919 901 codices
944 882 1012 901 cum
1037 873 1092 902 sui
1117 873 1201 903 iuris
1226 874 1290 903 sint
1315 885 1416 914 neque
1434 874 1532 904 ullum
1552 873 1729 914 affinitatis

79 928 208 955 stemma
238 922 372 962 definiri
402 923 518 963 possit,
554 927 660 952 tamen
688 933 774 963 prae
810 924 923 954 ceteris
963 923 1005 953 lb
1035 934 1103 953 cum
1146 925 1196 953 la
1235 935 1291 954 nec
1323 936 1388 954 non
1427 925 1474 955 ob
1511 930 1538 955 et
1577 926 1624 956 5ο
1659 937 1730 956 cum

79 976 130 1007 5a
157 974 347 1016 paullulum
384 975 469 1005 inter
497 984 528 1004 se
563 975 761 1005 conveniunt
792 973 926 1015 ideoque
960 974 1077 1005 eisdem
1111 976 1254 1006 numeris
1289 975 1345 1005 bos
1373 981 1400 1006 et
1432 975 1502 1006 illos
1529 977 1730 1017 sifflzificavi.

85 1027 235 1059 Omnium
258 1026 542 1068 praestantissimi
568 1027 579 1055 l
608 1030 635 1055 et
658 1025 710 1055 ba
735 1036 800 1056 esse
826 1026 987 1056 videntur.

183 1087 352 1118 Littera
390 1086 414 1117 S
448 1087 605 1128 apposita
640 1086 835 1127 quibusdam
872 1086 1032 1117 adnotavi
1070 1086 1148 1117 locis
1187 1085 1394 1118 Sclzardii
1435 1087 1596 1127 lectiones,
1636 1089 1730 1119 cuius

80 1139 249 1171 editionem
273 1138 368 1178 infra
389 1137 546 1168 laudabo.
594 1137 685 1172 Quae
709 1149 777 1168 cum
805 1138 848 1169 ad
873 1137 1000 1169 verbum
1026 1143 1092 1168 tota
1105 1138 1247 1180 pendeat
1272 1150 1291 1168 a
1309 1138 1421 1169 Flacio
1445 1144 1472 1168 et
1496 1141 1629 1170 nonnisi
1651 1151 1729 1171 raro

78 1191 253 1222 varietates
275 1189 402 1222 nullius
415 1189 492 1231 fere
515 1189 667 1220 momenti
682 1189 849 1229 praebeat,
872 1191 907 1220 in
938 1201 1022 1231 quas
1045 1188 1093 1220 vel
1117 1188 1300 1220 Schardius
1323 1201 1380 1221 suo
1404 1191 1541 1221 arbitrio
1567 1191 1611 1221 vel
1634 1193 1727 1222 etiam

80 1243 245 1285 typotheta
262 1242 373 1284 potuit
396 1241 542 1272 incidere
567 1241 667 1280 (velut
690 1240 825 1271 revolvit
838 1252 902 1282 pro
919 1241 1099 1280 revolverit,
1123 1241 1313 1272 retinuerint
1325 1253 1388 1282 pro
1411 1242 1620 1281 retinuerunt,
1646 1244 1729 1273 enim

78 1305 140 1336 pro
169 1299 288 1332 autem,
319 1293 499 1323 animarum
523 1303 584 1333 pro
613 1292 803 1331 animorum,
834 1297 953 1323 statuta
972 1304 1035 1334 pro
1059 1293 1243 1331 constituta,
1273 1292 1396 1323 aridam
1419 1304 1482 1334 pro
1507 1294 1643 1331 aridum⁷
1676 1295 1729 1324 ad-

81 1346 216 1376 vocatiis
236 1356 298 1387 pro
321 1343 503 1385 advocatis)
535 1343 662 1374 duobus
686 1349 814 1374 tantum
846 1344 925 1374 locis
950 1344 1112 1375 dubitatio
1137 1345 1253 1383 oritur,
1285 1356 1328 1374 an
1357 1345 1458 1375 codeoe
1481 1347 1730 1387 mmzuscreptus

82 1397 249 1429 adbibitus
273 1397 332 1427 sit:
358 1396 476 1438 paullo
501 1396 585 1426 enim
606 1401 680 1436 post
706 1397 835 1426 initium
862 1407 976 1426 nomen
1001 1395 1168 1435 Thraciae,
1196 1396 1282 1437 quod
1306 1395 1441 1426 Flacius
1466 1397 1552 1427 inter
1574 1397 1729 1428 vocabula

82 1449 271 1491 Byzantium
296 1453 323 1479 et
347 1449 462 1478 civitas
486 1448 602 1486 omisit,
627 1459 698 1478 cum
723 1448 871 1478 omnibus
895 1447 1058 1478 codicibus
1086 1448 1206 1478 nostris
1231 1447 1367 1477 additur
1390 1466 1429 1469 —-
1455 1452 1487 1476 at
1510 1459 1569 1478 suo
1594 1448 1731 1479 arbitrio

82 1501 171 1532 baud
201 1501 279 1540 scio,
309 1511 351 1530 an
385 1498 570 1530 Schardius
605 1498 641 1530 id
673 1499 859 1536 addiderit,-
894 1504 1063 1540 praete1·ea
1094 1499 1138 1529 ad
1165 1498 1308 1539 Pippini
1344 1499 1459 1528 matris
1489 1510 1613 1539 nomen,
1646 1500 1732 1541 quod

81 1552 257 1583 secundum
283 1551 434 1582 Flacium
459 1549 604 1591 Aspaide
635 1552 795 1591 scriptum
827 1555 881 1590 est,
915 1555 1110 1581 annotatur:
1143 1549 1195 1580 alii
1227 1549 1338 1590 legunt
1362 1548 1521 1590 Alphaide
1548 1569 1583 1573 ——
1609 1551 1665 1582 sed
1694 1563 1732 1582 ne

82 1603 139 1635 hoc
162 1603 292 1646 quidem
314 1602 384 1634 loco
409 1601 609 1633 Sclzardium
642 1601 766 1632 codicis
797 1601 944 1633 alicuius
975 1614 1064 1644 quem
1092 1613 1177 1642 prae
1207 1601 1360 1631 manibus
1390 1601 1536 1632 babuerit
1567 1601 1731 1633 lectionem

82 1655 233 1686 indicare
261 1654 398 1686 voluisse
427 1653 646 1693 concedemus,
679 1665 750 1683 cum
783 1653 868 1684 lianc
897 1654 1062 1685 lectionem
1095 1653 1188 1694 apud
1223 1652 1307 1683 alios
1338 1663 1553 1694 quoscumque
1584 1659 1731 1685 auctores

82 1718 193 1748 nempe
223 1706 393 1737 historicos
425 1706 581 1736 usitatam
614 1706 647 1735 in
678 1706 787 1735 animo
818 1706 934 1736 habere
953 1706 1107 1748 potuerit.
1158 1704 1325 1746 Utcunque
1355 1715 1406 1734 res
1437 1715 1469 1734 se
1501 1704 1602 1744 babet,
1633 1716 1732 1736 raras

82 1757 157 1790 illas
175 1758 348 1789 varietates
370 1757 525 1788 editionis
541 1755 775 1787 Seliardz'anae
797 1757 893 1788 litera
913 1756 936 1788 S
961 1758 1136 1795 indicatas,
1160 1761 1193 1785 ut
1217 1755 1301 1786 nibil
1317 1757 1589 1796 praetermittam,
1614 1756 1730 1787 adieci.

184 1818 368 1849 Editionem
395 1819 537 1860 primam
568 1817 682 1848 Flacio
705 1817 838 1860 Illyrico
869 1821 914 1856 (v.
941 1829 1047 1859 supra
1077 1817 1135 1847 sub
1165 1817 1231 1855 ob)
1267 1815 1425 1855 debemus,
1462 1827 1524 1846 non
1555 1816 1731 1855 Sclzardio,

82 1874 117 1902 ut
161 1870 338 1902 Goldastus
391 1871 427 1901 in
471 1869 682 1911 praefatione
736 1869 976 1910 Αροῖοφῗαναηι
1026 1869 1093 1899 loco
1141 1880 1244 1910 supra
1285 1868 1344 1898 lin.
1376 1867 1394 1898 7
1437 1867 1574 1898 laudato
1618 1872 1730 1898 censet.

85 1921 195 1953 Simon
220 1921 405 1953 Schardius
437 1921 526 1952 illam
555 1922 668 1962 potius
699 1921 858 1961 repetivit,
886 1926 914 1950 et
941 1922 1085 1960 primum
1115 1919 1240 1961 quidem
1276 1920 1309 1949 in
1342 1930 1436 1961 opere
1467 1930 1524 1950 suo
1549 1919 1608 1949 ‘De
1634 1920 1731 1949 iuris-

84 1973 235 2014 dictione,
252 1974 447 2004 auctoritate
471 1977 498 2003 et
513 1972 779 2014 praeeminentia
805 1972 971 2013 imperiali
994 1984 1032 2002 ac
1054 1976 1211 2013 potestate
1235 1970 1454 2001 ecclesiastica
1479 1970 1578 2012 deque
1602 1970 1731 2001 iuribus

85 2026 180 2067 reyni
202 2030 230 2056 et
253 2025 385 2067 imperii
408 2025 575 2055 variorum
601 2023 786 2061 authorum,
811 2024 868 2064 qui
891 2028 964 2053 ante
989 2023 1067 2053 liaec
1091 2027 1234 2062 tempora
1260 2023 1423 2059 vixerunt,
1454 2023 1577 2063 scripta
1601 2021 1730 2052 collecta

85 2081 111 2106 et
133 2077 268 2108 redacta
292 2077 325 2108 in
353 2076 474 2116 unum’,
500 2075 654 2106 Basileae
681 2074 771 2112 1:366,
792 2086 828 2115 p.
846 2073 1035 2114 711--7171
1059 2074 1176 2104 deinde
1202 2075 1234 2104 in
1260 2074 1337 2104 aliis
1361 2084 1444 2115 quae
1469 2073 1575 2103 variis
1599 2072 1655 2102 sub
1679 2073 1729 2102 in-

84 2128 314 2170 scriptionibus
337 2127 464 2158 easdem
478 2127 556 2168 fere
587 2139 637 2157 res
659 2126 814 2167 praebent
838 2126 996 2166 operibus.
1042 2125 1206 2155 Iohannes
1231 2124 1323 2165 Wolf,
1355 2124 1515 2155 Schardii
1545 2129 1579 2153 ut
1605 2123 1732 2153 uidetur

85 2179 224 2210 editione
247 2190 338 2219 usus,
360 2180 395 2210 in
414 2179 619 2210 Lectionibus
636 2177 899 2208 memorabilibus
922 2181 948 2206 et
965 2177 1153 2213 reconditis,
1180 2176 1260 2206 1600
1284 2178 1399 2217 (opera
1416 2176 1524 2206 omnia
1543 2174 1730 2215 theologico-

86 2230 386 2273 historico-politica
413 2231 503 2270 1671,
527 2235 546 2260 t.
571 2230 597 2269 I,
617 2241 652 2271 p.
678 2230 756 2268 241)
786 2229 964 2259 sententias
986 2228 1167 2258 nonnullas
1192 2228 1402 2259 notabiliores
1425 2238 1464 2258 eae
1493 2225 1596 2257 libello
1621 2231 1730 2256 nostro

86 2282 198 2313 electas
236 2281 335 2313 dedit.
396 2282 553 2313 Melchior
584 2280 721 2312 Goldast
759 2281 793 2310 in
832 2279 1004 2321 Apoloyiis
1041 2291 1071 2309 a.
1104 2280 1193 2311 1611.
1226 2279 1322 2309 editis
1360 2281 1405 2319 (v.
1434 2288 1539 2319 supra
1577 2277 1634 2308 sub
1665 2277 1730 2316 50)

86 2333 311 2374 superioribus
334 2333 514 2365 editoribus
538 2343 662 2363 necnon
684 2331 824 2373 proprio
853 2331 961 2362 codice
992 2331 1218 2370 manuscripto
1238 2330 1349 2370 fultus
1380 2331 1534 2371 optimam
1566 2329 1732 2370 hucusque

86 2385 257 2416 editionem
280 2386 418 2416 curavit.
465 2385 490 2416 I.
515 2385 549 2416 P.
575 2385 613 2416 de
637 2384 793 2424 Laden-59
824 2384 857 2413 in
882 2381 1046 2423 Reliquus
1072 2382 1369 2422 manuscriptorum
1403 2382 1506 2412 omnis
1531 2381 1604 2411 aevi
1626 2379 1730 2421 diplo-

86 2440 205 2468 matum
237 2448 275 2468 ac
303 2441 584 2468 monumentorum
608 2436 818 2473 ineditorum,
849 2439 921 2465 tom.
945 2433 1020 2473 XII,
1050 2432 1157 2463 Halae
1188 2434 1278 2472 1741,
1306 2444 1340 2473 p.
1365 2431 1543 2463 432—443
1572 2430 1731 2462 Sclzardii

86 2487 257 2520 editionem
282 2489 488 2529 perscripsit.
533 2488 684 2529 Denique
709 2487 921 2517 Kunstmann
955 2497 1020 2515 uno
1057 2485 1230 2527 vitiosoque
1264 2484 1374 2515 codice
1401 2495 1478 2514 usus
1513 2483 1600 2523 (vide
1626 2494 1728 2524 supra

87 2538 143 2570 sub
167 2539 200 2581 2)
220 2539 395 2581 prioribus
418 2540 597 2570 editoribus
621 2538 755 2570 multum
781 2538 883 2569 cessit.

192 2601 232 2632 In
260 2601 322 2632 bac
352 2605 463 2632 nostra
494 2600 632 2631 editione
663 2610 771 2630 omnes
805 2598 935 2640 quidem
959 2596 1006 2627 vel
1037 2597 1166 2627 minimi
1190 2597 1338 2628 momenti
1363 2596 1535 2626 varietates
1558 2594 1729 2626 lectionum

88 2651 327 2691 adnotavimus,
357 2652 541 2683 scribarum.
571 2656 676 2682 autem
708 2650 755 2681 vel
784 2649 1020 2691 typothetarum
1050 2659 1174 2679 errores
1205 2647 1398 2689 manifestos
1432 2647 1575 2689 levesque
1606 2646 1728 2686 referre

87 2703 286 2744 superfluum
310 2703 494 2734 habuimus.

192 2771 587 2815 Grypliiswaldiae,
611 2772 684 2803 Kal.
710 2772 853 2813 Auyusti
879 2769 968 2801 1891.
1322 2769 1360 2799 Ε.
1382 2767 1644 2800 BERNHEJJA

159 2867 255 2891 Libelli
276 2868 309 2892 de
328 2868 382 2892 lite.
414 2867 450 2892 11.
1466 2862 1497 2885 63
