2132 3067
275 1487 307 1511 (⁴¹)

324 154 364 184 48
726 152 878 179 LIBELLI
903 142 1101 178 BERNALD'I
1126 150 1363 177 PRESBYTERI
1389 150 1575 178 MONACHI.

326 251 454 276 sanctus
480 243 693 275 Athanasiusa
719 241 958 271 Alexandrinus
990 239 1172 281 patriarcha
1200 238 1241 269 ab
1266 239 1411 269 Arrianis
1443 238 1584 270 heretica
1611 239 1821 281 usurpatione
1845 239 1970 281 deposi-

328 305 378 328 tus
402 303 459 328 ost

432 347 615 376 Tractatum
640 349 781 374 vestrum
806 343 845 373 de
870 342 1036 373 ordinibus
1062 340 1253 371 iudiciorum
1279 341 1461 381 gratissime
1491 342 1705 383 suscepimus,
1730 352 1826 383 quem
1851 342 1896 372 ita
1918 352 1976 372 ex-

326 409 480 439 pressum,
505 408 542 427 ac
568 395 757 427 testimoniis
782 401 965 425 sanctorum
991 399 1116 434 patrum
1142 393 1186 423 ita
1209 392 1406 430 roboratum,
1430 398 1461 423 et
1477 403 1534 422 nos
1552 392 1757 433 postmodum
1782 393 1814 423 in
1831 391 1970 434 quodam

324 449 430 480 libello
462 448 649 489 reperimus.
695 446 786 476 Duos
815 445 935 487 quippe
965 444 1151 474 iudiciarios
1183 443 1311 474 ordines
1341 454 1409 474 esse
1439 443 1608 474 nobiscum
1640 444 1775 484 sentitis,
1806 455 1904 474 uuum
1933 443 1972 474 de

325 500 431 530 dubiis
442 501 464 538 b,
489 499 622 529 alterum
649 497 687 528 de
707 496 895 527 manifestis.
935 496 997 526 Sed
1016 495 1159 525 ordinem
1185 494 1223 525 de
1247 494 1426 525 manifestis
1447 495 1478 525 in
1497 495 1577 525 duas
1601 496 1725 536 species
1749 495 1975 526 subdividitis:

325 562 419 582 unam
451 550 593 592 quidem,
623 560 695 579 cum
727 559 799 589 reus
831 554 861 578 et
890 547 1014 577 obiecta
1043 558 1076 577 se
1108 547 1232 586 fecisse,
1263 552 1294 577 et
1316 546 1462 577 faciendo
1487 556 1638 588 peccasse
1662 546 1791 585 fatetur;
1821 546 1976 578 alteramc

325 614 410 642 vero7
434 614 503 632 cum
529 613 600 632 reus
626 611 658 630 se
684 599 810 630 obiecta
834 599 956 633 fecisse,
988 598 1042 629 sed
1068 598 1099 628 in
1124 597 1183 628 hoc
1206 608 1268 628 non
1294 608 1445 639 peccasse
1468 603 1612 629 testatur.
1657 597 1723 628 Nos
1754 603 1860 628 tamen
1891 597 1975 628 hanc

326 654 533 695 postmiorem
565 659 688 682 vestrae
719 650 949 681 subdivisionis
984 650 1125 690 speciem
1159 649 1189 679 in
1225 655 1335 679 nostra
1369 649 1526 680 divisione
1561 649 1861 690 comprehendimus
1893 649 1977 680 infra

326 705 456 735 modum
489 703 527 734 dc
559 702 666 734 dubiis
696 701 894 732 criminibus.
942 701 1088 731 Dicimus
1121 700 1215 737 enimy
1247 711 1287 731 cx
1311 700 1494 731 'iudiciariis
1526 701 1693 731 ordinibus
1723 701 1806 731 hunc
1837 700 1906 731 fieri
1935 700 1976 732 de

325 757 440 795 dubiis,
466 754 553 785 illuni
578 765 653 784 vero
678 753 717 784 de
740 752 918 784 manifestis
942 751 1141 784 criminibus,
1180 750 1248 782 Nec
1273 751 1332 782 hoc
1349 751 1505 797 quilibet}¹
1528 763 1587 783 nos
1612 753 1734 784 dixisse
1759 757 1859 794 putet,
1882 752 1976 794 quasi

325 814 451 838 vestrae
476 806 625 836 divisioni
650 804 903 847 preiudicemus3
928 803 984 834 sed
1008 802 1080 834 ideo
1105 803 1320 844 potissimum,
1344 809 1378 834 ut
1402 808 1610 846 utrarumque
1627 803 1822 834 divisionum
1846 814 1976 835 concor-

326 859 409 889 diam
439 857 478 889 ad
509 858 646 888 invicem
678 856 876 887 denotemus.
922 854 1003 885 Nam
1037 859 1174 895 utraque
1199 854 1324 894 divisio⁷
1353 860 1387 885 ut
1409 855 1503 885 nobis
1526 855 1664 895 videtur,
1688 860 1772 886 stare
1796 856 1925 897 poterit,
1949 855 1977 887 si

326 915 432 941 vestra
462 907 632 950 prudentia
661 919 724 938 non
754 907 845 938 aliter
875 906 1074 937 iudicaverit.
1120 905 1176 937 Illa
1207 907 1291 937 enim
1322 911 1447 937 vestrae
1478 905 1645 937 divisionis
1680 907 1814 948 species,
1844 907 1876 937 in
1911 917 1978 949 qua

327 962 445 993 factum
470 960 666 999 conceditur,
690 959 786 1000 culpa
809 958 996 997 denegatur,
1021 959 1136 999 partim
1162 957 1340 997 manifesta,
1365 958 1480 999 partim
1506 957 1607 989 dubia
1630 958 1794 1000 probatur.
1840 958 1975 990 Factum

326 1014 409 1044 euim
434 1013 519 1054 quod
544 1011 733 1042 conceditur
756 1010 961 1040 manifestum
985 1015 1046 1049 estq
1079 1009 1134 1040 sed
1160 1008 1244 1039 idem
1277 1009 1382 1051 ipsum
1413 1019 1453 1039 an
1478 1020 1536 1050 pro
1560 1010 1694 1041 crimine
1717 1010 1759 1040 sit
1781 1009 1976 1052 habendum,

327 1075 533 1105 summopere
559 1063 733 1093 dubitatur.
773 1061 843 1092 Non
865 1072 943 1102 ergo
966 1061 1081 1091 mirum
1106 1060 1252 1092 eamdem
1273 1061 1410 1102 speciem
1434 1060 1562 1092 diverso
1587 1067 1734 1103 respectu
1758 1072 1843 1092 nune
1858 1060 1976 1103 dubiis,

326 1127 410 1147 nunc
433 1114 609 1146 manifestis
632 1113 765 1144 ascribi:
790 1111 845 1143 sed
870 1123 927 1143 nos
951 1113 1053 1153 magis
1078 1112 1162 1143 illam
1180 1111 1287 1143 dubiis
1304 1113 1564 1154 interposuimus,
1589 1113 1664 1154 quia
1679 1112 1871 1145 divisionem
1895 1113 1977 1144 iudi-

327 1168 448 1198 ciorum
479 1178 541 1197 non
572 1164 764 1206 generaliter
794 1165 876 1194 inter
899 1165 993 1203 facta,
1021 1163 1077 1194 sed
1102 1164 1184 1195 inter
1208 1165 1341 1194 crimina
1365 1164 1509 1197 fecimus,
1556 1164 1801 1195 Iudiciariorum
1827 1164 1975 1196 ordinum

325 1218 377 1250 alii
402 1218 481 1248 fiunt
505 1217 543 1248 de
567 1217 675 1248 dubiis
699 1215 899 1252 criminibus,
923 1215 976 1246 alii
1003 1215 1043 1246 de
1068 1215 1254 1246 manifestis.
1295 1215 1387 1246 Unde
1406 1214 1551 1256 predicta
1570 1221 1696 1247 vestrae
1713 1216 1883 1247 divisionis
1906 1227 1977 1258 spe-

326 1271 399 1309 cies,
425 1270 456 1299 in
481 1279 543 1310 qua
567 1279 718 1299 concesso
742 1268 835 1306 facto,
860 1277 899 1296 an
925 1268 1044 1298 crimen
1069 1267 1120 1306 sit,
1144 1266 1319 1305 dubitatur,
1344 1277 1407 1296 non
1432 1267 1606 1308 incongrue
1631 1268 1661 1298 in
1686 1272 1796 1298 nostra
1819 1267 1978 1299 divisione

326 1321 432 1352 dubiis
461 1319 703 1350 annumeranda
734 1319 914 1350 videbatur.
959 1319 1027 1350 Vos
1051 1324 1157 1350 autem
1183 1317 1372 1350 iudiciarios
1397 1318 1526 1350 ordines
1559 1330 1621 1349 non
1646 1320 1728 1350 inter
1751 1319 1896 1359 crimina,
1921 1319 1978 1350 sed

327 1372 472 1403 absolute
498 1373 579 1402 inter
603 1370 729 1402 occulta
760 1376 790 1402 et
814 1370 984 1402 manifesta
1007 1370 1177 1401 divisistis:
1201 1370 1286 1401 unde
1310 1377 1341 1402 et
1364 1370 1541 1412 predictam
1566 1371 1718 1412 speciem,
1743 1371 1775 1400 in
1799 1381 1862 1413 qua
1883 1370 1979 1402 dene-

327 1430 401 1466 gata
425 1423 519 1464 culpa
543 1423 660 1453 factum
686 1422 882 1463 conceditur,
906 1423 974 1453 sine
999 1421 1255 1453 contradictione
1279 1423 1457 1454 manifestis
1481 1432 1694 1453 annumerare
1717 1423 1879 1463 potuistis.

432 1475 514 1505 Illud
546 1475 651 1513 etiam,
683 1473 769 1516 quod
799 1473 999 1514 singularum
1029 1473 1223 1504 discussioni
1255 1485 1425 1505 causarum
1457 1474 1645 1516 synodicam
1669 1474 1875 1505 vocacionem
1906 1484 1978 1515 pre-

329 1528 436 1567 rogari
459 1525 566 1563 vultis,
597 1531 628 1556 et
651 1537 709 1556 nos
733 1526 844 1567 utiquc
868 1525 1046 1556 laudamus.
1092 1525 1174 1556 Nam
1207 1531 1238 1556 et
1261 1525 1391 1557 decreta
1414 1534 1596 1557 sanctorum
1620 1532 1746 1567 patrum
1772 1525 1881 1556 itidem
1905 1536 1976 1567 pre—

329 1579 462 1619 cipiunt,
499 1579 628 1619 quippe,
660 1584 694 1608 ut
725 1577 830 1608 dubiis
862 1576 957 1608 rebus
989 1577 1132 1608 infamati
1161 1576 1201 1607 ad
1235 1583 1427 1609 conventum
1462 1577 1693 1609 sacerdotalem
1722 1582 1887 1618 vocentur,
1920 1588 1979 1619 per

330 1630 502 1660 canonicas
526 1629 672 1660 inducias
695 1634 916 1670 expectentur,
940 1635 1016 1660 tunc
1040 1628 1180 1668 demum,
1205 1629 1230 1659 si
1254 1629 1409 1667 venerint,
1434 1629 1466 1659 in
1490 1635 1651 1660 conventu
1674 1628 1838 1669 audiendi,
1861 1634 1927 1669 aut,
1951 1629 1977 1660 si

330 1682 438 1712 venire
467 1680 635 1712 noluerint.
664 1692 721 1721 pro
752 1685 936 1722 contemptu
964 1676 986 1712 va
1017 1681 1243 1711 communione
1274 1680 1504 1722 suspendendi.
1550 1680 1632 1720 Hoc⁷
1659 1681 1801 1722 inquam,
1825 1680 1885 1711 illis
1909 1681 1979 1712 iure

329 1732 523 1770 conceditur,
547 1733 601 1774 qui
627 1731 665 1762 de
690 1732 824 1763 obiectis
847 1737 903 1763 aut
926 1731 1004 1762 nihil
1027 1743 1060 1763 se
1084 1731 1197 1763 fecisse
1222 1732 1371 1771 fatentur,
1402 1737 1457 1763 aut
1479 1732 1550 1772 hoc,
1581 1732 1667 1774 quod
1691 1732 1833 1772 fecerint,
1857 1732 1980 1763 crimen

330 1796 399 1815 esse
423 1784 608 1815 diffitentur.
653 1784 722 1814 Nec
746 1783 805 1814 hoe
829 1785 925 1814 etiam
950 1795 1116 1824 negamus,
1141 1785 1219 1825 quin
1243 1790 1273 1815 et
1294 1784 1431 1825 publicis
1449 1783 1639 1815 criminibus
1663 1783 1797 1825 obligati
1820 1783 1861 1814 ad
1885 1794 1980 1825 syno-

330 1835 402 1866 dale
427 1835 580 1865 iudicium
606 1846 664 1876 pro
687 1840 874 1876 contemptu
892 1840 1058 1874 vocentur,
1082 1840 1117 1866 ut
1132 1841 1221 1866 tanto
1239 1837 1380 1873 caucius,
1405 1841 1492 1866 tanto
1510 1834 1779 1876 inrefragabilius,
1803 1839 1834 1866 et
1849 1834 1978 1866 demum

329 1886 504 1918 aecclesiae
528 1892 616 1918 tanto
641 1886 846 1927 fructuosius,
870 1894 989 1928 quanto
1014 1899 1031 1918 a
1055 1886 1201 1928 pluribus
1225 1887 1337 1927 auditi,
1363 1886 1556 1918 iudicentur.
1595 1887 1659 1918 Sed
1684 1886 1766 1917 hanc
1789 1885 1979 1928 synodicam

331 1939 539 1969 vocacionem
564 1937 742 1968 nullatenus
766 1945 830 1969 tam
854 1938 1035 1979 generalem
1061 1949 1180 1980 ponere
1203 1939 1370 1979 audemus,
1399 1945 1433 1970 ut
1464 1939 1565 1980 ipsius
1589 1938 1784 1980 apostolicae
1808 1937 1893 1969 sedis
1917 1938 1980 1980 pri-

332 1990 494 2030 vilegium,
525 2001 586 2019 non
616 1989 678 2019 abc
708 1990 874 2032 apostolis,
905 1989 959 2020 sed
987 1989 1027 2021 ab
1051 1991 1122 2032 ipso
1148 1990 1286 2021 Domino
1311 1991 1339 2021 ei
1364 2000 1553 2021 concessum
1578 1990 1752 2032 infringere
1776 1995 1979 2031 temptemus.

333 2042 391 2072 Est
414 2042 497 2072 enim
516 2040 718 2082 privilegium
741 2041 825 2072 sedis
841 2041 1052 2083 apostolicae3
1077 2048 1112 2073 ut
1133 2041 1219 2072 nulla
1243 2043 1450 2083 proveniente
1475 2041 1597 2083 synodo
1619 2041 1780 2083 quoslibet
1803 2041 1980 2083 dampnan-

334 2092 391 2122 <los
417 2093 519 2133 possit
535 2092 720 2133 dampnare,
745 2098 776 2124 et
799 2092 1057 2124 reconciliandos
1081 2093 1329 2125 reconciliares:
1353 2099 1387 2124 ut
1412 2093 1524 2124 beatus
1543 2092 1710 2124 Gelasius·
1733 2093 1764 2123 in
1780 2093 1918 2124 decretis
1940 2092 1981 2124 ad

1996 456 2009 475 5

2118 589 2132 627 .“

2119 676 2132 693 fl

1997 712 2024 732 10

1998 969 2025 988 15
2068 966 2073 971 ’

2115 1076 2132 1095 ,τ

2119 1165 2128 1174 ι

2120 1186 2132 1207 Γ

1996 1226 2024 1246 20

1999 1484 2026 1503 2⁵

1999 1742 2027 1762 30

1999 2000 2028 2020 85

335 2143 514 2174 Orientale„-
537 2145 708 2185 0piscopos
731 2144 862 2176 directis
885 2145 1034 2185 ostendit,
1058 2145 1089 2176 in
1114 2144 1231 2186 quibus
1255 2145 1407 2176 Acatium
1431 2143 1823 2186 Constantinopolitanum
1847 2145 1981 2186 patriar·
2004 2185 2009 2190 ι

335 2195 425 2225 cham
451 2195 571 2236 absque
596 2196 680 2225 omni
706 2196 829 2236 synodo
847 2197 998 2227 canonice
1022 2197 1062 2228 ab
1086 2196 1263 2238 apostolica.
1286 2196 1362 2228 sede
1386 2196 1596 2238 dampnatum
1620 2195 1891 2237 inrefragabiliter
1905 2206 1979 2238 pro-

335 2246 431 2279 bavit,
472 2245 588 2275 Scribit
605 2247 687 2276 cuim
714 2247 794 2277 iuter
811 2252 931 2278 cetera:
958 2248 1083 2279 Cuncta
1102 2260 1166 2289 per
1182 2249 1339 2279 mundum
1363 2249 1453 2279 novit
1467 2247 1634 2287 aecclesia,
1658 2248 1744 2289 quod
1765 2252 1979 2279 sacrosancta

336 2297 487 2327 neec-lrssi'tt
512 2298 659 2327 Humana
686 2298 723 2327 de
747 2300 834 2329 omni
858 2299 1014 2330 aecclesia
1029 2300 1093 2341 fas
1112 2300 1226 2330 liabent
1246 2299 1431 2338 indicandi,
1456 2310 1557 2341 neque
1573 2299 1727 2340 cuiquam
1744 2299 1782 2330 cle
1798 2300 1869 2330 eius
1884 2298 1981 2330 liceat

338 2349 486 2379 iudicare
513 2349 654 2379 indicia.-
678 2350 835 2391 siqnz'dem
859 2351 903 2381 ad
926 2350 1015 2381 illam
1042 2352 1080 2381 de
1096 2351 1237 2392 qualibet
1260 2351 1376 2382 mundi
1396 2356 1493 2392 parte
1517 2350 1753 2392 appellandum
1777 2355 1832 2389 est,
1856 2349 1896 2381 ab
1919 2349 1980 2381 illa

337 2405 439 2429 autem
469 2411 556 2429 nemo
580 2405 623 2429 est
648 2401 816 2441 appellare
839 2403 1028 2441 permissus.

443 2450 505 2480 sod
532 2462 588 2480 noc
614 2450 665 2481 illa
690 2452 890 2492 prm-terimus,
915 2452 1001 2494 quod
1025 2453 1203 2495 apostolica
1227 2453 1319 2484 sedes
1351 2454 1418 2484 sine
1443 2452 1507 2484 ulla
1530 2453 1653 2494 synodo
1677 2452 1871 2495 precedente
1893 2451 1979 2485 exol—

448 2564 473 2581 τι)
495 2555 654 2579 Ant-thasius
676 2557 699 2579 2.
795 2557 823 2581 b]
851 2556 935 2581 diibus
957 2558 980 2582 2.
1076 2564 1099 2582 ct
1130 2558 1183 2582 olio
1204 2562 1300 2583 afram.
1322 2558 1347 2582 in
1369 2567 1450 2590 πται-9.
1473 2558 1535 2584 add.
1557 2558 1581 2584 2.
1671 2558 1700 2588 d)
1727 2566 1768 2583 me
1789 2558 1852 2591 quil.
1873 2558 1926 2583 dix.
1947 2557 1979 2583 G.

338 2602 365 2625 «μὶ
386 2601 456 2625 dms!
478 2602 501 2625 2.
579 2602 596 2623 f»
619 2602 782 2625 reconciliari
805 2603 829 2626 ⁸3.

447 2699 456 2723 1
500 2699 587 2731 Ι·”]ιι”.-’1.
606 2699 653 2725 26.
679 2700 716 2724 ml
739 2699 881 2733 «Ῥιέσιηιωε
902 2700 1069 2726 lun-alaniae
1093 2711 1115 2728 o,
1134 2702 1167 2728 5:
1192 2702 1233 2727 ed.
1256 2702 1331 2727 Thio!
1356 2702 1377 2728 I.
1400 2711 1430 2735 Ji.
1449 2702 1525 2736 399,-
1547 2702 1626 2735 Jaffe‘
1649 2711 1692 2728 nr.
1709 2701 1779 2728 664.
1823 2701 1857 2728 In
1881 2701 1980 2735 quibua

339 2749 421 2774 verbu
454 2759 469 2773 a
498 2750 638 2774 llernnldo
667 2751 754 2776 allam
786 2760 802 2775 a
832 2755 906 2775 rei-ln
936 2752 1067 2784 an'stnlrir‘
1098 2753 1238 2785 recedunt,
1267 2762 1326 2778 cuin
1359 2762 1382 2779 c.
1411 2754 1457 2779 10.
1483 2754 1594 2780 Collect.
1620 2754 1680 2779 3Ῑὸ
1704 2752 1889 2787 capitulorum
1917 2761 1980 2779 con-

339 2802 464 2827 carrione.

1999 2257 2028 2276 ⁴0

1999 2563 2028 2582 ⁴5
