2132 3067
170 1008 211 1026 Ier.
222 1007 256 1026 8&
271 1009 291 1025 11

200 1038 261 1056 -13,

144 1635 210 1654 Dcut.
221 1636 293 1654 21.12.

143 1738 172 1756 Pa
194 1739 294 1759 liar-³7.

244 2236 294 2284 ''¹⁴:2⁸-
315 2254 381 2274 cem
410 2249 564 2284 portares,
594 2243 728 2274 tideliter
753 2245 930 2285 premonui.
977 2244 1133 2283 Quamvis
1163 2245 1250 2286 apud
1275 2245 1380 2277 Deum
1410 2257 1473 2277 non
1505 2247 1544 2278 sit
1571 2256 1780 2288 personarum
1805 2244 1960 2286 acceptio,
1979 2256 2008 2276 «o

326 153 362 184 18
722 152 873 179 LIBELLI
896 151 1092 178 BERNALDI
1115 150 1352 178 PRESBYTERI
1374 131 1559 177 MONACHi.

324 246 404 276 inter
427 243 585 285 presentia
610 248 639 272 et
662 241 767 272 futura
792 239 934 270 medians
959 239 1095 269 domnus
1118 250 1203 280 papa
1226 243 1292 269 tum
1318 237 1432 269 Grecis
1456 243 1522 269 tum
1546 238 1670 270 Latinis
1693 237 1795 269 literis
1818 236 1965 268 eruditis-

322 297 421 325 simus
446 295 530 325 Leo¹
557 293 595 323 de
619 293 712 323 liuius
737 292 779 322 rei
804 292 933 331 negotio
957 296 1041 331 agat,
1066 296 1119 320 tua
1144 289 1460 331 curiositasvabsque
1488 291 1574 321 omni
1600 300 1687 320 mora
1717 290 1749 319 in
1773 289 1961 320 memoriam

323 347 462 377 reducat.
509 345 594 383 Quid
626 355 705 385 opus
737 348 784 373 est
815 341 946 373 verbis?
990 341 1060 372 Non
1085 347 1132 372 est
1154 340 1244 371 dolor
1273 346 1381 371 nostro
1409 340 1531 372 similis.
1577 340 1698 372 Vellem
1723 346 1763 377 te,
1788 340 1831 370 mi
1854 340 1962 379 frater,

322 403 429 428 notare
460 396 652 437 Gregorium
684 399 780 436 atque
815 393 965 423 Siricium
997 391 1228 434 aliquantulum
1257 392 1288 422 in
1319 393 1379 422 ista
1404 403 1446 430 re,
1476 392 1520 422 uti
1553 391 1629 422 mihi
1659 391 1796 430 videtur,
1823 392 1960 422 invicem

320 449 493 479 dissonare.
549 446 789 477 promotionem
821 455 908 484 vero,
940 454 1035 485 quam
1067 443 1201 473 Siricius
1230 443 1358 484 penitus
1389 443 1419 473 in
1452 443 1595 473 futurum·
1622 449 1755 483 resecat,
1787 443 1995 484 Gregorius5

319 488 528 530 diaconibus²
558 503 689 540 propter
718 496 832 538 prioris
863 495 974 537 culpae
1003 493 1172 534 maculam,
1204 494 1230 524 si
1260 486 1376 525 vellent
1409 495 1440 524 in
1471 492 1676 535 postmodum
1701 495 1874 534 continere,
1898 503 1962 526 non

318 551 463 592 denegat.
510 549 687 589 Gregorius
711 558 786 578 vero
811 547 970 584 diacones,
995 556 1074 588 quos
1099 545 1159 575 nisi
1184 546 1349 586 proposito
1381 546 1496 576 mentis
1524 550 1597 587 post
1619 552 1746 588 tempus
1773 545 1814 576 ad
1838 546 1964 576 castita-

319 610 380 633 tem
406 601 552 642 compelli
578 611 639 630 non
663 600 694 630 in
712 605 835 630 tantum
854 597 1013 639 probavit,
1038 596 1177 635 eosdem,
1202 597 1246 627 uti
1265 607 1388 627 mecum
1409 598 1519 637 sentis,
1542 597 1574 627 in
1592 602 1735 638 tempore
1759 597 1790 627 in
1808 597 1838 627 id
1857 597 1963 638 ipsum

318 653 473 695 propositi
504 658 576 682 ante
608 651 753 681 ordinem
786 660 922 690 cogens,
954 649 994 679 ab
1025 648 1201 689 episeopis,
1234 648 1295 678 nisi
1328 649 1544 688 continerent,
1574 648 1756 690 promoveri
1788 647 1963 690 prohibuit.
2000 663 2003 665 >

319 704 438 735 iccirco
463 714 542 744 pene
568 702 610 732 nil
635 702 741 739 distat,
766 702 841 742 quin
867 701 934 731 eius
958 705 989 730 et
1013 699 1154 730 Pafnutii
1179 700 1338 730 sententia
1363 700 1393 729 in
1417 710 1515 730 unum
1539 698 1690 731 confluat.
1736 700 1825 731 Iste⁸
1849 700 1888 730 de
1917 700 1961 730 in·
1983 714 2011 734 10

317 754 481 785 ordinate⁴
511 761 583 795 post
615 752 756 783 ordinem
789 751 971 793 prohibitis,
1001 750 1072 781 ille⁵
1101 756 1208 781 autem
1239 750 1278 781 de
1305 756 1378 781 ante
1403 752 1675 782 consecrationem
1699 752 1767 792 agit
1790 751 1963 793 usurpatis.

319 806 379 837 Iste
415 806 453 836 de
484 805 728 841 commixtione,
765 802 815 834 ille
846 813 938 842 ver0,
974 808 1008 832 ut
1042 802 1086 832 ita
1117 801 1237 841 dicam,
1272 802 1312 833 de
1342 802 1606 834 condormitione.
1650 802 1718 833 Nec
1748 808 1879 844 propter
1904 801 1964 834 hoc

317 863 427 888 neuter
458 867 577 895 eorum,
607 861 640 886 ut
670 855 747 885 milri
773 854 909 894 videtur,
941 854 970 883 in
995 852 1102 894 aliquo
1129 853 1292 884 canonicis
1316 854 1454 885 decretis
1477 853 1625 885 reluctari
1648 853 1784 894 videtur,
1809 855 1885 896 quia
1906 853 1964 885 ubi

317 908 456 939 nondum
483 919 538 949 por
562 906 664 948 legem
689 906 829 947 cognitio
854 905 976 947 peceati
1003 903 1191 941 inculcatur,
1216 906 1323 946 potius
1347 906 1494 936 suasoria
1517 905 1704 945 admonitio,
1730 915 1824 947 quam
1848 904 1963 947 legalis

315 959 473 990 districtio
497 964 694 991 exerceatur.
734 957 800 988 Aut
824 958 854 987 in
880 963 1034 998 tempore,
1059 956 1223 998 inquama,
1248 957 1402 987 iniustum
1426 956 1648 998 interdicatur,
1673 961 1729 987 aut
1751 957 1777 988 si
1801 956 1861 988 hoc
1881 956 1963 988 male
1984 970 2011 990 1⁵

317 1011 506 1051 neglegitur,
530 1007 771 1040 circumvolutis
795 1019 865 1038 cum
892 1007 1131 1038 linteaminibus
1155 1007 1304 1039 funiculis
1328 1008 1485 1050 propheta
1508 1014 1605 1050 puteo
1628 1008 1847 1042 extrahatur-b.

422 1061 508 1100 Quid
533 1060 648 1102 plura?
677 1071 762 1100 vere,
787 1060 812 1090 si
838 1059 1014 1099 Pafnutius,
1041 1059 1084 1090 uti
1111 1065 1143 1090 tu
1166 1060 1336 1101 peregrino
1360 1059 1519 1091 intellectu
1538 1059 1718 1100 arbitraris,
1742 1059 1791 1090 vel
1819 1059 1962 1091 ultroneo

315 1113 559 1154 argumentaris,
577 1111 724 1142 omnibus
738 1111 959 1142 sacerdotibus
971 1110 1130 1142 licentiam
1145 1110 1285 1142 nubendi
1299 1111 1492 1153 generaliter
1504 1111 1704 1150 concederet,
1721 1122 1783 1142 non
1800 1111 1844 1142 ita
1857 1111 1963 1153 singu·

316 1165 423 1196 lariter
437 1171 466 1195 et
483 1164 648 1195 evidenter
665 1163 703 1193 de
717 1168 789 1194 ante
806 1163 1077 1193 consecrationem
1097 1163 1259 1205 usurpatis
1275 1174 1370 1205 agere
1389 1163 1541 1194 studeret.
1571 1162 1687 1194 Adhoc
1703 1163 1797 1194 etiam
1816 1163 1841 1193 si
1859 1164 1890 1194 in
1906 1162 1963 1193 ali-

315 1227 377 1257 quo
395 1226 489 1246 sanae
507 1215 670 1246 doctrinae
686 1214 848 1244 adversari
865 1214 1046 1255 inspiceret,
1066 1213 1246 1245 nullatenus
1266 1215 1296 1245 in
1317 1215 1348 1246 id
1361 1215 1464 1256 ipsum
1480 1214 1655 1256 capitulum
1670 1213 1895 1253 Cassiodorus,
1911 1214 1962 1245 vir
1980 1225 2008 1245 20

314 1267 405 1298 divae
420 1267 601 1306 memoriae,
615 1276 814 1307 magnaeque
824 1266 1093 1296 conversationisc
1108 1274 1139 1297 ct
1152 1266 1349 1307 prudentiae,
1363 1272 1425 1298 tam
1441 1266 1583 1297 officiose
1597 1266 1636 1297 de
1647 1266 1753 1298 Greco
1766 1266 1798 1296 in
1807 1265 1960 1296 Latinum

314 1318 484 1350 transferre
498 1317 666 1348 laboraret.
694 1318 841 1355 Putasne,
859 1317 884 1347 si
902 1317 1019 1358 aliquis
1037 1318 1163 1348 scenica
1180 1323 1257 1357 arte,
1276 1324 1309 1349 ut
1324 1325 1359 1361 >tu
1376 1317 1466 1359 dicis,
1483 1329 1573 1348 suam
1591 1317 1727 1348 heresim
1745 1316 1805 1348 sub
1822 1327 1962 1359 persona

315 1369 453 1400 l'afnutii
479 1376 586 1410 tegere
610 1367 753 1408 auderet,
777 1367 991 1399 Cassiodorus
1015 1374 1077 1399 tam
1104 1370 1252 1410 egregius
1278 1370 1326 1400 vir
1349 1369 1409 1400 sibi
1434 1368 1654 1401 transferendo
1683 1369 1789 1400 favere
1812 1367 1963 1400 curaret?

314 1421 384 1452 Non
415 1432 504 1451 vere:
539 1420 613 1462 quia
645 1431 740 1450 omne
773 1430 864 1450 suum
896 1431 976 1461 opus
1000 1419 1063 1464 late
1087 1431 1144 1462 per
1167 1420 1338 1452 aecclesias
1363 1421 1484 1452 redolet
1506 1421 1702 1452 autenticum
1728 1426 1760 1452 et
1781 1418 1960 1461 laudabile3

314 1484 384 1504 cum
410 1471 508 1503 multa
533 1472 663 1512 scripta,
689 1477 722 1501 ut
746 1471 775 1501 in
801 1471 899 1501 veteri
925 1476 1115 1503 testamento
1139 1471 1262 1504 Tobiae
1285 1478 1436 1504 auctorc⁶
1459 1478 1491 1504 et
1515 1474 1546 1503 in
1570 1482 1664 1513 novo,
1689 1476 1722 1503 ut
1741 1470 1960 1514 Apoealipsis,
1980 1482 2008 1502 2⁵

315 1523 523 1555 translatore⁷
555 1523 695 1554 carentia
726 1523 930 1564 recipiamus,
959 1534 1014 1555 cur
1048 1534 1111 1553 non
1145 1523 1229 1554 istud
1261 1525 1366 1566 magis
1396 1530 1532 1567 utroque
1563 1523 1733 1565 probatum
1766 1521 1962 1564 diligamus?

315 1577 419 1616 Super
443 1575 520 1605 haec
543 1575 650 1615 ctiam,
675 1586 744 1605 eum
770 1575 874 1616 ipsum
899 1579 1043 1605 nostrum
1073 1576 1255 1617 pangirium
1282 1575 1502 1607 lberonimum
1534 1581 1657 1607 tantum
1686 1575 1840 1612 resecatis
1869 1575 1961 1605 iuxta

313 1627 415 1668 legem
439 1626 637 1667 alienigenae
663 1626 804 1656 crinibus
834 1632 865 1656 et
888 1625 1060 1667 unguibus,
1092 1626 1120 1657 id
1155 1632 1201 1657 est
1232 1626 1402 1668 superfluis
1433 1631 1464 1659 et
1494 1638 1570 1658 sane
1600 1627 1673 1659 fidei
1704 1625 1961 1668 repugnantibus

313 1679 490 1720 scripturae
514 1677 601 1718 locis,
627 1679 705 1719 ipsis
728 1677 879 1718 apocrisis
902 1677 1076 1719 aliquando
1100 1679 1291 1710 renunciare
1315 1669 1398 1719 nolle
1419 1690 1481 1710 non
1503 1679 1659 1720 ignorem,
1683 1688 1746 1721 qua
1761 1678 1865 1708 fronte
1889 1688 1959 1719 pre-

313 1730 434 1760 dictum
459 1736 555 1771 caput
580 1736 644 1760 tam
669 1730 876 1768 autenticum,
902 1729 1078 1770 probabile,
1102 1741 1199 1771 super
1221 1741 1334 1761 aurum
1360 1735 1391 1763 et
1414 1730 1585 1772 thopazion
1609 1731 1642 1761 in
1664 1730 1735 1762 istis
1758 1727 1960 1771 temporibus
1979 1739 2008 1759 so

313 1780 512 1820 delectabile,
543 1780 650 1811 nichili
684 1780 801 1811 habere
832 1781 1076 1822 presumerem‘?
1108 1780 1298 1821 nullatenus,
1331 1783 1407 1824 quia
1437 1789 1522 1813 esset
1550 1787 1662 1813 contra
1684 1781 1732 1812 fas
1761 1787 1793 1812 et
1817 1781 1877 1811 ius.
1920 1779 1958 1811 In

313 1844 349 1864 co
373 1838 478 1863 autem
504 1832 536 1863 id
555 1833 659 1874 ipsum
685 1832 724 1863 de
748 1832 919 1873 episcopis,
945 1832 1030 1874 quod
1055 1839 1085 1863 et
1110 1832 1148 1863 de
1172 1832 1242 1864 aliis
1266 1833 1432 1865 ordinibus
1455 1835 1519 1875 agi,
1543 1833 1627 1865 unde
1651 1839 1685 1865 tu
1708 1833 1752 1864 ita
1775 1832 1960 1864 summatim

311 1885 481 1915 mussitare.
504 1883 634 1916 videris,
659 1885 749 1925 quasi
775 1884 804 1913 in
830 1883 890 1914 hoc
913 1883 972 1914 sub
996 1894 1079 1925 equa
1103 1883 1286 1916 conditione
1310 1886 1432 1929 positos
1457 1897 1528 1917 esse
1553 1896 1614 1916 non
1632 1885 1773 1924 mireris;
1796 1894 1869 1915 nam
1894 1882 1960 1925 epi—

312 1947 427 1977 scopus
452 1946 523 1965 cum
548 1935 745 1976 presbyteris
769 1935 885 1965 crisma
909 1942 1083 1974 consecrat,
1115 1936 1284 1978 presbyter
1306 1948 1377 1968 cum
1402 1938 1564 1980 episcopis
1588 1948 1705 1979 corpus
1730 1935 1862 1967 Domini
1886 1945 1959 1965 con-

312 1987 386 2025 ficit,
412 1986 565 2017 diaconus
590 1998 686 2028 super
709 1986 808 2018 altare
832 1987 973 2018 misteria
997 1986 1135 2028 ordinat,
1160 1988 1301 2030 ipsisque
1325 1989 1414 2030 prior
1429 1988 1560 2021 calicem
1578 1989 1724 2030 porrigit,
1747 1997 1852 2029 aeque
1875 1996 1959 2017 com·
1979 1996 2008 2016 ³5

312 2039 469 2077 municat3
494 2038 569 2079 quid
596 2037 763 2068 I'afnutius
788 2038 818 2068 in
843 2039 900 2076 eis,
923 2049 985 2068 non
1011 2039 1149 2077 invenio,
1173 2038 1354 2072 discernere
1379 2039 1493 2072 valeat.

419 2089 481 2119 Ista
505 2090 611 2120 omnia
635 2100 697 2119 non
721 2089 790 2125 tibi,
815 2089 872 2120 sed
897 2089 993 2120 alicui
1018 2090 1174 2121 infatuato
1202 2091 1258 2122 sali
1284 2097 1346 2122 tam
1373 2091 1563 2123 enucleatim
1595 2091 1770 2123 deberent(¹
1793 2088 1960 2121 inculcari.

314 2139 439 2170 suffieit
461 2140 500 2170 dc
525 2140 593 2171 hoc.
639 2140 667 2167 0
693 2151 778 2171 mare
802 2140 981 2182 Neptunil⁸
1020 2141 1048 2173 O
1073 2142 1179 2172 sacra!
1227 2142 1309 2173 Proh
1333 2143 1449 2174 scelus!
1474 2154 1524 2175 me
1547 2149 1612 2174 tam
1636 2142 1844 2174 inclementer
1868 2141 1900 2171 in
1924 2150 1960 2172 os

314 2192 486 2232 increpari:
512 2192 641 2233 iusuper
659 2193 689 2222 in
707 2193 898 2233 pistrinum<³
915 2199 1034 2234 superc
1059 2192 1116 2223 hoc
1140 2193 1271 2233 retrudi,
1297 2195 1383 2236 quia,
1407 2206 1447 2226 ne
1470 2195 1577 2226 funem
1602 2194 1727 2226 tibimet
1743 2194 1805 2237 ipsi
1828 2192 1869 2224 ad
1886 2202 1958 2224 cru·

426 2349 451 2377 n)
472 2347 541 2371 ‹lec-st
562 2348 593 2372 G.
669 2348 695 2372 b»
719 2349 863 2373 extrahitur
884 2349 916 2373 G.
1005 2350 1029 2381 c)
1049 2350 1230 2375 conversionis
1251 2350 1275 2374 3.
1362 2351 1389 2379 d>
1410 2351 1508 2376 debent
1528 2351 1559 2375 G.
1635 2351 1660 2381 e)
1683 2358 1763 2383 super
1782 2349 1833 2374 hoc
1852 2348 1908 2374 dee.
1926 2347 1959 2373 G.

425 2436 451 2469 1)
476 2436 569 2460 Simili
592 2446 684 2461 errore
708 2446 770 2470 cop.
792 2437 819 2464 3.
843 2438 978 2471 epistolae
1002 2438 1102 2463 Leonis
1126 2439 1164 2463 od
1185 2439 1328 2465 Raeticum
1353 2441 1392 2466 ad
1408 2440 1512 2472 ‚thium
1535 2443 1660 2474 tempora
1691 2439 1787 2472 refert.
1874 2436 1904 2471 2)
1927 2435 1962 2463 Si

314 2495 366 2521 pro
389 2486 441 2511 hac
470 2495 534 2512 rore
563 2487 792 2513 *subdiacnnibns'
813 2489 1052 2522 posi'e11n1s11erc'!,
1078 2489 1107 2515 in
1135 2499 1189 2524 qna
1220 2499 1250 2516 re
1278 2491 1413 2517 Alboinns
1442 2495 1540 2518 contra
1567 2495 1680 2517 mentem
1711 2493 1735 2517 el
1758 2489 1844 2516 verba
1870 2487 1964 2514 sancti

317 2538 458 2571 Greqorn‘,
483 2539 555 2571 quod
574 2538 691 2565 I'eserm.
713 2549 742 2572 p.
761 2539 829 2572 ⁸256,
856 2549 880 2566 n,
900 2540 926 2566 5.
952 2540 1043 2573 obicit,
1067 2549 1173 2567 sensnm
1199 2542 1386 2575 detorquendo
1405 2543 1574 2577 peccat-erin
1598 2551 1651 2569 non
1674 2542 1764 2569 video.
1838 2540 1868 2575 3)
1891 2538 1961 2566 Scil-

318 2589 480 2621 messor-ins.
576 2590 605 2614 -ll
629 2589 662 2615 Id
686 2594 738 2615 cst:
764 2600 813 2615 ›mu
838 2594 936 2616 ‹fa-acto
960 2591 994 2617 ab
1018 2592 1176 2618 ordinando
1194 2593 1341 2627 proposilo
1363 2594 1531 2622 continendi.
1628 2594 1657 2628 5)
1681 2593 1751 2620 Scil.
1774 2589 1960 2626 Paphnuliue·
1978 2598 2009 2618 45

319 2640 347 2666 ‹J›
378 2640 411 2665 ld
435 2643 488 2666 cst:
519 2640 617 2665 inm-11·
640 2641 778 2674 1111‹·(0r='s;
807 2641 924 2667 Hieron.
955 2642 981 2667 ιἰι
1009 2644 1128 2677 prologo
1154 2644 1275 2678 yoleato.
1367 2644 1395 2679 7)
1421 2645 1494 2675 Quid
1516 2646 1584 2672 haec
1606 2645 1661 2671 sibi
1682 2644 1758 2677 velit,
1782 2642 1884 2676 nescio,
1905 2641 1962 2667 m'n'

312 2691 390 2723 *forte
412 2691 450 2716 (μὶ
476 2690 590 2716 Ι’,ἠ.οεὸι“ι’
612 2691 754 2716 historiam
780 2692 994 2718 ecclesiasticam
1018 2694 1065 2719 lib.
1091 2694 1152 2726 171,
1177 2704 1199 2721 c.
1226 2695 1274 2722 23.
1299 2696 1449 2729 reseratur,
1480 2697 1527 2723 ubi
1549 2697 1610 2730 quie
1633 2697 1680 2723 ille
1702 2695 1843 2723 Iohannen
1857 2692 1960 2727 fuera,

319 2743 448 2767 incertum
481 2751 536 2767 ηερε·
566 2742 678 2774 dicitnr,
709 2743 756 2776 qui
783 2743 863 2777 quasi
891 2745 1044 2770 translator
1074 2755 1145 2779 quoe
1171 2755 1188 2772 a
1214 2747 1276 2773 Deo
1297 2748 1421 2774 ret-clota
1449 2751 1511 2774 sunt
1533 2748 1656 2783 scripsie.
1765 2746 1794 2782 8)
1821 2745 1882 2775 TOT-
1905 2744 1961 2772 Ad·

324 2792 354 2826 V,
379 2793 406 2826 3,
431 2793 457 2820 4.
547 2793 575 2821 Ἣ,
601 2792 643 2825 Cf.
673 2793 732 2819 Ter.
758 2794 844 2819 Andr.
870 2795 892 2826 l,
919 2795 944 2826 2¹,
971 2795 1019 2821 25.

2115 352 2127 384 ὲ

2111 393 2132 778 ³
