<?xml version="1.0" encoding="UTF-8"?>
<!DOCTYPE html PUBLIC "-//W3C//DTD XHTML 1.0 Transitional//EN"
    "http://www.w3.org/TR/xhtml1/DTD/xhtml1-transitional.dtd">
<html xmlns="http://www.w3.org/1999/xhtml" xml:lang="en" lang="en">
 <head>
  <title>
</title>
<meta http-equiv="Content-Type" content="text/html;charset=utf-8" />
  <meta name='ocr-system' content='tesseract 3.04.00' />
  <meta name='ocr-capabilities' content='ocr_page ocr_carea ocr_par ocr_line ocrx_word'/>
</head>
<body>
  <div class='ocr_page' id='page_1' title='image "./monumenta02geseuoft_0082.png"; bbox 0 0 2132 3067; ppageno 0'>
   <div class='ocr_carea' id='block_1_1' title="bbox 211 239 325 258">
    <p class='ocr_par' dir='ltr' id='par_1_1' title="bbox 211 239 325 258">
     <span class='ocr_line' id='line_1_1' title="bbox 211 239 325 258; baseline -0.009 -1"><span class='ocrx_word' id='word_1_1' title='bbox 211 239 277 258; x_wconf 83' lang='lat' dir='ltr'>Num.</span> <span class='ocrx_word' id='word_1_2' title='bbox 290 240 325 257; x_wconf 76' lang='lat'><strong>¹22.</strong></span> 
     </span>
    </p>
   </div>
   <div class='ocr_carea' id='block_1_2' title="bbox 172 749 317 771">
    <p class='ocr_par' dir='ltr' id='par_1_2' title="bbox 172 749 317 771">
     <span class='ocr_line' id='line_1_2' title="bbox 172 749 317 771; baseline 0.007 -5"><span class='ocrx_word' id='word_1_3' title='bbox 172 749 239 766; x_wconf 65' lang='lat' dir='ltr'>nani,</span> <span class='ocrx_word' id='word_1_4' title='bbox 255 750 274 771; x_wconf 69' lang='lat' dir='ltr'>s,</span> <span class='ocrx_word' id='word_1_5' title='bbox 284 750 317 767; x_wconf 74' lang='lat' dir='ltr'>w.</span> 
     </span>
    </p>
   </div>
   <div class='ocr_carea' id='block_1_3' title="bbox 243 856 316 875">
    <p class='ocr_par' dir='ltr' id='par_1_3' title="bbox 243 856 316 875">
     <span class='ocr_line' id='line_1_3' title="bbox 243 856 316 875; baseline -0.014 -1"><span class='ocrx_word' id='word_1_6' title='bbox 243 856 270 875; x_wconf 67' lang='lat' dir='ltr'>it».</span> <span class='ocrx_word' id='word_1_7' title='bbox 281 856 316 874; x_wconf 78' lang='lat'>20.</span> 
     </span>
    </p>
   </div>
   <div class='ocr_carea' id='block_1_4' title="bbox 206 1292 321 1343">
    <p class='ocr_par' dir='ltr' id='par_1_4' title="bbox 206 1292 321 1343">
     <span class='ocr_line' id='line_1_4' title="bbox 235 1292 321 1313; baseline 0 -2"><span class='ocrx_word' id='word_1_8' title='bbox 235 1292 262 1313; x_wconf 71' lang='grc' dir='ltr'>Ὗ.</span> <span class='ocrx_word' id='word_1_9' title='bbox 275 1294 321 1312; x_wconf 76' lang='lat'>151.</span> 
     </span>
     <span class='ocr_line' id='line_1_5' title="bbox 206 1324 318 1343; baseline -0.009 -1"><span class='ocrx_word' id='word_1_10' title='bbox 206 1324 281 1343; x_wconf 54' lang='lat' dir='ltr'>Achfi.</span> <span class='ocrx_word' id='word_1_11' title='bbox 292 1324 318 1341; x_wconf 71' lang='lat'>2’0</span> 
     </span>
    </p>
   </div>
   <div class='ocr_carea' id='block_1_5' title="bbox 347 133 1589 166">
    <p class='ocr_par' dir='ltr' id='par_1_5' title="bbox 347 133 1589 166">
     <span class='ocr_line' id='line_1_6' title="bbox 347 133 1589 166; baseline -0.001 -4"><span class='ocrx_word' id='word_1_12' title='bbox 347 136 387 166; x_wconf 85' lang='grc'>68</span> <span class='ocrx_word' id='word_1_13' title='bbox 746 135 897 162; x_wconf 81' lang='lat' dir='ltr'>LIBELLI</span> <span class='ocrx_word' id='word_1_14' title='bbox 922 134 1118 161; x_wconf 81' lang='lat' dir='ltr'>BERNALDI</span> <span class='ocrx_word' id='word_1_15' title='bbox 1141 133 1379 160; x_wconf 84' lang='lat' dir='ltr'>PRESBYTERI</span> <span class='ocrx_word' id='word_1_16' title='bbox 1402 133 1589 161; x_wconf 84' lang='lat' dir='ltr'>MONACHI.</span> 
     </span>
    </p>
   </div>
   <div class='ocr_carea' id='block_1_6' title="bbox 336 221 2041 2224">
    <p class='ocr_par' dir='ltr' id='par_1_6' title="bbox 338 221 2041 779">
     <span class='ocr_line' id='line_1_7' title="bbox 345 221 1991 268; baseline -0.002 -11"><span class='ocrx_word' id='word_1_17' title='bbox 345 225 522 268; x_wconf 74' lang='lat' dir='ltr'>prophetaa</span> <span class='ocrx_word' id='word_1_18' title='bbox 553 237 570 256; x_wconf 91' lang='lat' dir='ltr'>a</span> <span class='ocrx_word' id='word_1_19' title='bbox 603 224 741 255; x_wconf 76' lang='lat' dir='ltr'>Balachb</span> <span class='ocrx_word' id='word_1_20' title='bbox 772 234 847 263; x_wconf 85' lang='lat' dir='ltr'>rege</span> <span class='ocrx_word' id='word_1_21' title='bbox 878 222 1094 253; x_wconf 79' lang='lat' dir='ltr'>Moabitarum</span> <span class='ocrx_word' id='word_1_22' title='bbox 1124 222 1164 253; x_wconf 84' lang='lat' dir='ltr'>ad</span> <span class='ocrx_word' id='word_1_23' title='bbox 1193 221 1475 253; x_wconf 81' lang='lat' dir='ltr'>maledicendumc</span> <span class='ocrx_word' id='word_1_24' title='bbox 1502 222 1577 254; x_wconf 85' lang='lat' dir='ltr'>filiis</span> <span class='ocrx_word' id='word_1_25' title='bbox 1601 223 1701 254; x_wconf 85' lang='lat' dir='ltr'>Israel</span> <span class='ocrx_word' id='word_1_26' title='bbox 1725 222 1906 254; x_wconf 85' lang='lat' dir='ltr'>conductus</span> <span class='ocrx_word' id='word_1_27' title='bbox 1929 223 1991 254; x_wconf 89' lang='lat' dir='ltr'>illis</span> 
     </span>
     <span class='ocr_line' id='line_1_8' title="bbox 345 272 1991 319; baseline -0.001 -12"><span class='ocrx_word' id='word_1_28' title='bbox 345 277 473 319; x_wconf 88' lang='lat' dir='ltr'>quidem</span> <span class='ocrx_word' id='word_1_29' title='bbox 498 277 529 306; x_wconf 89' lang='lat' dir='ltr'>in</span> <span class='ocrx_word' id='word_1_30' title='bbox 554 275 650 306; x_wconf 78' lang='lat' dir='ltr'>verbo</span> <span class='ocrx_word' id='word_1_31' title='bbox 676 275 805 305; x_wconf 82' lang='lat' dir='ltr'>Domini</span> <span class='ocrx_word' id='word_1_32' title='bbox 830 274 908 316; x_wconf 81' lang='lat' dir='ltr'>prod</span> <span class='ocrx_word' id='word_1_33' title='bbox 934 275 1042 315; x_wconf 87' lang='lat' dir='ltr'>precio</span> <span class='ocrx_word' id='word_1_34' title='bbox 1070 272 1260 304; x_wconf 84' lang='lat' dir='ltr'>maledicere</span> <span class='ocrx_word' id='word_1_35' title='bbox 1284 273 1416 311; x_wconf 81' lang='lat' dir='ltr'>studuit,</span> <span class='ocrx_word' id='word_1_36' title='bbox 1440 273 1495 304; x_wconf 87' lang='lat' dir='ltr'>sed</span> <span class='ocrx_word' id='word_1_37' title='bbox 1519 275 1709 315; x_wconf 72' lang='lat' dir='ltr'>pravitatem</span> <span class='ocrx_word' id='word_1_38' title='bbox 1735 285 1825 305; x_wconf 88' lang='lat' dir='ltr'>suam</span> <span class='ocrx_word' id='word_1_39' title='bbox 1850 274 1991 305; x_wconf 88' lang='lat' dir='ltr'>Domino</span> 
     </span>
     <span class='ocr_line' id='line_1_9' title="bbox 344 324 1990 367; baseline -0.001 -8"><span class='ocrx_word' id='word_1_40' title='bbox 344 333 469 359; x_wconf 87' lang='lat' dir='ltr'>vetante</span> <span class='ocrx_word' id='word_1_41' title='bbox 501 329 540 357; x_wconf 85' lang='lat' dir='ltr'>ad</span> <span class='ocrx_word' id='word_1_42' title='bbox 569 327 717 358; x_wconf 77' lang='lat' dir='ltr'>etl&#39;ectum</span> <span class='ocrx_word' id='word_1_43' title='bbox 749 337 811 356; x_wconf 89' lang='lat' dir='ltr'>non</span> <span class='ocrx_word' id='word_1_44' title='bbox 836 325 988 367; x_wconf 81' lang='lat' dir='ltr'>perduxit</span> <span class='ocrx_word' id='word_1_45' title='bbox 1019 335 1077 356; x_wconf 87' lang='lat' dir='ltr'>nec</span> <span class='ocrx_word' id='word_1_46' title='bbox 1101 324 1283 355; x_wconf 81' lang='lat' dir='ltr'>mercedem</span> <span class='ocrx_word' id='word_1_47' title='bbox 1308 325 1487 366; x_wconf 85' lang='lat' dir='ltr'>iniquitatis</span> <span class='ocrx_word' id='word_1_48' title='bbox 1511 326 1646 366; x_wconf 86' lang='lat' dir='ltr'>aceepit.</span> <span class='ocrx_word' id='word_1_49' title='bbox 1692 326 1755 365; x_wconf 73' lang='lat' dir='ltr'>Qui</span> <span class='ocrx_word' id='word_1_50' title='bbox 1781 330 1886 356; x_wconf 78' lang='lat' dir='ltr'>tamen</span> <span class='ocrx_word' id='word_1_51' title='bbox 1911 326 1990 357; x_wconf 86' lang='lat' dir='ltr'>adeo</span> 
     </span>
     <span class='ocr_line' id='line_1_10' title="bbox 345 376 1990 420; baseline -0.001 -11"><span class='ocrx_word' id='word_1_52' title='bbox 345 377 578 420; x_wconf 75' lang='lat' dir='ltr'>reprobabilise</span> <span class='ocrx_word' id='word_1_53' title='bbox 611 377 780 408; x_wconf 85' lang='lat' dir='ltr'>denotatur</span> <span class='ocrx_word' id='word_1_54' title='bbox 793 377 813 416; x_wconf 71' lang='lat' dir='ltr'>f,</span> <span class='ocrx_word' id='word_1_55' title='bbox 844 382 878 407; x_wconf 90' lang='lat' dir='ltr'>ut</span> <span class='ocrx_word' id='word_1_56' title='bbox 908 377 996 407; x_wconf 87' lang='lat' dir='ltr'>asina</span> <span class='ocrx_word' id='word_1_57' title='bbox 1029 377 1097 407; x_wconf 86' lang='lat' dir='ltr'>eius</span> <span class='ocrx_word' id='word_1_58' title='bbox 1129 376 1306 417; x_wconf 84' lang='lat' dir='ltr'>sapientior</span> <span class='ocrx_word' id='word_1_59' title='bbox 1339 386 1376 406; x_wconf 88' lang='lat' dir='ltr'>eo</span> <span class='ocrx_word' id='word_1_60' title='bbox 1411 376 1576 407; x_wconf 81' lang='lat' dir='ltr'>vesaniam</span> <span class='ocrx_word' id='word_1_61' title='bbox 1613 378 1681 407; x_wconf 90' lang='lat' dir='ltr'>eius</span> <span class='ocrx_word' id='word_1_62' title='bbox 1707 382 1738 408; x_wconf 87' lang='lat' dir='ltr'>et</span> <span class='ocrx_word' id='word_1_63' title='bbox 1772 377 1990 418; x_wconf 72' lang='lat' dir='ltr'>insipientiam</span> 
     </span>
     <span class='ocr_line' id='line_1_11' title="bbox 342 425 2024 471; baseline 0 -11"><span class='ocrx_word' id='word_1_64' title='bbox 342 431 535 471; x_wconf 82' lang='lat' dir='ltr'>corripuisse</span> <span class='ocrx_word' id='word_1_65' title='bbox 559 434 589 459; x_wconf 88' lang='lat' dir='ltr'>et</span> <span class='ocrx_word' id='word_1_66' title='bbox 612 440 684 459; x_wconf 88' lang='lat' dir='ltr'>eum</span> <span class='ocrx_word' id='word_1_67' title='bbox 709 438 726 458; x_wconf 88' lang='lat' dir='ltr'>a</span> <span class='ocrx_word' id='word_1_68' title='bbox 749 428 857 469; x_wconf 86' lang='lat' dir='ltr'>gladio</span> <span class='ocrx_word' id='word_1_69' title='bbox 882 429 1059 459; x_wconf 80' lang='lat' dir='ltr'>resistentis</span> <span class='ocrx_word' id='word_1_70' title='bbox 1083 428 1190 467; x_wconf 81' lang='lat' dir='ltr'>angeli</span> <span class='ocrx_word' id='word_1_71' title='bbox 1215 427 1372 468; x_wconf 84' lang='lat' dir='ltr'>eripuisse</span> <span class='ocrx_word' id='word_1_72' title='bbox 1395 425 1531 468; x_wconf 83' lang='lat' dir='ltr'>legatur,</span> <span class='ocrx_word' id='word_1_73' title='bbox 1561 439 1657 469; x_wconf 86' lang='lat' dir='ltr'>quam</span> <span class='ocrx_word' id='word_1_74' title='bbox 1682 429 1750 470; x_wconf 90' lang='lat' dir='ltr'>ipse</span> <span class='ocrx_word' id='word_1_75' title='bbox 1772 429 1906 470; x_wconf 82' lang='lat' dir='ltr'>angelus</span> <span class='ocrx_word' id='word_1_76' title='bbox 1929 440 1992 460; x_wconf 90' lang='lat' dir='ltr'>non</span> <span class='ocrx_word' id='word_1_77' title='bbox 2011 440 2024 459; x_wconf 88' lang='lat'><strong>5</strong></span> 
     </span>
     <span class='ocr_line' id='line_1_12' title="bbox 342 478 1994 520; baseline 0 -8"><span class='ocrx_word' id='word_1_78' title='bbox 342 483 528 512; x_wconf 84' lang='lat' dir='ltr'>morituram</span> <span class='ocrx_word' id='word_1_79' title='bbox 560 480 626 510; x_wconf 80' lang='lat' dir='ltr'>sore</span> <span class='ocrx_word' id='word_1_80' title='bbox 658 484 790 511; x_wconf 86' lang='lat' dir='ltr'>testatus</span> <span class='ocrx_word' id='word_1_81' title='bbox 819 485 876 518; x_wconf 83' lang='lat' dir='ltr'>est,</span> <span class='ocrx_word' id='word_1_82' title='bbox 905 480 1000 510; x_wconf 88' lang='lat' dir='ltr'>etiam</span> <span class='ocrx_word' id='word_1_83' title='bbox 1034 479 1060 509; x_wconf 83' lang='lat' dir='ltr'>si</span> <span class='ocrx_word' id='word_1_84' title='bbox 1090 479 1220 520; x_wconf 56' lang='lat' dir='ltr'>ipsum&amp;</span> <span class='ocrx_word' id='word_1_85' title='bbox 1243 478 1417 520; x_wconf 90' lang='lat' dir='ltr'>reprobum</span> <span class='ocrx_word' id='word_1_86' title='bbox 1443 478 1632 520; x_wconf 88' lang='lat' dir='ltr'>prophetam</span> <span class='ocrx_word' id='word_1_87' title='bbox 1658 479 1767 511; x_wconf 87' lang='lat' dir='ltr'>debita</span> <span class='ocrx_word' id='word_1_88' title='bbox 1790 486 1891 511; x_wconf 89' lang='lat' dir='ltr'>morte</span> <span class='ocrx_word' id='word_1_89' title='bbox 1915 481 1994 512; x_wconf 88' lang='lat' dir='ltr'>mul-</span> 
     </span>
     <span class='ocr_line' id='line_1_13' title="bbox 342 529 1992 574; baseline 0 -11"><span class='ocrx_word' id='word_1_90' title='bbox 342 538 449 563; x_wconf 79' lang='lat' dir='ltr'>tasset.</span> <span class='ocrx_word' id='word_1_91' title='bbox 496 532 529 561; x_wconf 71' lang='lat' dir='ltr'>Si</span> <span class='ocrx_word' id='word_1_92' title='bbox 554 543 629 571; x_wconf 76' lang='lat' dir='ltr'>ergo</span> <span class='ocrx_word' id='word_1_93' title='bbox 656 530 785 562; x_wconf 85' lang='lat' dir='ltr'>l&#39;›alaam</span> <span class='ocrx_word' id='word_1_94' title='bbox 810 531 957 562; x_wconf 76' lang='lat' dir='ltr'>tantumh</span> <span class='ocrx_word' id='word_1_95' title='bbox 981 530 1119 561; x_wconf 86' lang='lat' dir='ltr'>amando</span> <span class='ocrx_word' id='word_1_96' title='bbox 1145 529 1324 561; x_wconf 79' lang='lat' dir='ltr'>mercedem</span> <span class='ocrx_word' id='word_1_97' title='bbox 1341 531 1521 572; x_wconf 83' lang='lat' dir='ltr'>iniquitatis</span> <span class='ocrx_word' id='word_1_98' title='bbox 1538 531 1619 561; x_wconf 87' lang='lat' dir='ltr'>adeo</span> <span class='ocrx_word' id='word_1_99' title='bbox 1636 530 1752 572; x_wconf 88' lang='lat' dir='ltr'>legitur</span> <span class='ocrx_word' id='word_1_100' title='bbox 1768 532 1992 574; x_wconf 84' lang='lat' dir='ltr'>reprobabilis,</span> 
     </span>
     <span class='ocr_line' id='line_1_14' title="bbox 342 580 1993 625; baseline 0.001 -12"><span class='ocrx_word' id='word_1_101' title='bbox 342 589 460 625; x_wconf 85' lang='lat' dir='ltr'>quanto</span> <span class='ocrx_word' id='word_1_102' title='bbox 484 584 587 623; x_wconf 74' lang='lat' dir='ltr'>magis</span> <span class='ocrx_word' id='word_1_103' title='bbox 612 582 662 612; x_wconf 87' lang='lat' dir='ltr'>ille</span> <span class='ocrx_word' id='word_1_104' title='bbox 687 582 768 612; x_wconf 85' lang='lat' dir='ltr'>inter</span> <span class='ocrx_word' id='word_1_105' title='bbox 792 581 947 624; x_wconf 82' lang='lat' dir='ltr'>reprobos</span> <span class='ocrx_word' id='word_1_106' title='bbox 971 587 1019 612; x_wconf 84' lang='lat' dir='ltr'>est</span> <span class='ocrx_word' id='word_1_107' title='bbox 1043 581 1289 623; x_wconf 76' lang='lat' dir='ltr'>computandus,</span> <span class='ocrx_word' id='word_1_108' title='bbox 1315 582 1461 623; x_wconf 84' lang='lat' dir='ltr'>quicum</span> <span class='ocrx_word' id='word_1_109' title='bbox 1480 580 1611 612; x_wconf 86' lang='lat' dir='ltr'>Balaam</span> <span class='ocrx_word' id='word_1_110' title='bbox 1635 581 1674 614; x_wconf 87' lang='lat' dir='ltr'>de</span> <span class='ocrx_word' id='word_1_111' title='bbox 1698 583 1901 624; x_wconf 85' lang='lat' dir='ltr'>iniquissima</span> <span class='ocrx_word' id='word_1_112' title='bbox 1919 595 1993 614; x_wconf 88' lang='lat' dir='ltr'>ven-</span> 
     </span>
     <span class='ocr_line' id='line_1_15' title="bbox 340 633 1993 675; baseline 0.001 -10"><span class='ocrx_word' id='word_1_113' title='bbox 340 636 459 666; x_wconf 77' lang='lat' dir='ltr'>ditione</span> <span class='ocrx_word' id='word_1_114' title='bbox 490 633 665 675; x_wconf 83' lang='lat' dir='ltr'>spiritualis</span> <span class='ocrx_word' id='word_1_115' title='bbox 697 633 793 664; x_wconf 77' lang='lat' dir='ltr'>officii</span> <span class='ocrx_word' id='word_1_116' title='bbox 826 635 970 674; x_wconf 87' lang='lat' dir='ltr'>precium</span> <span class='ocrx_word' id='word_1_117' title='bbox 1003 633 1240 664; x_wconf 75' lang='lat' dir='ltr'>studiosissime</span> <span class='ocrx_word' id='word_1_118' title='bbox 1269 633 1405 674; x_wconf 88' lang='lat' dir='ltr'>requirit</span> <span class='ocrx_word' id='word_1_119' title='bbox 1434 644 1492 664; x_wconf 91' lang='lat' dir='ltr'>nec</span> <span class='ocrx_word' id='word_1_120' title='bbox 1516 639 1630 673; x_wconf 85' lang='lat' dir='ltr'>cessat,</span> <span class='ocrx_word' id='word_1_121' title='bbox 1658 633 1761 665; x_wconf 90' lang='lat' dir='ltr'>donec</span> <span class='ocrx_word' id='word_1_122' title='bbox 1784 634 1993 666; x_wconf 79' lang='lat' dir='ltr'>ambitionem</span> 
     </span>
     <span class='ocr_line' id='line_1_16' title="bbox 338 684 2041 727; baseline -0.001 -11"><span class='ocrx_word' id='word_1_123' title='bbox 338 697 427 717; x_wconf 87' lang='lat' dir='ltr'>suam</span> <span class='ocrx_word' id='word_1_124' title='bbox 452 686 491 715; x_wconf 87' lang='lat' dir='ltr'>ad</span> <span class='ocrx_word' id='word_1_125' title='bbox 515 685 663 715; x_wconf 81' lang='lat' dir='ltr'>effectum</span> <span class='ocrx_word' id='word_1_126' title='bbox 689 685 889 725; x_wconf 74' lang='lat' dir='ltr'>perducati?</span> <span class='ocrx_word' id='word_1_127' title='bbox 936 685 1084 716; x_wconf 86' lang='lat' dir='ltr'>Preterea</span> <span class='ocrx_word' id='word_1_128' title='bbox 1108 685 1220 715; x_wconf 83' lang='lat' dir='ltr'>beatus</span> <span class='ocrx_word' id='word_1_129' title='bbox 1245 684 1446 715; x_wconf 70' lang='lat' dir='ltr'>Ieronimusk</span> <span class='ocrx_word' id='word_1_130' title='bbox 1471 685 1502 715; x_wconf 86' lang='lat' dir='ltr'>in</span> <span class='ocrx_word' id='word_1_131' title='bbox 1528 689 1664 716; x_wconf 84' lang='lat' dir='ltr'>tractatu</span> <span class='ocrx_word' id='word_1_132' title='bbox 1687 697 1785 727; x_wconf 87' lang='lat' dir='ltr'>super</span> <span class='ocrx_word' id='word_1_133' title='bbox 1801 685 1988 718; x_wconf 79' lang='lat' dir='ltr'>Matheum·</span> <span class='ocrx_word' id='word_1_134' title='bbox 2015 697 2041 716; x_wconf 89' lang='grc' dir='ltr'>ιο</span> 
     </span>
     <span class='ocr_line' id='line_1_17' title="bbox 338 736 1993 779; baseline 0.001 -12"><span class='ocrx_word' id='word_1_135' title='bbox 338 737 424 768; x_wconf 90' lang='lat' dir='ltr'>illum</span> <span class='ocrx_word' id='word_1_136' title='bbox 450 738 597 775; x_wconf 80' lang='lat' dir='ltr'>scribam,</span> <span class='ocrx_word' id='word_1_137' title='bbox 622 737 675 777; x_wconf 82' lang='lat' dir='ltr'>qui</span> <span class='ocrx_word' id='word_1_138' title='bbox 701 736 784 766; x_wconf 84' lang='lat' dir='ltr'>dixit</span> <span class='ocrx_word' id='word_1_139' title='bbox 807 736 894 767; x_wconf 80' lang='lat' dir='ltr'>Iesu:</span> <span class='ocrx_word' id='word_1_140' title='bbox 923 737 1104 778; x_wconf 49' lang='lat' dir='ltr'>‘immistam</span> <span class='ocrx_word' id='word_1_141' title='bbox 1127 747 1248 778; x_wconf 72' lang='lat' dir='ltr'>sequar</span> <span class='ocrx_word' id='word_1_142' title='bbox 1270 741 1308 776; x_wconf 75' lang='lat' dir='ltr'>te,</span> <span class='ocrx_word' id='word_1_143' title='bbox 1337 747 1535 777; x_wconf 74' lang='lat' dir='ltr'>quocumque</span> <span class='ocrx_word' id='word_1_144' title='bbox 1556 736 1654 776; x_wconf 79' lang='lat' dir='ltr'>ieris’,</span> <span class='ocrx_word' id='word_1_145' title='bbox 1684 737 1755 768; x_wconf 87' lang='lat' dir='ltr'>ideo</span> <span class='ocrx_word' id='word_1_146' title='bbox 1787 738 1993 779; x_wconf 87' lang='lat' dir='ltr'>repudiatum</span> 
     </span>
    </p>

    <p class='ocr_par' dir='ltr' id='par_1_7' title="bbox 337 787 1993 881">
     <span class='ocr_line' id='line_1_18' title="bbox 337 787 1993 830; baseline 0.001 -11"><span class='ocrx_word' id='word_1_147' title='bbox 337 801 356 820; x_wconf 85' lang='lat' dir='ltr'>a</span> <span class='ocrx_word' id='word_1_148' title='bbox 380 788 520 819; x_wconf 87' lang='lat' dir='ltr'>Domino</span> <span class='ocrx_word' id='word_1_149' title='bbox 555 793 699 827; x_wconf 84' lang='lat' dir='ltr'>testatur,</span> <span class='ocrx_word' id='word_1_150' title='bbox 730 788 805 828; x_wconf 86' lang='lat' dir='ltr'>quia</span> <span class='ocrx_word' id='word_1_151' title='bbox 828 798 915 818; x_wconf 86' lang='lat' dir='ltr'>more</span> <span class='ocrx_word' id='word_1_152' title='bbox 940 788 1091 829; x_wconf 53' lang='lat' dir='ltr'>symonis</span> <span class='ocrx_word' id='word_1_153' title='bbox 1116 788 1202 827; x_wconf 83' lang='lat' dir='ltr'>magi</span> <span class='ocrx_word' id='word_1_154' title='bbox 1227 798 1298 818; x_wconf 89' lang='lat' dir='ltr'>eum</span> <span class='ocrx_word' id='word_1_155' title='bbox 1324 788 1414 828; x_wconf 89' lang='lat' dir='ltr'>sequi</span> <span class='ocrx_word' id='word_1_156' title='bbox 1440 787 1585 828; x_wconf 82' lang='lat' dir='ltr'>voluerit,</span> <span class='ocrx_word' id='word_1_157' title='bbox 1616 795 1650 819; x_wconf 89' lang='lat' dir='ltr'>ut</span> <span class='ocrx_word' id='word_1_158' title='bbox 1673 799 1713 819; x_wconf 80' lang='lat' dir='ltr'>ex</span> <span class='ocrx_word' id='word_1_159' title='bbox 1737 799 1870 830; x_wconf 86' lang='lat' dir='ltr'>operum</span> <span class='ocrx_word' id='word_1_160' title='bbox 1899 790 1993 820; x_wconf 81' lang='lat' dir='ltr'>mira-</span> 
     </span>
     <span class='ocr_line' id='line_1_19' title="bbox 338 838 1989 881; baseline 0.001 -11"><span class='ocrx_word' id='word_1_161' title='bbox 338 839 415 870; x_wconf 83' lang='lat' dir='ltr'>culis</span> <span class='ocrx_word' id='word_1_162' title='bbox 438 839 560 870; x_wconf 85' lang='lat' dir='ltr'>luerum</span> <span class='ocrx_word' id='word_1_163' title='bbox 578 844 814 880; x_wconf 77' lang='lat' dir='ltr'>assequeretur.</span> <span class='ocrx_word' id='word_1_164' title='bbox 862 838 955 869; x_wconf 87' lang='lat' dir='ltr'>Unde</span> <span class='ocrx_word' id='word_1_165' title='bbox 979 844 1010 869; x_wconf 87' lang='lat' dir='ltr'>et</span> <span class='ocrx_word' id='word_1_166' title='bbox 1034 839 1096 869; x_wconf 87' lang='lat' dir='ltr'>sibi</span> <span class='ocrx_word' id='word_1_167' title='bbox 1112 851 1131 870; x_wconf 87' lang='lat' dir='ltr'>a</span> <span class='ocrx_word' id='word_1_168' title='bbox 1149 839 1288 870; x_wconf 87' lang='lat' dir='ltr'>Domino</span> <span class='ocrx_word' id='word_1_169' title='bbox 1307 838 1556 880; x_wconf 70' lang='lat' dir='ltr'>respondetur-¹:</span> <span class='ocrx_word' id='word_1_170' title='bbox 1581 839 1714 881; x_wconf 86' lang='lat' dir='ltr'>‘Vulpes</span> <span class='ocrx_word' id='word_1_171' title='bbox 1733 841 1844 871; x_wconf 84' lang='lat' dir='ltr'>foveas</span> <span class='ocrx_word' id='word_1_172' title='bbox 1862 841 1989 872; x_wconf 87' lang='lat' dir='ltr'>habent&#39;</span> 
     </span>
    </p>

    <p class='ocr_par' dir='ltr' id='par_1_8' title="bbox 336 889 2040 1137">
     <span class='ocr_line' id='line_1_20' title="bbox 337 889 1992 932; baseline 0.001 -11"><span class='ocrx_word' id='word_1_173' title='bbox 337 897 367 921; x_wconf 90' lang='lat' dir='ltr'>et</span> <span class='ocrx_word' id='word_1_174' title='bbox 391 890 522 932; x_wconf 82' lang='lat' dir='ltr'>reliqua,</span> <span class='ocrx_word' id='word_1_175' title='bbox 545 902 582 921; x_wconf 83' lang='lat' dir='ltr'>ac</span> <span class='ocrx_word' id='word_1_176' title='bbox 607 891 631 920; x_wconf 82' lang='lat' dir='ltr'>si</span> <span class='ocrx_word' id='word_1_177' title='bbox 657 890 791 921; x_wconf 84' lang='lat' dir='ltr'>diceret:</span> <span class='ocrx_word' id='word_1_178' title='bbox 832 889 898 921; x_wconf 83' lang='lat' dir='ltr'>Cur</span> <span class='ocrx_word' id='word_1_179' title='bbox 923 895 1053 932; x_wconf 86' lang='lat' dir='ltr'>propter</span> <span class='ocrx_word' id='word_1_180' title='bbox 1077 889 1164 920; x_wconf 84' lang='lat' dir='ltr'>luera</span> <span class='ocrx_word' id='word_1_181' title='bbox 1195 895 1226 921; x_wconf 88' lang='lat' dir='ltr'>et</span> <span class='ocrx_word' id='word_1_182' title='bbox 1251 889 1386 920; x_wconf 86' lang='lat' dir='ltr'>divicias</span> <span class='ocrx_word' id='word_1_183' title='bbox 1410 896 1482 920; x_wconf 69' lang='lat' dir='ltr'>me*n</span> <span class='ocrx_word' id='word_1_184' title='bbox 1508 890 1555 920; x_wconf 85' lang='lat' dir='ltr'>vis</span> <span class='ocrx_word' id='word_1_185' title='bbox 1580 892 1682 932; x_wconf 85' lang='lat' dir='ltr'>sequi,</span> <span class='ocrx_word' id='word_1_186' title='bbox 1707 902 1778 922; x_wconf 89' lang='lat' dir='ltr'>eum</span> <span class='ocrx_word' id='word_1_187' title='bbox 1803 896 1909 923; x_wconf 83' lang='lat' dir='ltr'>tantae</span> <span class='ocrx_word' id='word_1_188' title='bbox 1933 893 1992 923; x_wconf 84' lang='lat' dir='ltr'>sim</span> 
     </span>
     <span class='ocr_line' id='line_1_21' title="bbox 336 940 2040 985; baseline 0 -13"><span class='ocrx_word' id='word_1_189' title='bbox 336 943 545 984; x_wconf 79' lang='lat' dir='ltr'>paupertatis⁷</span> <span class='ocrx_word' id='word_1_190' title='bbox 576 947 610 972; x_wconf 87' lang='lat' dir='ltr'>ut</span> <span class='ocrx_word' id='word_1_191' title='bbox 634 952 690 972; x_wconf 80' lang='lat' dir='ltr'>nec</span> <span class='ocrx_word' id='word_1_192' title='bbox 714 942 879 983; x_wconf 86' lang='lat' dir='ltr'>proprium</span> <span class='ocrx_word' id='word_1_193' title='bbox 913 941 1064 972; x_wconf 86' lang='lat' dir='ltr'>habeamn</span> <span class='ocrx_word' id='word_1_194' title='bbox 1097 941 1288 983; x_wconf 80' lang='lat' dir='ltr'>hospicium,</span> <span class='ocrx_word' id='word_1_195' title='bbox 1320 952 1394 972; x_wconf 90' lang='lat' dir='ltr'>cum</span> <span class='ocrx_word' id='word_1_196' title='bbox 1419 940 1531 982; x_wconf 85' lang='lat' dir='ltr'>vulpes</span> <span class='ocrx_word' id='word_1_197' title='bbox 1563 942 1659 973; x_wconf 87' lang='lat' dir='ltr'>etiam</span> <span class='ocrx_word' id='word_1_198' title='bbox 1691 950 1721 974; x_wconf 83' lang='lat' dir='ltr'>et</span> <span class='ocrx_word' id='word_1_199' title='bbox 1744 942 1890 974; x_wconf 85' lang='lat' dir='ltr'>volucres</span> <span class='ocrx_word' id='word_1_200' title='bbox 1921 954 1992 985; x_wconf 92' lang='lat' dir='ltr'>pro-</span> <span class='ocrx_word' id='word_1_201' title='bbox 2015 953 2040 973; x_wconf 70' lang='grc' dir='ltr'>ιε</span> 
     </span>
     <span class='ocr_line' id='line_1_22' title="bbox 338 992 1991 1035; baseline 0.002 -12"><span class='ocrx_word' id='word_1_202' title='bbox 338 995 424 1035; x_wconf 71' lang='lat' dir='ltr'>prias</span> <span class='ocrx_word' id='word_1_203' title='bbox 449 993 587 1023; x_wconf 84' lang='lat' dir='ltr'>habeant</span> <span class='ocrx_word' id='word_1_204' title='bbox 617 994 841 1023; x_wconf 64' lang='lat' dir='ltr'>mansionesa?</span> <span class='ocrx_word' id='word_1_205' title='bbox 893 992 926 1023; x_wconf 81' lang='lat' dir='ltr'>Si</span> <span class='ocrx_word' id='word_1_206' title='bbox 960 993 1059 1034; x_wconf 86' lang='lat' dir='ltr'>igitur</span> <span class='ocrx_word' id='word_1_207' title='bbox 1081 992 1141 1031; x_wconf 88' lang='lat' dir='ltr'>ille,</span> <span class='ocrx_word' id='word_1_208' title='bbox 1171 994 1224 1035; x_wconf 87' lang='lat' dir='ltr'>qui</span> <span class='ocrx_word' id='word_1_209' title='bbox 1255 992 1419 1034; x_wconf 84' lang='lat' dir='ltr'>spirituale</span> <span class='ocrx_word' id='word_1_210' title='bbox 1451 992 1593 1023; x_wconf 82' lang='lat' dir='ltr'>officium</span> <span class='ocrx_word' id='word_1_211' title='bbox 1626 998 1706 1034; x_wconf 87' lang='lat' dir='ltr'>pro⁰</span> <span class='ocrx_word' id='word_1_212' title='bbox 1737 994 1826 1025; x_wconf 90' lang='lat' dir='ltr'>lucro</span> <span class='ocrx_word' id='word_1_213' title='bbox 1867 1000 1991 1026; x_wconf 85' lang='lat' dir='ltr'>tantum</span> 
     </span>
     <span class='ocr_line' id='line_1_23' title="bbox 337 1044 1994 1088; baseline 0.002 -13"><span class='ocrx_word' id='word_1_214' title='bbox 337 1056 487 1075; x_wconf 81' lang='lat' dir='ltr'>exercere</span> <span class='ocrx_word' id='word_1_215' title='bbox 511 1044 644 1080; x_wconf 75' lang='lat' dir='ltr'>voluitr’,</span> <span class='ocrx_word' id='word_1_216' title='bbox 677 1045 717 1075; x_wconf 89' lang='lat' dir='ltr'>ab</span> <span class='ocrx_word' id='word_1_217' title='bbox 742 1044 811 1086; x_wconf 87' lang='lat' dir='ltr'>ipso</span> <span class='ocrx_word' id='word_1_218' title='bbox 836 1045 998 1075; x_wconf 77' lang='lat' dir='ltr'>Domino‘l</span> <span class='ocrx_word' id='word_1_219' title='bbox 1027 1045 1094 1075; x_wconf 88' lang='lat' dir='ltr'>iure</span> <span class='ocrx_word' id='word_1_220' title='bbox 1118 1044 1341 1085; x_wconf 61' lang='lat' dir='ltr'>reprobatur‘,</span> <span class='ocrx_word' id='word_1_221' title='bbox 1372 1050 1491 1086; x_wconf 87' lang='lat' dir='ltr'>quanto</span> <span class='ocrx_word' id='word_1_222' title='bbox 1523 1045 1626 1086; x_wconf 86' lang='lat' dir='ltr'>magis</span> <span class='ocrx_word' id='word_1_223' title='bbox 1656 1044 1719 1086; x_wconf 82' lang='lat' dir='ltr'>ille,</span> <span class='ocrx_word' id='word_1_224' title='bbox 1748 1046 1803 1088; x_wconf 92' lang='lat' dir='ltr'>qui</span> <span class='ocrx_word' id='word_1_225' title='bbox 1832 1051 1864 1078; x_wconf 90' lang='lat' dir='ltr'>et</span> <span class='ocrx_word' id='word_1_226' title='bbox 1887 1046 1994 1078; x_wconf 88' lang='lat' dir='ltr'>huius-</span> 
     </span>
     <span class='ocr_line' id='line_1_24' title="bbox 337 1094 1282 1137; baseline 0 -11"><span class='ocrx_word' id='word_1_227' title='bbox 337 1096 423 1127; x_wconf 87' lang='lat' dir='ltr'>modi</span> <span class='ocrx_word' id='word_1_228' title='bbox 447 1095 587 1126; x_wconf 77' lang='lat' dir='ltr'>officium</span> <span class='ocrx_word' id='word_1_229' title='bbox 613 1097 761 1137; x_wconf 76' lang='lat' dir='ltr'>penitus³</span> <span class='ocrx_word' id='word_1_230' title='bbox 785 1095 861 1126; x_wconf 81' lang='lat' dir='ltr'>aliir</span> <span class='ocrx_word' id='word_1_231' title='bbox 885 1096 1071 1126; x_wconf 88' lang='lat' dir='ltr'>vendidisse</span> <span class='ocrx_word' id='word_1_232' title='bbox 1095 1094 1282 1136; x_wconf 82' lang='lat' dir='ltr'>detegitur?</span> 
     </span>
    </p>

    <p class='ocr_par' dir='ltr' id='par_1_9' title="bbox 339 1150 2041 2224">
     <span class='ocr_line' id='line_1_25' title="bbox 445 1150 1995 1195; baseline 0.003 -14"><span class='ocrx_word' id='word_1_233' title='bbox 445 1151 566 1184; x_wconf 79' lang='lat' dir='ltr'>VIIII.z</span> <span class='ocrx_word' id='word_1_234' title='bbox 603 1151 773 1192; x_wconf 82' lang='lat' dir='ltr'>Emptores</span> <span class='ocrx_word' id='word_1_235' title='bbox 790 1156 896 1182; x_wconf 87' lang='lat' dir='ltr'>autem</span> <span class='ocrx_word' id='word_1_236' title='bbox 915 1150 1128 1193; x_wconf 84' lang='lat' dir='ltr'>spiritualium</span> <span class='ocrx_word' id='word_1_237' title='bbox 1147 1150 1346 1181; x_wconf 74' lang='lat' dir='ltr'>officiorumS</span> <span class='ocrx_word' id='word_1_238' title='bbox 1372 1161 1444 1180; x_wconf 86' lang='lat' dir='ltr'>cum</span> <span class='ocrx_word' id='word_1_239' title='bbox 1463 1151 1534 1192; x_wconf 89' lang='lat' dir='ltr'>ipso</span> <span class='ocrx_word' id='word_1_240' title='bbox 1551 1152 1697 1194; x_wconf 87' lang='lat' dir='ltr'>principe</span> <span class='ocrx_word' id='word_1_241' title='bbox 1721 1163 1830 1183; x_wconf 89' lang='lat' dir='ltr'>eorum</span> <span class='ocrx_word' id='word_1_242' title='bbox 1853 1152 1995 1195; x_wconf 83' lang='lat' dir='ltr'>Symone</span> 
     </span>
     <span class='ocr_line' id='line_1_26' title="bbox 340 1201 2041 1246; baseline 0.001 -13"><span class='ocrx_word' id='word_1_243' title='bbox 340 1214 434 1244; x_wconf 79' lang='lat' dir='ltr'>mago</span> <span class='ocrx_word' id='word_1_244' title='bbox 464 1203 495 1232; x_wconf 90' lang='lat' dir='ltr'>in</span> <span class='ocrx_word' id='word_1_245' title='bbox 520 1203 656 1233; x_wconf 73' lang='lat' dir='ltr'>Actibus</span> <span class='ocrx_word' id='word_1_246' title='bbox 684 1202 902 1244; x_wconf 83' lang='lat' dir='ltr'>apostolorum</span> <span class='ocrx_word' id='word_1_247' title='bbox 933 1203 1119 1244; x_wconf 75' lang='lat' dir='ltr'>dampnati²</span> <span class='ocrx_word' id='word_1_248' title='bbox 1149 1201 1334 1243; x_wconf 74' lang='lat' dir='ltr'>legunturu,</span> <span class='ocrx_word' id='word_1_249' title='bbox 1365 1203 1421 1233; x_wconf 89' lang='lat' dir='ltr'>ubi</span> <span class='ocrx_word' id='word_1_250' title='bbox 1450 1202 1502 1234; x_wconf 90' lang='lat' dir='ltr'>ille</span> <span class='ocrx_word' id='word_1_251' title='bbox 1531 1209 1638 1234; x_wconf 86' lang='lat' dir='ltr'>noster</span> <span class='ocrx_word' id='word_1_252' title='bbox 1667 1204 1813 1244; x_wconf 71' lang='lat' dir='ltr'>Symonv</span> <span class='ocrx_word' id='word_1_253' title='bbox 1844 1205 1994 1246; x_wconf 85' lang='lat' dir='ltr'>princeps</span> <span class='ocrx_word' id='word_1_254' title='bbox 2013 1216 2041 1236; x_wconf 72' lang='lat'>20</span> 
     </span>
     <span class='ocr_line' id='line_1_27' title="bbox 339 1253 1996 1296; baseline 0.001 -11"><span class='ocrx_word' id='word_1_255' title='bbox 339 1253 559 1296; x_wconf 83' lang='lat' dir='ltr'>apostolorum</span> <span class='ocrx_word' id='word_1_256' title='bbox 583 1254 720 1285; x_wconf 88' lang='lat' dir='ltr'>eundem</span> <span class='ocrx_word' id='word_1_257' title='bbox 745 1253 843 1284; x_wconf 86' lang='lat' dir='ltr'>alium</span> <span class='ocrx_word' id='word_1_258' title='bbox 869 1254 1044 1295; x_wconf 83' lang='lat' dir='ltr'>Symonem</span> <span class='ocrx_word' id='word_1_259' title='bbox 1069 1254 1248 1295; x_wconf 85' lang='lat' dir='ltr'>principem</span> <span class='ocrx_word' id='word_1_260' title='bbox 1265 1258 1486 1295; x_wconf 86' lang='lat' dir='ltr'>apostatarum</span> <span class='ocrx_word' id='word_1_261' title='bbox 1510 1259 1641 1286; x_wconf 87' lang='lat' dir='ltr'>aeterna</span> <span class='ocrx_word' id='word_1_262' title='bbox 1662 1254 1893 1296; x_wconf 84' lang='lat' dir='ltr'>dampnatione</span> <span class='ocrx_word' id='word_1_263' title='bbox 1916 1255 1996 1286; x_wconf 89' lang='lat' dir='ltr'>mul-</span> 
     </span>
     <span class='ocr_line' id='line_1_28' title="bbox 341 1299 1996 1347; baseline 0.001 -11"><span class='ocrx_word' id='word_1_264' title='bbox 341 1307 429 1344; x_wconf 81' lang='lat' dir='ltr'>tavit,</span> <span class='ocrx_word' id='word_1_265' title='bbox 450 1306 494 1336; x_wconf 87' lang='lat' dir='ltr'>ita</span> <span class='ocrx_word' id='word_1_266' title='bbox 511 1305 705 1337; x_wconf 84' lang='lat' dir='ltr'>decernens:</span> <span class='ocrx_word' id='word_1_267' title='bbox 729 1305 890 1336; x_wconf 72' lang='lat' dir='ltr'>‘Pecunia</span> <span class='ocrx_word' id='word_1_268' title='bbox 907 1311 994 1336; x_wconf 72' lang='lat' dir='ltr'>tuaw</span> <span class='ocrx_word' id='word_1_269' title='bbox 1011 1311 1112 1337; x_wconf 82' lang='lat' dir='ltr'>tecum</span> <span class='ocrx_word' id='word_1_270' title='bbox 1130 1306 1171 1336; x_wconf 75' lang='lat' dir='ltr'>sit</span> <span class='ocrx_word' id='word_1_271' title='bbox 1188 1307 1223 1336; x_wconf 80' lang='lat' dir='ltr'>in</span> <span class='ocrx_word' id='word_1_272' title='bbox 1238 1305 1432 1346; x_wconf 71' lang='lat' dir='ltr'>perditione,</span> <span class='ocrx_word' id='word_1_273' title='bbox 1451 1308 1606 1347; x_wconf 78' lang='lat' dir='ltr'>quoniam</span> <span class='ocrx_word' id='word_1_274' title='bbox 1623 1299 1839 1338; x_wconf 41' lang='lat' dir='ltr'>existimasti*</span> <span class='ocrx_word' id='word_1_275' title='bbox 1855 1307 1996 1338; x_wconf 72' lang='lat' dir='ltr'>donva</span> 
     </span>
     <span class='ocr_line' id='line_1_29' title="bbox 342 1357 1994 1399; baseline 0.001 -11"><span class='ocrx_word' id='word_1_276' title='bbox 342 1358 406 1388; x_wconf 75' lang='lat' dir='ltr'>Dei</span> <span class='ocrx_word' id='word_1_277' title='bbox 424 1359 571 1399; x_wconf 74' lang='lat' dir='ltr'>pecunia</span> <span class='ocrx_word' id='word_1_278' title='bbox 589 1357 767 1399; x_wconf 75' lang='lat' dir='ltr'>possideri.</span> <span class='ocrx_word' id='word_1_279' title='bbox 802 1357 877 1388; x_wconf 78' lang='lat' dir='ltr'>Non</span> <span class='ocrx_word' id='word_1_280' title='bbox 895 1362 939 1388; x_wconf 81' lang='lat' dir='ltr'>est</span> <span class='ocrx_word' id='word_1_281' title='bbox 962 1357 1021 1388; x_wconf 78' lang='lat' dir='ltr'>tibi</span> <span class='ocrx_word' id='word_1_282' title='bbox 1041 1369 1125 1398; x_wconf 81' lang='lat' dir='ltr'>pars</span> <span class='ocrx_word' id='word_1_283' title='bbox 1149 1368 1251 1398; x_wconf 73' lang='lat' dir='ltr'>neque</span> <span class='ocrx_word' id='word_1_284' title='bbox 1268 1368 1338 1387; x_wconf 82' lang='lat' dir='ltr'>sors</span> <span class='ocrx_word' id='word_1_285' title='bbox 1364 1358 1398 1388; x_wconf 78' lang='lat' dir='ltr'>in</span> <span class='ocrx_word' id='word_1_286' title='bbox 1422 1369 1566 1388; x_wconf 67' lang='lat' dir='ltr'>sermone</span> <span class='ocrx_word' id='word_1_287' title='bbox 1589 1359 1658 1390; x_wconf 82' lang='lat' dir='ltr'>isto.</span> <span class='ocrx_word' id='word_1_288' title='bbox 1696 1358 1758 1390; x_wconf 80' lang='lat' dir='ltr'>Cor</span> <span class='ocrx_word' id='word_1_289' title='bbox 1772 1359 1888 1390; x_wconf 59' lang='lat' dir='ltr'>enimv</span> <span class='ocrx_word' id='word_1_290' title='bbox 1903 1364 1994 1390; x_wconf 78' lang='lat' dir='ltr'>tuum</span> 
     </span>
     <span class='ocr_line' id='line_1_30' title="bbox 342 1408 1994 1452; baseline 0.001 -13"><span class='ocrx_word' id='word_1_291' title='bbox 342 1420 408 1440; x_wconf 74' lang='lat' dir='ltr'>non</span> <span class='ocrx_word' id='word_1_292' title='bbox 443 1414 487 1440; x_wconf 80' lang='lat' dir='ltr'>est</span> <span class='ocrx_word' id='word_1_293' title='bbox 519 1414 640 1440; x_wconf 75' lang='lat' dir='ltr'>rectum</span> <span class='ocrx_word' id='word_1_294' title='bbox 671 1420 779 1440; x_wconf 75' lang='lat' dir='ltr'>coram</span> <span class='ocrx_word' id='word_1_295' title='bbox 807 1409 903 1439; x_wconf 69' lang='lat' dir='ltr'>DeoZ.</span> <span class='ocrx_word' id='word_1_296' title='bbox 948 1408 1166 1440; x_wconf 67' lang='lat' dir='ltr'>I’e‘nitentiam</span> <span class='ocrx_word' id='word_1_297' title='bbox 1204 1409 1311 1450; x_wconf 78' lang='lat' dir='ltr'>itaque</span> <span class='ocrx_word' id='word_1_298' title='bbox 1343 1420 1405 1451; x_wconf 73' lang='lat' dir='ltr'>aye</span> <span class='ocrx_word' id='word_1_299' title='bbox 1434 1409 1473 1440; x_wconf 80' lang='lat' dir='ltr'>de</span> <span class='ocrx_word' id='word_1_300' title='bbox 1505 1409 1567 1439; x_wconf 74' lang='lat' dir='ltr'>Izac</span> <span class='ocrx_word' id='word_1_301' title='bbox 1595 1409 1733 1440; x_wconf 72' lang='lat' dir='ltr'>malicia</span> <span class='ocrx_word' id='word_1_302' title='bbox 1763 1415 1822 1440; x_wconf 80' lang='grc' dir='ltr'>ίιια</span> <span class='ocrx_word' id='word_1_303' title='bbox 1852 1415 1881 1440; x_wconf 79' lang='lat' dir='ltr'>et</span> <span class='ocrx_word' id='word_1_304' title='bbox 1911 1421 1994 1452; x_wconf 74' lang='lat' dir='ltr'>roya</span> 
     </span>
     <span class='ocr_line' id='line_1_31' title="bbox 342 1460 2041 1502; baseline 0.001 -11"><span class='ocrx_word' id='word_1_305' title='bbox 342 1461 458 1501; x_wconf 73' lang='lat' dir='ltr'>Deum,</span> <span class='ocrx_word' id='word_1_306' title='bbox 481 1462 510 1491; x_wconf 79' lang='lat' dir='ltr'>si</span> <span class='ocrx_word' id='word_1_307' title='bbox 523 1460 616 1502; x_wconf 78' lang='lat' dir='ltr'>forte</span> <span class='ocrx_word' id='word_1_308' title='bbox 638 1461 822 1491; x_wconf 73' lang='lat' dir='ltr'>remittatur</span> <span class='ocrx_word' id='word_1_309' title='bbox 845 1460 905 1491; x_wconf 77' lang='lat' dir='ltr'>tibi</span> <span class='ocrx_word' id='word_1_310' title='bbox 928 1460 1006 1491; x_wconf 72' lang='lat' dir='ltr'>haec</span> <span class='ocrx_word' id='word_1_311' title='bbox 1031 1461 1184 1502; x_wconf 74' lang='lat' dir='ltr'>coyitatio</span> <span class='ocrx_word' id='word_1_312' title='bbox 1208 1460 1316 1491; x_wconf 76' lang='lat' dir='ltr'>cordis</span> <span class='ocrx_word' id='word_1_313' title='bbox 1339 1461 1397 1492; x_wconf 73' lang='lat' dir='ltr'>tui.</span> <span class='ocrx_word' id='word_1_314' title='bbox 1436 1461 1475 1491; x_wconf 82' lang='lat' dir='ltr'>In</span> <span class='ocrx_word' id='word_1_315' title='bbox 1489 1460 1571 1501; x_wconf 79' lang='lat' dir='ltr'>felle</span> <span class='ocrx_word' id='word_1_316' title='bbox 1595 1462 1679 1492; x_wconf 80' lang='lat' dir='ltr'>enim</span> <span class='ocrx_word' id='word_1_317' title='bbox 1704 1461 1944 1493; x_wconf 74' lang='lat' dir='ltr'>amaritudinis</span> <span class='ocrx_word' id='word_1_318' title='bbox 1966 1467 1994 1493; x_wconf 83' lang='lat' dir='ltr'>et</span> <span class='ocrx_word' id='word_1_319' title='bbox 2014 1473 2041 1492; x_wconf 79' lang='lat'>25</span> 
     </span>
     <span class='ocr_line' id='line_1_32' title="bbox 343 1511 1994 1554; baseline 0.001 -11"><span class='ocrx_word' id='word_1_320' title='bbox 343 1511 539 1553; x_wconf 67' lang='lat' dir='ltr'>ohlz&#39;yatione</span> <span class='ocrx_word' id='word_1_321' title='bbox 563 1512 751 1553; x_wconf 77' lang='lat' dir='ltr'>iniquitatis</span> <span class='ocrx_word' id='word_1_322' title='bbox 776 1512 866 1543; x_wconf 77' lang='lat' dir='ltr'>video</span> <span class='ocrx_word' id='word_1_323' title='bbox 890 1517 918 1543; x_wconf 80' lang='lat' dir='ltr'>te</span> <span class='ocrx_word' id='word_1_324' title='bbox 941 1524 1016 1543; x_wconf 79' lang='lat' dir='ltr'>esse.</span> <span class='ocrx_word' id='word_1_325' title='bbox 1062 1512 1278 1553; x_wconf 75' lang='lat' dir='ltr'>Respondeas</span> <span class='ocrx_word' id='word_1_326' title='bbox 1303 1517 1407 1542; x_wconf 73' lang='lat' dir='ltr'>autem</span> <span class='ocrx_word' id='word_1_327' title='bbox 1434 1512 1554 1554; x_wconf 67' lang='lat' dir='ltr'>&amp;ymon</span> <span class='ocrx_word' id='word_1_328' title='bbox 1579 1512 1683 1544; x_wconf 67' lang='lat' dir='ltr'>dimit.-</span> <span class='ocrx_word' id='word_1_329' title='bbox 1707 1512 1915 1544; x_wconf 72' lang='lat' dir='ltr'>Precamini³</span> <span class='ocrx_word' id='word_1_330' title='bbox 1938 1524 1994 1544; x_wconf 80' lang='lat' dir='ltr'>vos</span> 
     </span>
     <span class='ocr_line' id='line_1_33' title="bbox 340 1563 1993 1606; baseline 0.001 -12"><span class='ocrx_word' id='word_1_331' title='bbox 340 1575 402 1604; x_wconf 76' lang='lat' dir='ltr'>pro</span> <span class='ocrx_word' id='word_1_332' title='bbox 424 1576 472 1594; x_wconf 76' lang='lat' dir='ltr'>me</span> <span class='ocrx_word' id='word_1_333' title='bbox 495 1564 539 1594; x_wconf 79' lang='lat' dir='ltr'>ad</span> <span class='ocrx_word' id='word_1_334' title='bbox 562 1563 678 1604; x_wconf 73' lang='lat' dir='ltr'>Deum,</span> <span class='ocrx_word' id='word_1_335' title='bbox 708 1568 741 1593; x_wconf 77' lang='lat' dir='ltr'>ut</span> <span class='ocrx_word' id='word_1_336' title='bbox 773 1563 876 1594; x_wconf 71' lang='lat' dir='ltr'>nichil</span> <span class='ocrx_word' id='word_1_337' title='bbox 905 1563 1034 1595; x_wconf 71' lang='lat' dir='ltr'>veniatb</span> <span class='ocrx_word' id='word_1_338' title='bbox 1065 1575 1165 1604; x_wconf 73' lang='lat' dir='ltr'>super</span> <span class='ocrx_word' id='word_1_339' title='bbox 1194 1575 1240 1594; x_wconf 76' lang='lat' dir='ltr'>me</span> <span class='ocrx_word' id='word_1_340' title='bbox 1269 1563 1394 1603; x_wconf 78' lang='lat' dir='ltr'>horum,</span> <span class='ocrx_word' id='word_1_341' title='bbox 1426 1575 1509 1604; x_wconf 79' lang='lat' dir='ltr'>quae</span> <span class='ocrx_word' id='word_1_342' title='bbox 1540 1564 1682 1595; x_wconf 73' lang='lat' dir='ltr'>dixistis.</span> <span class='ocrx_word' id='word_1_343' title='bbox 1727 1564 1768 1595; x_wconf 85' lang='lat' dir='ltr'>Et</span> <span class='ocrx_word' id='word_1_344' title='bbox 1790 1569 1867 1595; x_wconf 88' lang='lat' dir='ltr'>nota</span> <span class='ocrx_word' id='word_1_345' title='bbox 1889 1565 1993 1606; x_wconf 87' lang='lat' dir='ltr'>ipsum</span> 
     </span>
     <span class='ocr_line' id='line_1_34' title="bbox 343 1614 1994 1658; baseline 0.001 -13"><span class='ocrx_word' id='word_1_346' title='bbox 343 1614 577 1646; x_wconf 78' lang='lat' dir='ltr'>heresiarcham</span> <span class='ocrx_word' id='word_1_347' title='bbox 603 1614 777 1656; x_wconf 81' lang='lat' dir='ltr'>Symonem</span> <span class='ocrx_word' id='word_1_348' title='bbox 803 1626 932 1656; x_wconf 89' lang='lat' dir='ltr'>magum</span> <span class='ocrx_word' id='word_1_349' title='bbox 957 1626 1016 1656; x_wconf 91' lang='lat' dir='ltr'>pro</span> <span class='ocrx_word' id='word_1_350' title='bbox 1040 1614 1107 1645; x_wconf 89' lang='lat' dir='ltr'>sola</span> <span class='ocrx_word' id='word_1_351' title='bbox 1131 1615 1254 1646; x_wconf 79' lang='lat' dir='ltr'>nefaria</span> <span class='ocrx_word' id='word_1_352' title='bbox 1279 1615 1474 1655; x_wconf 83' lang='lat' dir='ltr'>cogitatione</span> <span class='ocrx_word' id='word_1_353' title='bbox 1505 1614 1546 1646; x_wconf 87' lang='lat' dir='ltr'>ab</span> <span class='ocrx_word' id='word_1_354' title='bbox 1578 1615 1735 1657; x_wconf 77' lang='lat' dir='ltr'>equivoco</span> <span class='ocrx_word' id='word_1_355' title='bbox 1759 1626 1817 1646; x_wconf 90' lang='lat' dir='ltr'>suo</span> <span class='ocrx_word' id='word_1_356' title='bbox 1841 1615 1994 1658; x_wconf 80' lang='lat' dir='ltr'>dampna-</span> 
     </span>
     <span class='ocr_line' id='line_1_35' title="bbox 343 1665 1993 1708; baseline 0.001 -11"><span class='ocrx_word' id='word_1_357' title='bbox 343 1671 409 1697; x_wconf 86' lang='lat' dir='ltr'>tum</span> <span class='ocrx_word' id='word_1_358' title='bbox 419 1672 441 1707; x_wconf 64' lang='grc' dir='ltr'>ὓ,</span> <span class='ocrx_word' id='word_1_359' title='bbox 466 1677 559 1708; x_wconf 89' lang='lat' dir='ltr'>quem</span> <span class='ocrx_word' id='word_1_360' title='bbox 571 1667 583 1686; x_wconf 82' lang='lat'>‘¹</span> <span class='ocrx_word' id='word_1_361' title='bbox 607 1666 757 1697; x_wconf 83' lang='lat' dir='ltr'>videlieet</span> <span class='ocrx_word' id='word_1_362' title='bbox 773 1666 937 1708; x_wconf 85' lang='lat' dir='ltr'>spirituale</span> <span class='ocrx_word' id='word_1_363' title='bbox 955 1666 1096 1696; x_wconf 75' lang='lat' dir='ltr'>officinm</span> <span class='ocrx_word' id='word_1_364' title='bbox 1115 1667 1248 1698; x_wconf 85' lang='lat' dir='ltr'>mereari</span> <span class='ocrx_word' id='word_1_365' title='bbox 1273 1665 1475 1697; x_wconf 87' lang='lat' dir='ltr'>solummodo</span> <span class='ocrx_word' id='word_1_366' title='bbox 1498 1667 1666 1708; x_wconf 83' lang='lat' dir='ltr'>cogitasse,</span> <span class='ocrx_word' id='word_1_367' title='bbox 1690 1666 1871 1698; x_wconf 86' lang='lat' dir='ltr'>nullatenus</span> <span class='ocrx_word' id='word_1_368' title='bbox 1886 1672 1993 1698; x_wconf 82' lang='lat' dir='ltr'>autem</span> 
     </span>
     <span class='ocr_line' id='line_1_36' title="bbox 344 1717 2041 1761; baseline 0.001 -13"><span class='ocrx_word' id='word_1_369' title='bbox 344 1723 406 1749; x_wconf 88' lang='lat' dir='ltr'>tam</span> <span class='ocrx_word' id='word_1_370' title='bbox 436 1718 589 1749; x_wconf 83' lang='lat' dir='ltr'>nefariam</span> <span class='ocrx_word' id='word_1_371' title='bbox 619 1719 870 1759; x_wconf 82' lang='lat' dir='ltr'>negotiationem</span> <span class='ocrx_word' id='word_1_372' title='bbox 902 1717 1040 1759; x_wconf 82' lang='lat' dir='ltr'>legimus</span> <span class='ocrx_word' id='word_1_373' title='bbox 1071 1717 1222 1760; x_wconf 81' lang='lat' dir='ltr'>implesse</span> <span class='ocrx_word' id='word_1_374' title='bbox 1234 1724 1256 1749; x_wconf 62' lang='grc' dir='ltr'>θ.</span> <span class='ocrx_word' id='word_1_375' title='bbox 1303 1718 1444 1749; x_wconf 80' lang='lat' dir='ltr'>Videsne</span> <span class='ocrx_word' id='word_1_376' title='bbox 1479 1718 1610 1759; x_wconf 75' lang='lat' dir='ltr'>igiturs,</span> <span class='ocrx_word' id='word_1_377' title='bbox 1641 1729 1737 1761; x_wconf 84' lang='lat' dir='ltr'>quam</span> <span class='ocrx_word' id='word_1_378' title='bbox 1762 1717 1995 1751; x_wconf 86' lang='lat' dir='ltr'>rationabiliter</span> <span class='ocrx_word' id='word_1_379' title='bbox 2013 1730 2041 1750; x_wconf 83' lang='lat' dir='ltr'>so</span> 
     </span>
     <span class='ocr_line' id='line_1_37' title="bbox 343 1769 1995 1812; baseline 0.001 -12"><span class='ocrx_word' id='word_1_380' title='bbox 343 1769 386 1800; x_wconf 91' lang='lat' dir='ltr'>illi</span> <span class='ocrx_word' id='word_1_381' title='bbox 419 1770 642 1811; x_wconf 76' lang='lat' dir='ltr'>dampnentur,</span> <span class='ocrx_word' id='word_1_382' title='bbox 678 1771 731 1812; x_wconf 88' lang='lat' dir='ltr'>qui</span> <span class='ocrx_word' id='word_1_383' title='bbox 762 1774 793 1801; x_wconf 88' lang='lat' dir='ltr'>et</span> <span class='ocrx_word' id='word_1_384' title='bbox 822 1774 884 1800; x_wconf 84' lang='lat' dir='ltr'>tam</span> <span class='ocrx_word' id='word_1_385' title='bbox 918 1769 1107 1810; x_wconf 64' lang='lat' dir='ltr'>inhianterg,</span> <span class='ocrx_word' id='word_1_386' title='bbox 1145 1775 1179 1801; x_wconf 88' lang='lat' dir='ltr'>ut</span> <span class='ocrx_word' id='word_1_387' title='bbox 1210 1771 1333 1811; x_wconf 56' lang='lat' dir='ltr'>&amp;ymon</span> <span class='ocrx_word' id='word_1_388' title='bbox 1363 1781 1486 1811; x_wconf 79' lang='lat' dir='ltr'>magus,</span> <span class='ocrx_word' id='word_1_389' title='bbox 1517 1769 1697 1811; x_wconf 83' lang='lat' dir='ltr'>spiritualia</span> <span class='ocrx_word' id='word_1_390' title='bbox 1728 1770 1834 1801; x_wconf 80' lang='lat' dir='ltr'>officia</span> <span class='ocrx_word' id='word_1_391' title='bbox 1860 1771 1995 1802; x_wconf 83' lang='lat' dir='ltr'>mereari</span> 
     </span>
     <span class='ocr_line' id='line_1_38' title="bbox 344 1820 1993 1863; baseline 0.001 -12"><span class='ocrx_word' id='word_1_392' title='bbox 344 1822 576 1862; x_wconf 80' lang='lat' dir='ltr'>concupiscunt</span> <span class='ocrx_word' id='word_1_393' title='bbox 606 1826 638 1852; x_wconf 85' lang='lat' dir='ltr'>et</span> <span class='ocrx_word' id='word_1_394' title='bbox 664 1822 796 1863; x_wconf 87' lang='lat' dir='ltr'>insuper</span> <span class='ocrx_word' id='word_1_395' title='bbox 824 1820 1039 1852; x_wconf 71' lang='lat' dir='ltr'>desideratam</span> <span class='ocrx_word' id='word_1_396' title='bbox 1069 1822 1320 1863; x_wconf 85' lang='lat' dir='ltr'>negotiationem</span> <span class='ocrx_word' id='word_1_397' title='bbox 1352 1821 1532 1862; x_wconf 87' lang='lat' dir='ltr'>perficiunt,</span> <span class='ocrx_word' id='word_1_398' title='bbox 1563 1822 1617 1863; x_wconf 88' lang='lat' dir='ltr'>qui</span> <span class='ocrx_word' id='word_1_399' title='bbox 1649 1827 1681 1852; x_wconf 86' lang='lat' dir='ltr'>et</span> <span class='ocrx_word' id='word_1_400' title='bbox 1704 1821 1815 1853; x_wconf 90' lang='lat' dir='ltr'>eadem</span> <span class='ocrx_word' id='word_1_401' title='bbox 1839 1821 1993 1854; x_wconf 83' lang='lat' dir='ltr'>scelerate</span> 
     </span>
     <span class='ocr_line' id='line_1_39' title="bbox 343 1872 1993 1915; baseline 0.001 -12"><span class='ocrx_word' id='word_1_402' title='bbox 343 1873 499 1915; x_wconf 83' lang='lat' dir='ltr'>acquisita</span> <span class='ocrx_word' id='word_1_403' title='bbox 522 1873 708 1904; x_wconf 84' lang='lat' dir='ltr'>sceleratius</span> <span class='ocrx_word' id='word_1_404' title='bbox 732 1874 788 1913; x_wconf 85' lang='lat' dir='ltr'>uti,</span> <span class='ocrx_word' id='word_1_405' title='bbox 813 1873 910 1903; x_wconf 82' lang='lat' dir='ltr'>innuo</span> <span class='ocrx_word' id='word_1_406' title='bbox 934 1872 1022 1903; x_wconf 91' lang='lat' dir='ltr'>abuti</span> <span class='ocrx_word' id='word_1_407' title='bbox 1047 1884 1110 1903; x_wconf 89' lang='lat' dir='ltr'>non</span> <span class='ocrx_word' id='word_1_408' title='bbox 1134 1872 1306 1903; x_wconf 71' lang='lat' dir='ltr'>verentur?</span> <span class='ocrx_word' id='word_1_409' title='bbox 1345 1872 1439 1903; x_wconf 85' lang='lat' dir='ltr'>Unde</span> <span class='ocrx_word' id='word_1_410' title='bbox 1465 1884 1528 1903; x_wconf 89' lang='lat' dir='ltr'>non</span> <span class='ocrx_word' id='word_1_411' title='bbox 1553 1883 1666 1914; x_wconf 90' lang='lat' dir='ltr'>parum</span> <span class='ocrx_word' id='word_1_412' title='bbox 1690 1873 1795 1914; x_wconf 87' lang='lat' dir='ltr'>ipsum</span> <span class='ocrx_word' id='word_1_413' title='bbox 1818 1872 1993 1915; x_wconf 74' lang='lat' dir='ltr'>Symonem</span> 
     </span>
     <span class='ocr_line' id='line_1_40' title="bbox 344 1924 1994 1967; baseline 0.002 -13"><span class='ocrx_word' id='word_1_414' title='bbox 344 1936 474 1965; x_wconf 83' lang='lat' dir='ltr'>magum</span> <span class='ocrx_word' id='word_1_415' title='bbox 506 1925 536 1954; x_wconf 92' lang='lat' dir='ltr'>in</span> <span class='ocrx_word' id='word_1_416' title='bbox 571 1925 666 1966; x_wconf 88' lang='lat' dir='ltr'>culpa</span> <span class='ocrx_word' id='word_1_417' title='bbox 701 1925 874 1966; x_wconf 87' lang='lat' dir='ltr'>precedere</span> <span class='ocrx_word' id='word_1_418' title='bbox 903 1924 1060 1955; x_wconf 85' lang='lat' dir='ltr'>videntur.</span> <span class='ocrx_word' id='word_1_419' title='bbox 1115 1924 1170 1955; x_wconf 88' lang='lat' dir='ltr'>Ille</span> <span class='ocrx_word' id='word_1_420' title='bbox 1203 1925 1287 1955; x_wconf 83' lang='lat' dir='ltr'>enim</span> <span class='ocrx_word' id='word_1_421' title='bbox 1318 1925 1524 1965; x_wconf 73' lang='lat' dir='ltr'>emptionem,</span> <span class='ocrx_word' id='word_1_422' title='bbox 1560 1935 1656 1966; x_wconf 87' lang='lat' dir='ltr'>quam</span> <span class='ocrx_word' id='word_1_423' title='bbox 1692 1924 1774 1956; x_wconf 86' lang='lat' dir='ltr'>male</span> <span class='ocrx_word' id='word_1_424' title='bbox 1798 1926 1994 1967; x_wconf 84' lang='lat' dir='ltr'>concupivit,</span> 
     </span>
     <span class='ocr_line' id='line_1_41' title="bbox 344 1975 2040 2019; baseline 0.001 -13"><span class='ocrx_word' id='word_1_425' title='bbox 344 1976 525 2007; x_wconf 80' lang='lat' dir='ltr'>nullatenus</span> <span class='ocrx_word' id='word_1_426' title='bbox 554 1976 594 2007; x_wconf 93' lang='lat' dir='ltr'>ad</span> <span class='ocrx_word' id='word_1_427' title='bbox 625 1976 772 2007; x_wconf 77' lang='lat' dir='ltr'>effectum</span> <span class='ocrx_word' id='word_1_428' title='bbox 805 1975 967 2018; x_wconf 77' lang='lat' dir='ltr'>perduxit,</span> <span class='ocrx_word' id='word_1_429' title='bbox 995 1977 1048 2017; x_wconf 90' lang='lat' dir='ltr'>qui</span> <span class='ocrx_word' id='word_1_430' title='bbox 1080 1987 1137 2017; x_wconf 88' lang='lat' dir='ltr'>pro</span> <span class='ocrx_word' id='word_1_431' title='bbox 1169 1975 1235 2006; x_wconf 85' lang='lat' dir='ltr'>solo</span> <span class='ocrx_word' id='word_1_432' title='bbox 1268 1975 1388 2006; x_wconf 86' lang='lat' dir='ltr'>nefario</span> <span class='ocrx_word' id='word_1_433' title='bbox 1419 1977 1566 2017; x_wconf 84' lang='lat' dir='ltr'>appetitu</span> <span class='ocrx_word' id='word_1_434' title='bbox 1597 1975 1791 2018; x_wconf 87' lang='lat' dir='ltr'>dampnatus</span> <span class='ocrx_word' id='word_1_435' title='bbox 1821 1988 1878 2019; x_wconf 86' lang='lat' dir='ltr'>per</span> <span class='ocrx_word' id='word_1_436' title='bbox 1905 1978 1993 2019; x_wconf 87' lang='lat' dir='ltr'>ipsos</span> <span class='ocrx_word' id='word_1_437' title='bbox 2012 1987 2040 2008; x_wconf 75' lang='lat'>³5</span> 
     </span>
     <span class='ocr_line' id='line_1_42' title="bbox 344 2027 1993 2070; baseline 0.002 -13"><span class='ocrx_word' id='word_1_438' title='bbox 344 2027 505 2069; x_wconf 77' lang='lat' dir='ltr'>apostolos</span> <span class='ocrx_word' id='word_1_439' title='bbox 535 2027 620 2069; x_wconf 81' lang='lat' dir='ltr'>apud</span> <span class='ocrx_word' id='word_1_440' title='bbox 648 2028 750 2058; x_wconf 86' lang='lat' dir='ltr'>Deum</span> <span class='ocrx_word' id='word_1_441' title='bbox 781 2028 906 2059; x_wconf 88' lang='lat' dir='ltr'>efficere</span> <span class='ocrx_word' id='word_1_442' title='bbox 929 2028 1060 2065; x_wconf 87' lang='lat' dir='ltr'>studuit,</span> <span class='ocrx_word' id='word_1_443' title='bbox 1092 2033 1126 2058; x_wconf 87' lang='lat' dir='ltr'>ut</span> <span class='ocrx_word' id='word_1_444' title='bbox 1151 2027 1391 2068; x_wconf 74' lang='lat' dir='ltr'>dampimmrias</span> <span class='ocrx_word' id='word_1_445' title='bbox 1415 2039 1524 2057; x_wconf 85' lang='lat' dir='ltr'>eorum</span> <span class='ocrx_word' id='word_1_446' title='bbox 1549 2029 1723 2058; x_wconf 86' lang='lat' dir='ltr'>sententias</span> <span class='ocrx_word' id='word_1_447' title='bbox 1746 2028 1993 2070; x_wconf 84' lang='lat' dir='ltr'>subterfugeret,</span> 
     </span>
     <span class='ocr_line' id='line_1_43' title="bbox 345 2078 1994 2121; baseline 0.001 -12"><span class='ocrx_word' id='word_1_448' title='bbox 345 2091 406 2109; x_wconf 87' lang='lat' dir='ltr'>non</span> <span class='ocrx_word' id='word_1_449' title='bbox 431 2085 465 2110; x_wconf 90' lang='lat' dir='ltr'>ut</span> <span class='ocrx_word' id='word_1_450' title='bbox 486 2080 627 2109; x_wconf 73' lang='lat' dir='ltr'>osticium</span> <span class='ocrx_word' id='word_1_451' title='bbox 651 2080 822 2110; x_wconf 82' lang='lat' dir='ltr'>criminose</span> <span class='ocrx_word' id='word_1_452' title='bbox 847 2080 1025 2121; x_wconf 72' lang='lat' dir='ltr'>appetitum</span> <span class='ocrx_word' id='word_1_453' title='bbox 1051 2079 1254 2109; x_wconf 70' lang='lat' dir='ltr'>criminosius</span> <span class='ocrx_word' id='word_1_454' title='bbox 1277 2079 1446 2111; x_wconf 84' lang='lat' dir='ltr'>obtineret.</span> <span class='ocrx_word' id='word_1_455' title='bbox 1493 2078 1556 2109; x_wconf 88' lang='lat' dir='ltr'>Sed</span> <span class='ocrx_word' id='word_1_456' title='bbox 1588 2090 1645 2109; x_wconf 88' lang='lat' dir='ltr'>eur</span> <span class='ocrx_word' id='word_1_457' title='bbox 1674 2079 1759 2110; x_wconf 88' lang='lat' dir='ltr'>idem</span> <span class='ocrx_word' id='word_1_458' title='bbox 1790 2079 1994 2112; x_wconf 82' lang='lat' dir='ltr'>heresiarcha</span> 
     </span>
     <span class='ocr_line' id='line_1_44' title="bbox 344 2130 1994 2172; baseline 0.002 -12"><span class='ocrx_word' id='word_1_459' title='bbox 344 2130 507 2171; x_wconf 82' lang='lat' dir='ltr'>spirituale</span> <span class='ocrx_word' id='word_1_460' title='bbox 531 2131 669 2160; x_wconf 74' lang='lat' dir='ltr'>osticium</span> <span class='ocrx_word' id='word_1_461' title='bbox 696 2131 830 2161; x_wconf 76' lang='lat' dir='ltr'>mereari</span> <span class='ocrx_word' id='word_1_462' title='bbox 856 2131 1066 2172; x_wconf 66' lang='lat' dir='ltr'>appetis-seth,</span> <span class='ocrx_word' id='word_1_463' title='bbox 1091 2131 1150 2160; x_wconf 77' lang='lat' dir='ltr'>nisi</span> <span class='ocrx_word' id='word_1_464' title='bbox 1175 2131 1338 2172; x_wconf 83' lang='lat' dir='ltr'>emptumi</span> <span class='ocrx_word' id='word_1_465' title='bbox 1366 2130 1481 2161; x_wconf 85' lang='lat' dir='ltr'>deinde</span> <span class='ocrx_word' id='word_1_466' title='bbox 1506 2130 1696 2161; x_wconf 74' lang='lat' dir='ltr'>nesandius¹‘</span> <span class='ocrx_word' id='word_1_467' title='bbox 1720 2131 1859 2162; x_wconf 78' lang='lat' dir='ltr'>vendere</span> <span class='ocrx_word' id='word_1_468' title='bbox 1875 2130 1994 2163; x_wconf 85' lang='lat' dir='ltr'>vellet‘?</span> 
     </span>
     <span class='ocr_line' id='line_1_45' title="bbox 347 2181 1993 2224; baseline 0.002 -13"><span class='ocrx_word' id='word_1_469' title='bbox 347 2182 416 2212; x_wconf 82' lang='lat' dir='ltr'>Non</span> <span class='ocrx_word' id='word_1_470' title='bbox 446 2183 529 2212; x_wconf 85' lang='lat' dir='ltr'>enim</span> <span class='ocrx_word' id='word_1_471' title='bbox 559 2182 675 2212; x_wconf 81' lang='lat' dir='ltr'>frustra</span> <span class='ocrx_word' id='word_1_472' title='bbox 707 2181 746 2213; x_wconf 90' lang='lat' dir='ltr'>de</span> <span class='ocrx_word' id='word_1_473' title='bbox 775 2193 812 2213; x_wconf 89' lang='lat' dir='ltr'>eo</span> <span class='ocrx_word' id='word_1_474' title='bbox 841 2183 996 2224; x_wconf 87' lang='lat' dir='ltr'>seriptum</span> <span class='ocrx_word' id='word_1_475' title='bbox 1029 2194 1099 2213; x_wconf 84' lang='lat' dir='ltr'>esse</span> <span class='ocrx_word' id='word_1_476' title='bbox 1123 2181 1259 2222; x_wconf 85' lang='lat' dir='ltr'>videtur,</span> <span class='ocrx_word' id='word_1_477' title='bbox 1290 2181 1376 2224; x_wconf 87' lang='lat' dir='ltr'>quod</span> <span class='ocrx_word' id='word_1_478' title='bbox 1403 2181 1550 2223; x_wconf 88' lang='lat' dir='ltr'>stupidus</span> <span class='ocrx_word' id='word_1_479' title='bbox 1579 2181 1619 2212; x_wconf 91' lang='lat' dir='ltr'>de</span> <span class='ocrx_word' id='word_1_480' title='bbox 1643 2183 1743 2223; x_wconf 83' lang='lat' dir='ltr'>signis</span> <span class='ocrx_word' id='word_1_481' title='bbox 1767 2187 1798 2214; x_wconf 89' lang='lat' dir='ltr'>et</span> <span class='ocrx_word' id='word_1_482' title='bbox 1819 2182 1993 2214; x_wconf 83' lang='lat' dir='ltr'>virtutibus</span> 
     </span>
    </p>
   </div>
   <div class='ocr_carea' id='block_1_7' title="bbox 347 2278 2040 2816">
    <p class='ocr_par' dir='ltr' id='par_1_10' title="bbox 347 2278 2040 2448">
     <span class='ocr_line' id='line_1_46' title="bbox 456 2278 2040 2310; baseline 0.001 -9"><span class='ocrx_word' id='word_1_483' title='bbox 456 2278 481 2307; x_wconf 85' lang='lat' dir='ltr'>a)</span> <span class='ocrx_word' id='word_1_484' title='bbox 510 2278 580 2301; x_wconf 58' lang='lat' dir='ltr'>(least</span> <span class='ocrx_word' id='word_1_485' title='bbox 603 2279 624 2302; x_wconf 87' lang='grc'>1.</span> <span class='ocrx_word' id='word_1_486' title='bbox 711 2279 737 2305; x_wconf 71' lang='lat' dir='ltr'>b)</span> <span class='ocrx_word' id='word_1_487' title='bbox 765 2279 847 2303; x_wconf 80' lang='lat' dir='ltr'>Balac</span> <span class='ocrx_word' id='word_1_488' title='bbox 869 2279 893 2303; x_wconf 67' lang='grc' dir='ltr'>Ξ.</span> <span class='ocrx_word' id='word_1_489' title='bbox 979 2278 1003 2308; x_wconf 71' lang='grc' dir='ltr'>υ)</span> <span class='ocrx_word' id='word_1_490' title='bbox 1032 2278 1246 2302; x_wconf 80' lang='lat' dir='ltr'>maledictionem</span> <span class='ocrx_word' id='word_1_491' title='bbox 1270 2279 1292 2302; x_wconf 82' lang='lat'>1.</span> <span class='ocrx_word' id='word_1_492' title='bbox 1382 2278 1408 2309; x_wconf 81' lang='lat' dir='ltr'>d)</span> <span class='ocrx_word' id='word_1_493' title='bbox 1440 2286 1471 2302; x_wconf 79' lang='lat' dir='ltr'>cx</span> <span class='ocrx_word' id='word_1_494' title='bbox 1491 2286 1538 2309; x_wconf 86' lang='lat' dir='ltr'>pro</span> <span class='ocrx_word' id='word_1_495' title='bbox 1561 2286 1630 2310; x_wconf 81' lang='lat' dir='ltr'>pree.</span> <span class='ocrx_word' id='word_1_496' title='bbox 1651 2278 1720 2303; x_wconf 84' lang='lat' dir='ltr'>stud.</span> <span class='ocrx_word' id='word_1_497' title='bbox 1741 2278 1802 2302; x_wconf 75' lang='lat' dir='ltr'>mal.</span> <span class='ocrx_word' id='word_1_498' title='bbox 1823 2287 1891 2303; x_wconf 80' lang='lat' dir='ltr'>corr.</span> <span class='ocrx_word' id='word_1_499' title='bbox 1914 2280 1936 2303; x_wconf 88' lang='lat'>1.</span> <span class='ocrx_word' id='word_1_500' title='bbox 1959 2279 1992 2308; x_wconf 69' lang='lat'>23</span> <span class='ocrx_word' id='word_1_501' title='bbox 2011 2281 2040 2300; x_wconf 77' lang='grc'>40</span> 
     </span>
     <span class='ocr_line' id='line_1_47' title="bbox 347 2323 1992 2356; baseline 0.001 -9"><span class='ocrx_word' id='word_1_502' title='bbox 347 2323 407 2347; x_wconf 88' lang='lat' dir='ltr'>mal.</span> <span class='ocrx_word' id='word_1_503' title='bbox 433 2331 479 2354; x_wconf 85' lang='lat' dir='ltr'>pro</span> <span class='ocrx_word' id='word_1_504' title='bbox 505 2331 575 2354; x_wconf 75' lang='lat' dir='ltr'>pree.</span> <span class='ocrx_word' id='word_1_505' title='bbox 597 2324 666 2347; x_wconf 76' lang='lat' dir='ltr'>stud.</span> <span class='ocrx_word' id='word_1_506' title='bbox 689 2326 712 2348; x_wconf 85' lang='lat'>3.</span> <span class='ocrx_word' id='word_1_507' title='bbox 734 2325 760 2353; x_wconf 74' lang='lat'>4;</span> <span class='ocrx_word' id='word_1_508' title='bbox 788 2333 833 2356; x_wconf 82' lang='lat' dir='ltr'>pro</span> <span class='ocrx_word' id='word_1_509' title='bbox 855 2333 892 2356; x_wconf 84' lang='lat' dir='ltr'>pr.</span> <span class='ocrx_word' id='word_1_510' title='bbox 912 2325 980 2349; x_wconf 84' lang='lat' dir='ltr'>stud.</span> <span class='ocrx_word' id='word_1_511' title='bbox 1003 2325 1064 2348; x_wconf 85' lang='lat' dir='ltr'>mal.</span> <span class='ocrx_word' id='word_1_512' title='bbox 1087 2325 1118 2349; x_wconf 82' lang='lat' dir='ltr'>G.</span> <span class='ocrx_word' id='word_1_513' title='bbox 1214 2325 1240 2349; x_wconf 61' lang='lat' dir='ltr'>c}</span> <span class='ocrx_word' id='word_1_514' title='bbox 1266 2332 1333 2355; x_wconf 61' lang='lat' dir='ltr'>repr.</span> <span class='ocrx_word' id='word_1_515' title='bbox 1358 2325 1380 2348; x_wconf 84' lang='lat' dir='ltr'>l.</span> <span class='ocrx_word' id='word_1_516' title='bbox 1476 2324 1494 2353; x_wconf 82' lang='lat' dir='ltr'>t’)</span> <span class='ocrx_word' id='word_1_517' title='bbox 1521 2327 1628 2348; x_wconf 85' lang='lat' dir='ltr'>notatur</span> <span class='ocrx_word' id='word_1_518' title='bbox 1648 2325 1673 2348; x_wconf 83' lang='lat'>4.</span> <span class='ocrx_word' id='word_1_519' title='bbox 1767 2325 1795 2356; x_wconf 79' lang='lat' dir='ltr'>g)</span> <span class='ocrx_word' id='word_1_520' title='bbox 1821 2324 1858 2348; x_wconf 80' lang='lat' dir='ltr'>sic</span> <span class='ocrx_word' id='word_1_521' title='bbox 1877 2325 1908 2355; x_wconf 65' lang='lat'>25</span> <span class='ocrx_word' id='word_1_522' title='bbox 1935 2325 1992 2356; x_wconf 87' lang='lat' dir='ltr'>ipse</span> 
     </span>
     <span class='ocr_line' id='line_1_48' title="bbox 348 2369 1992 2402; baseline 0.001 -10"><span class='ocrx_word' id='word_1_523' title='bbox 348 2369 402 2392; x_wconf 71' lang='lat' dir='ltr'>rrll.</span> <span class='ocrx_word' id='word_1_524' title='bbox 424 2369 499 2392; x_wconf 60' lang='lat' dir='ltr'>could.</span> <span class='ocrx_word' id='word_1_525' title='bbox 575 2369 601 2399; x_wconf 83' lang='lat' dir='ltr'>h)</span> <span class='ocrx_word' id='word_1_526' title='bbox 625 2369 660 2391; x_wconf 64' lang='lat' dir='ltr'>sia·</span> <span class='ocrx_word' id='word_1_527' title='bbox 682 2371 711 2399; x_wconf 63' lang='grc' dir='ltr'>*ἐς</span> <span class='ocrx_word' id='word_1_528' title='bbox 732 2378 781 2394; x_wconf 83' lang='lat' dir='ltr'>am,</span> <span class='ocrx_word' id='word_1_529' title='bbox 803 2375 868 2395; x_wconf 79' lang='lat' dir='ltr'>taut.</span> <span class='ocrx_word' id='word_1_530' title='bbox 892 2371 947 2394; x_wconf 69' lang='lat' dir='ltr'>rell.</span> <span class='ocrx_word' id='word_1_531' title='bbox 969 2371 1044 2395; x_wconf 61' lang='lat' dir='ltr'>codd.</span> <span class='ocrx_word' id='word_1_532' title='bbox 1108 2370 1126 2401; x_wconf 89' lang='lat' dir='ltr'>i)</span> <span class='ocrx_word' id='word_1_533' title='bbox 1149 2370 1309 2402; x_wconf 80' lang='lat' dir='ltr'>perducatur</span> <span class='ocrx_word' id='word_1_534' title='bbox 1329 2370 1354 2393; x_wconf 70' lang='lat'>4.</span> <span class='ocrx_word' id='word_1_535' title='bbox 1423 2370 1453 2394; x_wconf 71' lang='lat' dir='ltr'>k»</span> <span class='ocrx_word' id='word_1_536' title='bbox 1474 2369 1541 2394; x_wconf 81' lang='lat' dir='ltr'>lher.</span> <span class='ocrx_word' id='word_1_537' title='bbox 1560 2371 1584 2394; x_wconf 90' lang='lat'>3.</span> <span class='ocrx_word' id='word_1_538' title='bbox 1606 2378 1715 2402; x_wconf 75' lang='lat' dir='ltr'>semper.</span> <span class='ocrx_word' id='word_1_539' title='bbox 1789 2370 1810 2400; x_wconf 85' lang='lat'>1)</span> <span class='ocrx_word' id='word_1_540' title='bbox 1831 2378 1862 2394; x_wconf 67' lang='lat' dir='ltr'>ez</span> <span class='ocrx_word' id='word_1_541' title='bbox 1882 2378 1992 2402; x_wconf 74' lang='lat' dir='ltr'>respon-</span> 
     </span>
     <span class='ocr_line' id='line_1_49' title="bbox 348 2415 1992 2448; baseline 0.002 -10"><span class='ocrx_word' id='word_1_542' title='bbox 348 2415 451 2439; x_wconf 73' lang='lat' dir='ltr'>deretur</span> <span class='ocrx_word' id='word_1_543' title='bbox 470 2423 536 2438; x_wconf 76' lang='lat' dir='ltr'>corr.</span> <span class='ocrx_word' id='word_1_544' title='bbox 559 2416 582 2438; x_wconf 86' lang='grc'>3.</span> <span class='ocrx_word' id='word_1_545' title='bbox 642 2420 676 2441; x_wconf 69' lang='lat' dir='ltr'>m)</span> <span class='ocrx_word' id='word_1_546' title='bbox 700 2417 738 2439; x_wconf 72' lang='lat' dir='ltr'>vis</span> <span class='ocrx_word' id='word_1_547' title='bbox 759 2425 798 2440; x_wconf 79' lang='lat' dir='ltr'>me</span> <span class='ocrx_word' id='word_1_548' title='bbox 825 2417 844 2441; x_wconf 84' lang='lat' dir='ltr'>l.</span> <span class='ocrx_word' id='word_1_549' title='bbox 904 2416 930 2444; x_wconf 79' lang='lat' dir='ltr'>n)</span> <span class='ocrx_word' id='word_1_550' title='bbox 954 2416 1070 2440; x_wconf 83' lang='lat' dir='ltr'>habeant</span> <span class='ocrx_word' id='word_1_551' title='bbox 1091 2417 1116 2441; x_wconf 82' lang='grc'>3.</span> <span class='ocrx_word' id='word_1_552' title='bbox 1174 2416 1200 2447; x_wconf 88' lang='lat' dir='ltr'>o)</span> <span class='ocrx_word' id='word_1_553' title='bbox 1223 2424 1269 2448; x_wconf 83' lang='lat' dir='ltr'>pro</span> <span class='ocrx_word' id='word_1_554' title='bbox 1290 2416 1306 2440; x_wconf 91' lang='lat' dir='ltr'>l.</span> <span class='ocrx_word' id='word_1_555' title='bbox 1327 2416 1380 2440; x_wconf 66' lang='lat' dir='ltr'>des.</span> <span class='ocrx_word' id='word_1_556' title='bbox 1402 2417 1422 2440; x_wconf 83' lang='lat' dir='ltr'>l.</span> <span class='ocrx_word' id='word_1_557' title='bbox 1481 2417 1509 2448; x_wconf 67' lang='grc' dir='ltr'>μ’)</span> <span class='ocrx_word' id='word_1_558' title='bbox 1531 2416 1644 2440; x_wconf 79' lang='lat' dir='ltr'>voluerit</span> <span class='ocrx_word' id='word_1_559' title='bbox 1663 2417 1684 2440; x_wconf 86' lang='lat' dir='ltr'>l.</span> <span class='ocrx_word' id='word_1_560' title='bbox 1743 2415 1772 2448; x_wconf 88' lang='lat' dir='ltr'>q)</span> <span class='ocrx_word' id='word_1_561' title='bbox 1791 2417 1847 2441; x_wconf 86' lang='lat' dir='ltr'>iure</span> <span class='ocrx_word' id='word_1_562' title='bbox 1867 2416 1946 2441; x_wconf 88' lang='lat' dir='ltr'>Dom.</span> <span class='ocrx_word' id='word_1_563' title='bbox 1970 2418 1992 2440; x_wconf 91' lang='lat' dir='ltr'>l.</span> 
     </span>
    </p>

    <p class='ocr_par' dir='ltr' id='par_1_11' title="bbox 348 2460 2040 2667">
     <span class='ocr_line' id='line_1_50' title="bbox 348 2460 1994 2494; baseline 0.002 -10"><span class='ocrx_word' id='word_1_564' title='bbox 348 2464 370 2485; x_wconf 69' lang='lat' dir='ltr'>r}</span> <span class='ocrx_word' id='word_1_565' title='bbox 392 2461 450 2484; x_wconf 74' lang='lat' dir='ltr'>aliis·</span> <span class='ocrx_word' id='word_1_566' title='bbox 472 2462 495 2484; x_wconf 77' lang='lat'>⁸2,</span> <span class='ocrx_word' id='word_1_567' title='bbox 589 2460 614 2485; x_wconf 61' lang='grc' dir='ltr'>ε)</span> <span class='ocrx_word' id='word_1_568' title='bbox 641 2461 710 2484; x_wconf 56' lang='lat' dir='ltr'>ders!</span> <span class='ocrx_word' id='word_1_569' title='bbox 739 2463 769 2486; x_wconf 77' lang='grc' dir='ltr'>(ι’.</span> <span class='ocrx_word' id='word_1_570' title='bbox 858 2463 877 2493; x_wconf 86' lang='lat' dir='ltr'>t)</span> <span class='ocrx_word' id='word_1_571' title='bbox 901 2463 1037 2494; x_wconf 69' lang='lat' dir='ltr'>dampnati</span> <span class='ocrx_word' id='word_1_572' title='bbox 1065 2477 1097 2480; x_wconf 84' lang='lat'><strong>—</strong></span> <span class='ocrx_word' id='word_1_573' title='bbox 1125 2466 1235 2486; x_wconf 75' lang='lat' dir='ltr'>aeterna</span> <span class='ocrx_word' id='word_1_574' title='bbox 1259 2462 1312 2486; x_wconf 64' lang='lat' dir='ltr'>iles.</span> <span class='ocrx_word' id='word_1_575' title='bbox 1340 2464 1365 2486; x_wconf 73' lang='lat'>⁴.</span> <span class='ocrx_word' id='word_1_576' title='bbox 1466 2463 1493 2494; x_wconf 91' lang='lat' dir='ltr'>u)</span> <span class='ocrx_word' id='word_1_577' title='bbox 1513 2465 1575 2486; x_wconf 87' lang='lat' dir='ltr'>suut</span> <span class='ocrx_word' id='word_1_578' title='bbox 1605 2464 1626 2486; x_wconf 87' lang='lat' dir='ltr'>l.</span> <span class='ocrx_word' id='word_1_579' title='bbox 1721 2462 1747 2493; x_wconf 80' lang='lat' dir='ltr'>v)</span> <span class='ocrx_word' id='word_1_580' title='bbox 1770 2470 1802 2486; x_wconf 73' lang='lat' dir='ltr'>cx</span> <span class='ocrx_word' id='word_1_581' title='bbox 1830 2462 1994 2494; x_wconf 76' lang='lat' dir='ltr'>apostolicus</span> 
     </span>
     <span class='ocr_line' id='line_1_51' title="bbox 348 2506 2040 2540; baseline 0.001 -10"><span class='ocrx_word' id='word_1_582' title='bbox 348 2516 413 2530; x_wconf 64' lang='lat' dir='ltr'>rur-r.</span> <span class='ocrx_word' id='word_1_583' title='bbox 437 2507 526 2531; x_wconf 65' lang='lat' dir='ltr'>Simon</span> <span class='ocrx_word' id='word_1_584' title='bbox 553 2507 573 2530; x_wconf 83' lang='lat' dir='ltr'>l.</span> <span class='ocrx_word' id='word_1_585' title='bbox 648 2506 682 2537; x_wconf 74' lang='lat' dir='ltr'>w)</span> <span class='ocrx_word' id='word_1_586' title='bbox 711 2507 780 2530; x_wconf 55' lang='lat' dir='ltr'>dvm(</span> <span class='ocrx_word' id='word_1_587' title='bbox 802 2509 816 2530; x_wconf 74' lang='lat'>:2</span> <span class='ocrx_word' id='word_1_588' title='bbox 912 2516 940 2531; x_wconf 69' lang='lat' dir='ltr'>x»</span> <span class='ocrx_word' id='word_1_589' title='bbox 968 2516 999 2532; x_wconf 67' lang='lat' dir='ltr'>er</span> <span class='ocrx_word' id='word_1_590' title='bbox 1020 2509 1212 2532; x_wconf 72' lang='lat' dir='ltr'>vxistimimasti</span> <span class='ocrx_word' id='word_1_591' title='bbox 1235 2517 1300 2532; x_wconf 71' lang='lat' dir='ltr'>corr.</span> <span class='ocrx_word' id='word_1_592' title='bbox 1323 2508 1347 2532; x_wconf 68' lang='grc'>2.</span> <span class='ocrx_word' id='word_1_593' title='bbox 1428 2510 1455 2540; x_wconf 60' lang='lat' dir='ltr'>y]</span> <span class='ocrx_word' id='word_1_594' title='bbox 1483 2517 1540 2540; x_wconf 60' lang='grc' dir='ltr'>[πο.</span> <span class='ocrx_word' id='word_1_595' title='bbox 1562 2509 1586 2532; x_wconf 87' lang='lat' dir='ltr'>d.</span> <span class='ocrx_word' id='word_1_596' title='bbox 1609 2509 1641 2532; x_wconf 93' lang='lat' dir='ltr'>D.</span> <span class='ocrx_word' id='word_1_597' title='bbox 1668 2510 1688 2532; x_wconf 82' lang='grc'>1.</span> <span class='ocrx_word' id='word_1_598' title='bbox 1772 2508 1796 2539; x_wconf 87' lang='lat' dir='ltr'>z)</span> <span class='ocrx_word' id='word_1_599' title='bbox 1827 2508 1942 2533; x_wconf 84' lang='lat' dir='ltr'>Domino</span> <span class='ocrx_word' id='word_1_600' title='bbox 1963 2508 1993 2538; x_wconf 78' lang='grc'>3;</span> <span class='ocrx_word' id='word_1_601' title='bbox 2011 2509 2040 2529; x_wconf 72' lang='grc'>46</span> 
     </span>
     <span class='ocr_line' id='line_1_52' title="bbox 349 2552 1994 2586; baseline 0.002 -12"><span class='ocrx_word' id='word_1_602' title='bbox 349 2560 399 2575; x_wconf 71' lang='lat' dir='ltr'>nnn</span> <span class='ocrx_word' id='word_1_603' title='bbox 422 2557 459 2575; x_wconf 53' lang='lat' dir='ltr'>ost</span> <span class='ocrx_word' id='word_1_604' title='bbox 487 2561 507 2575; x_wconf 68' lang='grc' dir='ltr'>υ.</span> <span class='ocrx_word' id='word_1_605' title='bbox 533 2552 562 2575; x_wconf 76' lang='lat' dir='ltr'>l).</span> <span class='ocrx_word' id='word_1_606' title='bbox 584 2556 681 2575; x_wconf 75' lang='lat' dir='ltr'>rectum</span> <span class='ocrx_word' id='word_1_607' title='bbox 709 2555 728 2577; x_wconf 85' lang='grc'>1.</span> <span class='ocrx_word' id='word_1_608' title='bbox 824 2558 849 2581; x_wconf 87' lang='lat' dir='ltr'>a)</span> <span class='ocrx_word' id='word_1_609' title='bbox 878 2558 903 2577; x_wconf 71' lang='lat' dir='ltr'>et</span> <span class='ocrx_word' id='word_1_610' title='bbox 930 2555 993 2578; x_wconf 68' lang='lat' dir='ltr'>mm.</span> <span class='ocrx_word' id='word_1_611' title='bbox 1023 2556 1046 2578; x_wconf 65' lang='grc' dir='ltr'>ι’.</span> <span class='ocrx_word' id='word_1_612' title='bbox 1143 2555 1170 2577; x_wconf 79' lang='lat' dir='ltr'>b·</span> <span class='ocrx_word' id='word_1_613' title='bbox 1198 2562 1254 2586; x_wconf 77' lang='lat' dir='ltr'>sup.</span> <span class='ocrx_word' id='word_1_614' title='bbox 1282 2563 1314 2579; x_wconf 89' lang='lat' dir='ltr'>m.</span> <span class='ocrx_word' id='word_1_615' title='bbox 1343 2563 1365 2578; x_wconf 83' lang='lat' dir='ltr'>v.</span> <span class='ocrx_word' id='word_1_616' title='bbox 1395 2555 1418 2579; x_wconf 85' lang='lat'>3.</span> <span class='ocrx_word' id='word_1_617' title='bbox 1445 2555 1470 2579; x_wconf 70' lang='grc'>4.</span> <span class='ocrx_word' id='word_1_618' title='bbox 1565 2560 1590 2581; x_wconf 83' lang='lat' dir='ltr'>c)</span> <span class='ocrx_word' id='word_1_619' title='bbox 1619 2555 1764 2586; x_wconf 77' lang='lat' dir='ltr'>dampnata</span> <span class='ocrx_word' id='word_1_620' title='bbox 1792 2555 1813 2578; x_wconf 92' lang='lat' dir='ltr'>l.</span> <span class='ocrx_word' id='word_1_621' title='bbox 1908 2554 1937 2585; x_wconf 88' lang='lat' dir='ltr'>d)</span> <span class='ocrx_word' id='word_1_622' title='bbox 1965 2555 1994 2578; x_wconf 86' lang='lat' dir='ltr'>in</span> 
     </span>
     <span class='ocr_line' id='line_1_53' title="bbox 349 2598 1993 2632; baseline 0.002 -12"><span class='ocrx_word' id='word_1_623' title='bbox 349 2606 422 2629; x_wconf 62' lang='lat' dir='ltr'>quom</span> <span class='ocrx_word' id='word_1_624' title='bbox 448 2599 469 2620; x_wconf 80' lang='lat'>1.</span> <span class='ocrx_word' id='word_1_625' title='bbox 546 2599 572 2621; x_wconf 68' lang='grc' dir='ltr'>υ)</span> <span class='ocrx_word' id='word_1_626' title='bbox 593 2598 700 2629; x_wconf 78' lang='lat' dir='ltr'>ndimpl.</span> <span class='ocrx_word' id='word_1_627' title='bbox 723 2600 746 2622; x_wconf 70' lang='lat'>52.</span> <span class='ocrx_word' id='word_1_628' title='bbox 824 2600 842 2622; x_wconf 78' lang='grc' dir='ltr'>ιί</span> <span class='ocrx_word' id='word_1_629' title='bbox 866 2600 935 2623; x_wconf 55' lang='lat' dir='ltr'>110th</span> <span class='ocrx_word' id='word_1_630' title='bbox 958 2601 981 2623; x_wconf 69' lang='lat'>22,</span> <span class='ocrx_word' id='word_1_631' title='bbox 1057 2600 1084 2630; x_wconf 72' lang='lat' dir='ltr'>g)</span> <span class='ocrx_word' id='word_1_632' title='bbox 1107 2599 1249 2623; x_wconf 82' lang='lat' dir='ltr'>inhiianter</span> <span class='ocrx_word' id='word_1_633' title='bbox 1270 2601 1293 2624; x_wconf 63' lang='lat'>⁴1.</span> <span class='ocrx_word' id='word_1_634' title='bbox 1371 2600 1397 2630; x_wconf 91' lang='lat' dir='ltr'>h)</span> <span class='ocrx_word' id='word_1_635' title='bbox 1421 2601 1529 2632; x_wconf 68' lang='lat' dir='ltr'>petisset</span> <span class='ocrx_word' id='word_1_636' title='bbox 1547 2601 1568 2624; x_wconf 94' lang='grc'>1.</span> <span class='ocrx_word' id='word_1_637' title='bbox 1644 2601 1666 2629; x_wconf 89' lang='lat' dir='ltr'>i)</span> <span class='ocrx_word' id='word_1_638' title='bbox 1687 2601 1712 2625; x_wconf 86' lang='lat' dir='ltr'>d.</span> <span class='ocrx_word' id='word_1_639' title='bbox 1730 2608 1752 2624; x_wconf 79' lang='lat' dir='ltr'>e.</span> <span class='ocrx_word' id='word_1_640' title='bbox 1772 2601 1792 2624; x_wconf 90' lang='lat'>1.</span> <span class='ocrx_word' id='word_1_641' title='bbox 1868 2600 1898 2629; x_wconf 87' lang='lat' dir='ltr'>k)</span> <span class='ocrx_word' id='word_1_642' title='bbox 1918 2600 1993 2624; x_wconf 84' lang='lat' dir='ltr'>nefa-</span> 
     </span>
     <span class='ocr_line' id='line_1_54' title="bbox 348 2645 446 2667; baseline -0.02 0"><span class='ocrx_word' id='word_1_643' title='bbox 348 2645 401 2667; x_wconf 75' lang='lat' dir='ltr'>rius</span> <span class='ocrx_word' id='word_1_644' title='bbox 426 2645 446 2666; x_wconf 87' lang='lat' dir='ltr'>l.</span> 
     </span>
    </p>

    <p class='ocr_par' dir='ltr' id='par_1_12' title="bbox 350 2731 2039 2816">
     <span class='ocr_line' id='line_1_55' title="bbox 459 2731 1991 2769; baseline 0.004 -13"><span class='ocrx_word' id='word_1_645' title='bbox 459 2732 484 2763; x_wconf 86' lang='lat' dir='ltr'>l)</span> <span class='ocrx_word' id='word_1_646' title='bbox 516 2731 576 2758; x_wconf 68' lang='lat' dir='ltr'>Lib.</span> <span class='ocrx_word' id='word_1_647' title='bbox 603 2732 622 2762; x_wconf 80' lang='lat' dir='ltr'>l,</span> <span class='ocrx_word' id='word_1_648' title='bbox 648 2742 670 2759; x_wconf 74' lang='lat' dir='ltr'>e.</span> <span class='ocrx_word' id='word_1_649' title='bbox 693 2734 719 2764; x_wconf 72' lang='lat' dir='ltr'>S,</span> <span class='ocrx_word' id='word_1_650' title='bbox 754 2742 776 2758; x_wconf 71' lang='grc' dir='ltr'>ν.</span> <span class='ocrx_word' id='word_1_651' title='bbox 801 2734 844 2759; x_wconf 69' lang='grc'>19.</span> <span class='ocrx_word' id='word_1_652' title='bbox 863 2734 919 2761; x_wconf 65' lang='grc'>90;</span> <span class='ocrx_word' id='word_1_653' title='bbox 951 2732 1022 2767; x_wconf 76' lang='lat' dir='ltr'>Opp.</span> <span class='ocrx_word' id='word_1_654' title='bbox 1048 2737 1066 2759; x_wconf 82' lang='lat' dir='ltr'>t.</span> <span class='ocrx_word' id='word_1_655' title='bbox 1088 2735 1150 2767; x_wconf 75' lang='lat'>1&#39;11,</span> <span class='ocrx_word' id='word_1_656' title='bbox 1180 2735 1232 2760; x_wconf 70' lang='lat' dir='ltr'>col.</span> <span class='ocrx_word' id='word_1_657' title='bbox 1257 2734 1312 2766; x_wconf 72' lang='lat'>⁴16:</span> <span class='ocrx_word' id='word_1_658' title='bbox 1342 2734 1380 2767; x_wconf 85' lang='lat' dir='ltr'>cf.</span> <span class='ocrx_word' id='word_1_659' title='bbox 1406 2735 1522 2769; x_wconf 66' lang='lat' dir='ltr'>Alunt-9.</span> <span class='ocrx_word' id='word_1_660' title='bbox 1554 2744 1576 2761; x_wconf 83' lang='lat' dir='ltr'>c.</span> <span class='ocrx_word' id='word_1_661' title='bbox 1603 2735 1650 2767; x_wconf 80' lang='lat'>20,</span> <span class='ocrx_word' id='word_1_662' title='bbox 1677 2744 1708 2768; x_wconf 80' lang='lat' dir='ltr'>p.</span> <span class='ocrx_word' id='word_1_663' title='bbox 1734 2734 1804 2760; x_wconf 75' lang='grc'><strong>347.</strong></span> <span class='ocrx_word' id='word_1_664' title='bbox 1892 2734 1922 2769; x_wconf 82' lang='grc'>2)</span> <span class='ocrx_word' id='word_1_665' title='bbox 1947 2733 1991 2767; x_wconf 84' lang='lat' dir='ltr'>Cf.</span> 
     </span>
     <span class='ocr_line' id='line_1_56' title="bbox 350 2783 2039 2816; baseline 0.001 -8"><span class='ocrx_word' id='word_1_666' title='bbox 350 2783 464 2816; x_wconf 46' lang='lat' dir='ltr'>Ahzwgq.</span> <span class='ocrx_word' id='word_1_667' title='bbox 489 2793 512 2809; x_wconf 81' lang='lat' dir='ltr'>c.</span> <span class='ocrx_word' id='word_1_668' title='bbox 538 2784 585 2808; x_wconf 66' lang='lat'><strong>⁸2¹¹.</strong></span> <span class='ocrx_word' id='word_1_669' title='bbox 615 2792 643 2816; x_wconf 78' lang='lat' dir='ltr'>p,</span> <span class='ocrx_word' id='word_1_670' title='bbox 670 2784 739 2809; x_wconf 58' lang='lat'>234⁶.</span> <span class='ocrx_word' id='word_1_671' title='bbox 2011 2793 2039 2814; x_wconf 73' lang='lat'>50</span> 
     </span>
    </p>
   </div>
  </div>
 </body>
</html>
