<?xml version="1.0" encoding="UTF-8"?>
<!DOCTYPE html PUBLIC "-//W3C//DTD XHTML 1.0 Transitional//EN"
    "http://www.w3.org/TR/xhtml1/DTD/xhtml1-transitional.dtd">
<html xmlns="http://www.w3.org/1999/xhtml" xml:lang="en" lang="en">
 <head>
  <title>
</title>
<meta http-equiv="Content-Type" content="text/html;charset=utf-8" />
  <meta name='ocr-system' content='tesseract 3.04.00' />
  <meta name='ocr-capabilities' content='ocr_page ocr_carea ocr_par ocr_line ocrx_word'/>
</head>
<body>
  <div class='ocr_page' id='page_1' title='image "./monumenta02geseuoft_0206.png"; bbox 0 0 2132 3067; ppageno 0'>
   <div class='ocr_carea' id='block_1_1' title="bbox 206 411 334 433">
    <p class='ocr_par' dir='ltr' id='par_1_1' title="bbox 206 411 334 433">
     <span class='ocr_line' id='line_1_1' title="bbox 206 411 334 433; baseline 0.008 -4"><span class='ocrx_word' id='word_1_1' title='bbox 206 411 334 433; x_wconf 71' lang='lat' dir='ltr'>Ltiv3,1.&#39;i,&#39;·&#39;.</span> 
     </span>
    </p>
   </div>
   <div class='ocr_carea' id='block_1_2' title="bbox 187 1810 337 1830">
    <p class='ocr_par' dir='ltr' id='par_1_2' title="bbox 187 1810 337 1830">
     <span class='ocr_line' id='line_1_2' title="bbox 187 1810 337 1830; baseline 0 -3"><span class='ocrx_word' id='word_1_2' title='bbox 187 1810 337 1830; x_wconf 73' lang='lat' dir='ltr'>R‹›=n.10.1?·.</span> 
     </span>
    </p>
   </div>
   <div class='ocr_carea' id='block_1_3' title="bbox 201 1860 335 1880">
    <p class='ocr_par' dir='ltr' id='par_1_3' title="bbox 201 1860 335 1880">
     <span class='ocr_line' id='line_1_3' title="bbox 201 1860 335 1880; baseline -0.007 -2"><span class='ocrx_word' id='word_1_3' title='bbox 201 1860 258 1878; x_wconf 71' lang='lat' dir='ltr'>Nan.</span> <span class='ocrx_word' id='word_1_4' title='bbox 272 1861 289 1880; x_wconf 83' lang='grc' dir='ltr'>Ι.</span> <span class='ocrx_word' id='word_1_5' title='bbox 303 1861 335 1878; x_wconf 79' lang='lat'>15,</span> 
     </span>
    </p>
   </div>
   <div class='ocr_carea' id='block_1_4' title="bbox 193 2067 336 2086">
    <p class='ocr_par' dir='ltr' id='par_1_4' title="bbox 193 2067 336 2086">
     <span class='ocr_line' id='line_1_4' title="bbox 193 2067 336 2086; baseline 0.007 -1"><span class='ocrx_word' id='word_1_6' title='bbox 193 2067 246 2085; x_wconf 67' lang='lat' dir='ltr'>lant*⁴</span> <span class='ocrx_word' id='word_1_7' title='bbox 261 2068 336 2086; x_wconf 45' lang='lat' dir='ltr'>119:ss-</span> 
     </span>
    </p>
   </div>
   <div class='ocr_carea' id='block_1_5' title="bbox 360 155 1579 186">
    <p class='ocr_par' dir='ltr' id='par_1_5' title="bbox 360 155 1579 186">
     <span class='ocr_line' id='line_1_5' title="bbox 360 155 1579 186; baseline -0.005 0"><span class='ocrx_word' id='word_1_8' title='bbox 360 156 417 186; x_wconf 78' lang='grc'>192</span> <span class='ocrx_word' id='word_1_9' title='bbox 786 159 836 184; x_wconf 82' lang='lat' dir='ltr'>DE</span> <span class='ocrx_word' id='word_1_10' title='bbox 858 157 1031 184; x_wconf 83' lang='lat' dir='ltr'>UNITATE</span> <span class='ocrx_word' id='word_1_11' title='bbox 1054 156 1261 183; x_wconf 86' lang='lat' dir='ltr'>ECCLESIAE</span> <span class='ocrx_word' id='word_1_12' title='bbox 1284 155 1579 183; x_wconf 74' lang='lat' dir='ltr'>CONSERVANDA.</span> 
     </span>
    </p>
   </div>
   <div class='ocr_carea' id='block_1_6' title="bbox 354 243 2008 1891">
    <p class='ocr_par' dir='ltr' id='par_1_6' title="bbox 354 243 2008 1891">
     <span class='ocr_line' id='line_1_6' title="bbox 356 243 2006 289; baseline -0.003 -11"><span class='ocrx_word' id='word_1_13' title='bbox 356 248 451 279; x_wconf 83' lang='lat' dir='ltr'>Certe</span> <span class='ocrx_word' id='word_1_14' title='bbox 484 246 726 288; x_wconf 83' lang='lat' dir='ltr'>culpabiliorem</span> <span class='ocrx_word' id='word_1_15' title='bbox 759 246 863 278; x_wconf 84' lang='lat' dir='ltr'>facere</span> <span class='ocrx_word' id='word_1_16' title='bbox 895 245 1045 289; x_wconf 79' lang='lat' dir='ltr'>aliquem,</span> <span class='ocrx_word' id='word_1_17' title='bbox 1078 246 1252 287; x_wconf 82' lang='lat' dir='ltr'><strong>praecipue</strong></span> <span class='ocrx_word' id='word_1_18' title='bbox 1283 252 1389 276; x_wconf 82' lang='lat' dir='ltr'>autem</span> <span class='ocrx_word' id='word_1_19' title='bbox 1422 255 1542 285; x_wconf 82' lang='lat' dir='ltr'>regem,</span> <span class='ocrx_word' id='word_1_20' title='bbox 1573 254 1668 285; x_wconf 88' lang='lat' dir='ltr'>quem</span> <span class='ocrx_word' id='word_1_21' title='bbox 1701 243 1860 285; x_wconf 81' lang='lat' dir='ltr'>praecipit</span> <span class='ocrx_word' id='word_1_22' title='bbox 1889 244 2006 274; x_wconf 87' lang='lat' dir='ltr'>Petrus</span> 
     </span>
     <span class='ocr_line' id='line_1_7' title="bbox 355 295 2006 341; baseline -0.002 -12"><span class='ocrx_word' id='word_1_23' title='bbox 355 299 518 341; x_wconf 83' lang='lat' dir='ltr'>apostolus</span> <span class='ocrx_word' id='word_1_24' title='bbox 543 298 764 336; x_wconf 79' lang='lat' dir='ltr'>honorificare,</span> <span class='ocrx_word' id='word_1_25' title='bbox 788 297 848 328; x_wconf 88' lang='lat' dir='ltr'>hoe</span> <span class='ocrx_word' id='word_1_26' title='bbox 870 309 932 328; x_wconf 89' lang='lat' dir='ltr'>non</span> <span class='ocrx_word' id='word_1_27' title='bbox 958 303 1006 328; x_wconf 89' lang='lat' dir='ltr'>est</span> <span class='ocrx_word' id='word_1_28' title='bbox 1029 308 1104 328; x_wconf 85' lang='lat' dir='ltr'>oves</span> <span class='ocrx_word' id='word_1_29' title='bbox 1122 297 1241 329; x_wconf 80' lang='lat' dir='ltr'>Christi</span> <span class='ocrx_word' id='word_1_30' title='bbox 1263 307 1405 338; x_wconf 86' lang='lat' dir='ltr'>pascere.</span> <span class='ocrx_word' id='word_1_31' title='bbox 1444 295 1712 336; x_wconf 87' lang='lat' dir='ltr'>Culpabiliorem,</span> <span class='ocrx_word' id='word_1_32' title='bbox 1736 295 1878 337; x_wconf 88' lang='lat' dir='ltr'>inquam,</span> <span class='ocrx_word' id='word_1_33' title='bbox 1901 295 2006 326; x_wconf 86' lang='lat' dir='ltr'>facere</span> 
     </span>
     <span class='ocr_line' id='line_1_8' title="bbox 355 345 2006 392; baseline -0.003 -11"><span class='ocrx_word' id='word_1_34' title='bbox 355 351 529 392; x_wconf 79' lang='lat' dir='ltr'>praecipue</span> <span class='ocrx_word' id='word_1_35' title='bbox 559 361 643 388; x_wconf 82' lang='lat' dir='ltr'>eum,</span> <span class='ocrx_word' id='word_1_36' title='bbox 672 361 767 392; x_wconf 90' lang='lat' dir='ltr'>quem</span> <span class='ocrx_word' id='word_1_37' title='bbox 798 351 961 391; x_wconf 85' lang='lat' dir='ltr'>poeniteat</span> <span class='ocrx_word' id='word_1_38' title='bbox 991 348 1183 391; x_wconf 80' lang='lat' dir='ltr'>culpabilem</span> <span class='ocrx_word' id='word_1_39' title='bbox 1214 349 1363 386; x_wconf 78' lang='lat' dir='ltr'>existere,</span> <span class='ocrx_word' id='word_1_40' title='bbox 1392 347 1453 378; x_wconf 90' lang='lat' dir='ltr'>hoc</span> <span class='ocrx_word' id='word_1_41' title='bbox 1484 357 1547 377; x_wconf 90' lang='lat' dir='ltr'>non</span> <span class='ocrx_word' id='word_1_42' title='bbox 1574 352 1622 377; x_wconf 84' lang='lat' dir='ltr'>est</span> <span class='ocrx_word' id='word_1_43' title='bbox 1648 345 1848 377; x_wconf 86' lang='lat' dir='ltr'>sacerdotem</span> <span class='ocrx_word' id='word_1_44' title='bbox 1874 346 2006 377; x_wconf 88' lang='lat' dir='ltr'>Domini</span> 
     </span>
     <span class='ocr_line' id='line_1_9' title="bbox 355 397 2006 443; baseline -0.001 -12"><span class='ocrx_word' id='word_1_45' title='bbox 355 414 434 442; x_wconf 82' lang='lat' dir='ltr'>esse,</span> <span class='ocrx_word' id='word_1_46' title='bbox 459 413 530 432; x_wconf 86' lang='lat' dir='ltr'>cum</span> <span class='ocrx_word' id='word_1_47' title='bbox 556 402 624 443; x_wconf 88' lang='lat' dir='ltr'>ipse</span> <span class='ocrx_word' id='word_1_48' title='bbox 649 402 679 431; x_wconf 91' lang='lat' dir='ltr'>in</span> <span class='ocrx_word' id='word_1_49' title='bbox 703 401 872 442; x_wconf 85' lang='lat' dir='ltr'>euangelio</span> <span class='ocrx_word' id='word_1_50' title='bbox 896 401 1055 431; x_wconf 86' lang='lat' dir='ltr'>Dominus</span> <span class='ocrx_word' id='word_1_51' title='bbox 1078 400 1174 437; x_wconf 85' lang='lat' dir='ltr'>dicat,</span> <span class='ocrx_word' id='word_1_52' title='bbox 1198 400 1354 441; x_wconf 85' lang='lat' dir='ltr'>gaudium</span> <span class='ocrx_word' id='word_1_53' title='bbox 1380 399 1448 430; x_wconf 83' lang='lat' dir='ltr'>fieri</span> <span class='ocrx_word' id='word_1_54' title='bbox 1474 401 1504 428; x_wconf 89' lang='lat' dir='ltr'>in</span> <span class='ocrx_word' id='word_1_55' title='bbox 1529 397 1616 429; x_wconf 83' lang='lat' dir='ltr'>caelo</span> <span class='ocrx_word' id='word_1_56' title='bbox 1641 409 1739 439; x_wconf 84' lang='lat' dir='ltr'>super</span> <span class='ocrx_word' id='word_1_57' title='bbox 1755 408 1818 428; x_wconf 91' lang='lat' dir='ltr'>uno</span> <span class='ocrx_word' id='word_1_58' title='bbox 1835 403 2006 439; x_wconf 79' lang='lat' dir='ltr'>peccatore</span> 
     </span>
     <span class='ocr_line' id='line_1_10' title="bbox 355 448 2005 495; baseline -0.001 -11"><span class='ocrx_word' id='word_1_59' title='bbox 355 454 583 495; x_wconf 86' lang='lat' dir='ltr'>poenitentiam</span> <span class='ocrx_word' id='word_1_60' title='bbox 607 458 734 493; x_wconf 61' lang='lat' dir='ltr'>agento,</span> <span class='ocrx_word' id='word_1_61' title='bbox 758 464 854 494; x_wconf 89' lang='lat' dir='ltr'>quam</span> <span class='ocrx_word' id='word_1_62' title='bbox 879 464 975 494; x_wconf 86' lang='lat' dir='ltr'>super</span> <span class='ocrx_word' id='word_1_63' title='bbox 999 453 1174 493; x_wconf 85' lang='lat' dir='ltr'>nonaginta</span> <span class='ocrx_word' id='word_1_64' title='bbox 1199 462 1312 482; x_wconf 88' lang='lat' dir='ltr'>novem</span> <span class='ocrx_word' id='word_1_65' title='bbox 1338 452 1439 491; x_wconf 85' lang='lat' dir='ltr'>iustis,</span> <span class='ocrx_word' id='word_1_66' title='bbox 1464 451 1517 492; x_wconf 83' lang='lat' dir='ltr'>qui</span> <span class='ocrx_word' id='word_1_67' title='bbox 1542 460 1603 480; x_wconf 91' lang='lat' dir='ltr'>non</span> <span class='ocrx_word' id='word_1_68' title='bbox 1628 448 1775 490; x_wconf 86' lang='lat' dir='ltr'>indigent</span> <span class='ocrx_word' id='word_1_69' title='bbox 1798 449 2005 491; x_wconf 86' lang='lat' dir='ltr'>poenitentia.</span> 
     </span>
     <span class='ocr_line' id='line_1_11' title="bbox 356 499 2006 547; baseline -0.002 -12"><span class='ocrx_word' id='word_1_70' title='bbox 356 504 508 547; x_wconf 87' lang='lat' dir='ltr'>Nunquid</span> <span class='ocrx_word' id='word_1_71' title='bbox 534 504 696 536; x_wconf 65' lang='lat' dir='ltr'>terribilefl</span> <span class='ocrx_word' id='word_1_72' title='bbox 720 510 751 535; x_wconf 87' lang='lat' dir='ltr'>et</span> <span class='ocrx_word' id='word_1_73' title='bbox 773 503 850 535; x_wconf 80' lang='lat' dir='ltr'>illud</span> <span class='ocrx_word' id='word_1_74' title='bbox 876 510 1113 535; x_wconf 87' lang='lat' dir='ltr'>sacramentum</span> <span class='ocrx_word' id='word_1_75' title='bbox 1132 504 1276 545; x_wconf 85' lang='lat' dir='ltr'>corporis</span> <span class='ocrx_word' id='word_1_76' title='bbox 1295 503 1425 533; x_wconf 83' lang='lat' dir='ltr'>Domini</span> <span class='ocrx_word' id='word_1_77' title='bbox 1444 502 1669 539; x_wconf 80' lang='lat' dir='ltr'>contemnitur,</span> <span class='ocrx_word' id='word_1_78' title='bbox 1693 512 1757 543; x_wconf 90' lang='lat' dir='ltr'>quo</span> <span class='ocrx_word' id='word_1_79' title='bbox 1776 511 1831 531; x_wconf 86' lang='lat' dir='ltr'>rex</span> <span class='ocrx_word' id='word_1_80' title='bbox 1848 499 1889 531; x_wconf 87' lang='lat' dir='ltr'>ad</span> <span class='ocrx_word' id='word_1_81' title='bbox 1905 500 2006 532; x_wconf 85' lang='lat' dir='ltr'>altare</span> 
     </span>
     <span class='ocr_line' id='line_1_12' title="bbox 355 553 2005 595; baseline -0.003 -8"><span class='ocrx_word' id='word_1_82' title='bbox 355 558 386 587; x_wconf 86' lang='lat' dir='ltr'>in</span> <span class='ocrx_word' id='word_1_83' title='bbox 411 557 628 587; x_wconf 85' lang='lat' dir='ltr'>testimonium</span> <span class='ocrx_word' id='word_1_84' title='bbox 657 555 896 587; x_wconf 86' lang='lat' dir='ltr'>ecclesiasticae</span> <span class='ocrx_word' id='word_1_85' title='bbox 920 555 1190 587; x_wconf 82' lang='lat' dir='ltr'>reconciliationis</span> <span class='ocrx_word' id='word_1_86' title='bbox 1223 553 1505 585; x_wconf 69' lang='lat' dir='ltr'>communicatur?</span> <span class='ocrx_word' id='word_1_87' title='bbox 1536 553 1621 595; x_wconf 91' lang='lat' dir='ltr'>quod</span> <span class='ocrx_word' id='word_1_88' title='bbox 1653 558 1737 584; x_wconf 89' lang='lat' dir='ltr'>certe</span> <span class='ocrx_word' id='word_1_89' title='bbox 1768 557 2005 583; x_wconf 81' lang='lat' dir='ltr'>sacramentum</span> 
     </span>
     <span class='ocr_line' id='line_1_13' title="bbox 356 604 2006 650; baseline -0.002 -12"><span class='ocrx_word' id='word_1_90' title='bbox 356 609 483 649; x_wconf 89' lang='lat' dir='ltr'>pietatis</span> <span class='ocrx_word' id='word_1_91' title='bbox 514 608 643 648; x_wconf 85' lang='lat' dir='ltr'>signum</span> <span class='ocrx_word' id='word_1_92' title='bbox 675 618 803 650; x_wconf 92' lang='lat' dir='ltr'>quoque</span> <span class='ocrx_word' id='word_1_93' title='bbox 835 616 881 639; x_wconf 86' lang='lat' dir='ltr'>est</span> <span class='ocrx_word' id='word_1_94' title='bbox 912 608 1045 638; x_wconf 86' lang='lat' dir='ltr'>unitatis</span> <span class='ocrx_word' id='word_1_95' title='bbox 1076 612 1108 637; x_wconf 88' lang='lat' dir='ltr'>et</span> <span class='ocrx_word' id='word_1_96' title='bbox 1135 607 1299 637; x_wconf 87' lang='lat' dir='ltr'>vinculum</span> <span class='ocrx_word' id='word_1_97' title='bbox 1333 606 1486 636; x_wconf 82' lang='lat' dir='ltr'>caritatis.</span> <span class='ocrx_word' id='word_1_98' title='bbox 1533 604 1612 635; x_wconf 83' lang='lat' dir='ltr'>Sed:</span> <span class='ocrx_word' id='word_1_99' title='bbox 1643 604 1693 636; x_wconf 84' lang='lat' dir='ltr'>Ne</span> <span class='ocrx_word' id='word_1_100' title='bbox 1721 604 1862 643; x_wconf 72' lang='lat' dir='ltr'>solliciti,</span> <span class='ocrx_word' id='word_1_101' title='bbox 1891 604 2006 646; x_wconf 83' lang='lat' dir='ltr'>inquit,</span> 
     </span>
     <span class='ocr_line' id='line_1_14' title="bbox 355 655 2006 701; baseline -0.002 -12"><span class='ocrx_word' id='word_1_102' title='bbox 355 662 436 698; x_wconf 68' lang='lat' dir='ltr'>sitis,</span> <span class='ocrx_word' id='word_1_103' title='bbox 461 661 539 701; x_wconf 73' lang='lat' dir='ltr'>quia</span> <span class='ocrx_word' id='word_1_104' title='bbox 564 659 813 701; x_wconf 71' lang='lat' dir='ltr'>culpabiliorem</span> <span class='ocrx_word' id='word_1_105' title='bbox 837 671 907 690; x_wconf 60' lang='lat' dir='ltr'>eum,</span> <span class='ocrx_word' id='word_1_106' title='bbox 932 660 1033 690; x_wconf 79' lang='lat' dir='ltr'>reddo</span> <span class='ocrx_word' id='word_1_107' title='bbox 1059 659 1154 690; x_wconf 80' lang='lat' dir='ltr'>uobis.</span> <span class='ocrx_word' id='word_1_108' title='bbox 1202 658 1241 689; x_wconf 82' lang='lat' dir='ltr'>Et</span> <span class='ocrx_word' id='word_1_109' title='bbox 1266 659 1291 688; x_wconf 86' lang='lat' dir='ltr'>si</span> <span class='ocrx_word' id='word_1_110' title='bbox 1315 669 1382 688; x_wconf 86' lang='lat' dir='ltr'>rex.</span> <span class='ocrx_word' id='word_1_111' title='bbox 1408 658 1462 699; x_wconf 90' lang='lat' dir='ltr'>qui</span> <span class='ocrx_word' id='word_1_112' title='bbox 1487 668 1544 698; x_wconf 90' lang='lat' dir='ltr'>per</span> <span class='ocrx_word' id='word_1_113' title='bbox 1568 668 1601 687; x_wconf 87' lang='lat' dir='ltr'>se</span> <span class='ocrx_word' id='word_1_114' title='bbox 1626 657 1731 698; x_wconf 89' lang='lat' dir='ltr'>ipsum</span> <span class='ocrx_word' id='word_1_115' title='bbox 1757 655 1928 697; x_wconf 84' lang='lat' dir='ltr'>culpabilis</span> <span class='ocrx_word' id='word_1_116' title='bbox 1951 667 2006 687; x_wconf 84' lang='lat' dir='ltr'>ex-</span> 
     </span>
     <span class='ocr_line' id='line_1_15' title="bbox 355 707 2006 753; baseline -0.002 -12"><span class='ocrx_word' id='word_1_117' title='bbox 355 712 444 748; x_wconf 83' lang='lat' dir='ltr'>stitit,</span> <span class='ocrx_word' id='word_1_118' title='bbox 476 723 533 753; x_wconf 90' lang='lat' dir='ltr'>per</span> <span class='ocrx_word' id='word_1_119' title='bbox 557 722 673 753; x_wconf 86' lang='lat' dir='ltr'>papam</span> <span class='ocrx_word' id='word_1_120' title='bbox 699 710 892 753; x_wconf 80' lang='lat' dir='ltr'>culpabilior</span> <span class='ocrx_word' id='word_1_121' title='bbox 916 710 1070 748; x_wconf 81' lang='lat' dir='ltr'>redditur,</span> <span class='ocrx_word' id='word_1_122' title='bbox 1103 711 1174 752; x_wconf 87' lang='lat' dir='ltr'>quis</span> <span class='ocrx_word' id='word_1_123' title='bbox 1199 721 1309 740; x_wconf 80' lang='lat' dir='ltr'>eorum</span> <span class='ocrx_word' id='word_1_124' title='bbox 1337 709 1466 739; x_wconf 86' lang='lat' dir='ltr'>maioris</span> <span class='ocrx_word' id='word_1_125' title='bbox 1490 708 1605 750; x_wconf 85' lang='lat' dir='ltr'>culpae</span> <span class='ocrx_word' id='word_1_126' title='bbox 1630 719 1702 738; x_wconf 87' lang='lat' dir='ltr'>reus</span> <span class='ocrx_word' id='word_1_127' title='bbox 1726 708 1872 739; x_wconf 74' lang='lat' dir='ltr'>tenetur?</span> <span class='ocrx_word' id='word_1_128' title='bbox 1924 707 2006 747; x_wconf 87' lang='lat' dir='ltr'>Hoc,</span> 
     </span>
     <span class='ocr_line' id='line_1_16' title="bbox 355 759 2006 806; baseline -0.002 -13"><span class='ocrx_word' id='word_1_129' title='bbox 355 774 484 806; x_wconf 80' lang='lat' dir='ltr'>quaeso,</span> <span class='ocrx_word' id='word_1_130' title='bbox 517 763 718 794; x_wconf 85' lang='lat' dir='ltr'>considerate</span> <span class='ocrx_word' id='word_1_131' title='bbox 749 768 781 794; x_wconf 87' lang='lat' dir='ltr'>ct</span> <span class='ocrx_word' id='word_1_132' title='bbox 810 763 931 794; x_wconf 83' lang='lat' dir='ltr'>tenete!</span> <span class='ocrx_word' id='word_1_133' title='bbox 985 762 1070 792; x_wconf 84' lang='lat' dir='ltr'>Ecce</span> <span class='ocrx_word' id='word_1_134' title='bbox 1098 768 1203 793; x_wconf 88' lang='lat' dir='ltr'>autem</span> <span class='ocrx_word' id='word_1_135' title='bbox 1236 762 1365 803; x_wconf 86' lang='lat' dir='ltr'>proprie</span> <span class='ocrx_word' id='word_1_136' title='bbox 1391 766 1464 791; x_wconf 84' lang='lat' dir='ltr'>sunt</span> <span class='ocrx_word' id='word_1_137' title='bbox 1487 771 1598 801; x_wconf 86' lang='lat' dir='ltr'>regum</span> <span class='ocrx_word' id='word_1_138' title='bbox 1625 759 1783 801; x_wconf 83' lang='lat' dir='ltr'>quaedam</span> <span class='ocrx_word' id='word_1_139' title='bbox 1808 765 2006 795; x_wconf 80' lang='lat' dir='ltr'>ornamenta,</span> 
     </span>
     <span class='ocr_line' id='line_1_17' title="bbox 354 810 2005 856; baseline -0.003 -10"><span class='ocrx_word' id='word_1_140' title='bbox 354 816 435 846; x_wconf 81' lang='lat' dir='ltr'>sicut</span> <span class='ocrx_word' id='word_1_141' title='bbox 459 825 579 845; x_wconf 86' lang='lat' dir='ltr'>corona</span> <span class='ocrx_word' id='word_1_142' title='bbox 602 821 632 845; x_wconf 87' lang='lat' dir='ltr'>et</span> <span class='ocrx_word' id='word_1_143' title='bbox 655 825 800 856; x_wconf 82' lang='lat' dir='ltr'>purpura</span> <span class='ocrx_word' id='word_1_144' title='bbox 824 821 920 856; x_wconf 85' lang='lat' dir='ltr'>atque</span> <span class='ocrx_word' id='word_1_145' title='bbox 944 813 1007 844; x_wconf 86' lang='lat' dir='ltr'>alia</span> <span class='ocrx_word' id='word_1_146' title='bbox 1032 815 1125 854; x_wconf 82' lang='lat' dir='ltr'>regni</span> <span class='ocrx_word' id='word_1_147' title='bbox 1150 814 1299 855; x_wconf 80' lang='lat' dir='ltr'>insignia,</span> <span class='ocrx_word' id='word_1_148' title='bbox 1322 824 1339 843; x_wconf 88' lang='lat' dir='ltr'>a</span> <span class='ocrx_word' id='word_1_149' title='bbox 1365 812 1482 854; x_wconf 87' lang='lat' dir='ltr'>quibus</span> <span class='ocrx_word' id='word_1_150' title='bbox 1505 823 1612 852; x_wconf 83' lang='lat' dir='ltr'>regem</span> <span class='ocrx_word' id='word_1_151' title='bbox 1634 811 1795 842; x_wconf 81' lang='lat' dir='ltr'>abstinere</span> <span class='ocrx_word' id='word_1_152' title='bbox 1818 811 1859 842; x_wconf 86' lang='lat' dir='ltr'>ad</span> <span class='ocrx_word' id='word_1_153' title='bbox 1882 810 2005 842; x_wconf 85' lang='lat' dir='ltr'>arbitrii</span> 
     </span>
     <span class='ocr_line' id='line_1_18' title="bbox 355 862 2007 908; baseline -0.002 -11"><span class='ocrx_word' id='word_1_154' title='bbox 355 868 403 898; x_wconf 82' lang='lat' dir='ltr'>sui</span> <span class='ocrx_word' id='word_1_155' title='bbox 427 872 554 908; x_wconf 91' lang='lat' dir='ltr'>tempus</span> <span class='ocrx_word' id='word_1_156' title='bbox 585 867 727 897; x_wconf 86' lang='lat' dir='ltr'>decrevit</span> <span class='ocrx_word' id='word_1_157' title='bbox 758 878 852 908; x_wconf 83' lang='lat' dir='ltr'>papa,</span> <span class='ocrx_word' id='word_1_158' title='bbox 885 866 978 896; x_wconf 89' lang='lat' dir='ltr'>huius</span> <span class='ocrx_word' id='word_1_159' title='bbox 1009 865 1131 896; x_wconf 89' lang='lat' dir='ltr'>scilicet</span> <span class='ocrx_word' id='word_1_160' title='bbox 1163 865 1347 896; x_wconf 88' lang='lat' dir='ltr'>intentionis</span> <span class='ocrx_word' id='word_1_161' title='bbox 1377 864 1490 905; x_wconf 81' lang='lat' dir='ltr'>gratia,</span> <span class='ocrx_word' id='word_1_162' title='bbox 1521 869 1556 894; x_wconf 92' lang='lat' dir='ltr'>ut</span> <span class='ocrx_word' id='word_1_163' title='bbox 1585 864 1631 894; x_wconf 87' lang='lat' dir='ltr'>sic</span> <span class='ocrx_word' id='word_1_164' title='bbox 1655 869 1710 894; x_wconf 82' lang='lat' dir='ltr'>aut</span> <span class='ocrx_word' id='word_1_165' title='bbox 1734 862 2007 904; x_wconf 79' lang='lat' dir='ltr'>contemptibilior</span> 
     </span>
     <span class='ocr_line' id='line_1_19' title="bbox 355 914 2006 960; baseline -0.002 -11"><span class='ocrx_word' id='word_1_166' title='bbox 355 925 438 949; x_wconf 88' lang='lat' dir='ltr'>esset</span> <span class='ocrx_word' id='word_1_167' title='bbox 463 919 563 960; x_wconf 87' lang='lat' dir='ltr'>ipsius</span> <span class='ocrx_word' id='word_1_168' title='bbox 588 919 672 959; x_wconf 81' lang='lat' dir='ltr'>regis</span> <span class='ocrx_word' id='word_1_169' title='bbox 697 919 727 948; x_wconf 92' lang='lat' dir='ltr'>in</span> <span class='ocrx_word' id='word_1_170' title='bbox 753 929 852 959; x_wconf 83' lang='lat' dir='ltr'>regno</span> <span class='ocrx_word' id='word_1_171' title='bbox 878 928 1024 959; x_wconf 83' lang='lat' dir='ltr'>persona,</span> <span class='ocrx_word' id='word_1_172' title='bbox 1049 916 1151 947; x_wconf 88' lang='lat' dir='ltr'>donec</span> <span class='ocrx_word' id='word_1_173' title='bbox 1177 917 1382 947; x_wconf 79' lang='lat' dir='ltr'>roboraretur</span> <span class='ocrx_word' id='word_1_174' title='bbox 1406 926 1549 955; x_wconf 85' lang='lat' dir='ltr'>regnum,</span> <span class='ocrx_word' id='word_1_175' title='bbox 1579 914 1662 957; x_wconf 89' lang='lat' dir='ltr'>quod</span> <span class='ocrx_word' id='word_1_176' title='bbox 1688 916 1750 946; x_wconf 87' lang='lat' dir='ltr'>iam</span> <span class='ocrx_word' id='word_1_177' title='bbox 1776 915 1952 957; x_wconf 86' lang='lat' dir='ltr'>parabatur</span> <span class='ocrx_word' id='word_1_178' title='bbox 1974 915 2006 945; x_wconf 90' lang='lat' dir='ltr'>in</span> 
     </span>
     <span class='ocr_line' id='line_1_20' title="bbox 355 966 2007 1011; baseline -0.004 -9"><span class='ocrx_word' id='word_1_179' title='bbox 355 970 509 1002; x_wconf 78' lang='lat' dir='ltr'>electione</span> <span class='ocrx_word' id='word_1_180' title='bbox 532 970 663 1001; x_wconf 82' lang='lat' dir='ltr'>alterius</span> <span class='ocrx_word' id='word_1_181' title='bbox 687 971 782 1011; x_wconf 80' lang='lat' dir='ltr'>regis,</span> <span class='ocrx_word' id='word_1_182' title='bbox 806 970 881 1000; x_wconf 88' lang='lat' dir='ltr'>dum</span> <span class='ocrx_word' id='word_1_183' title='bbox 907 970 1011 1000; x_wconf 86' lang='lat' dir='ltr'>fuerat</span> <span class='ocrx_word' id='word_1_184' title='bbox 1035 970 1103 1011; x_wconf 85' lang='lat' dir='ltr'>ipse</span> <span class='ocrx_word' id='word_1_185' title='bbox 1128 968 1290 1009; x_wconf 83' lang='lat' dir='ltr'>legitimus</span> <span class='ocrx_word' id='word_1_186' title='bbox 1314 979 1371 998; x_wconf 84' lang='lat' dir='ltr'>rex</span> <span class='ocrx_word' id='word_1_187' title='bbox 1396 969 1427 998; x_wconf 86' lang='lat' dir='ltr'>in</span> <span class='ocrx_word' id='word_1_188' title='bbox 1445 966 1549 1006; x_wconf 83' lang='lat' dir='ltr'>Italia,</span> <span class='ocrx_word' id='word_1_189' title='bbox 1573 974 1628 998; x_wconf 89' lang='lat' dir='ltr'>aut</span> <span class='ocrx_word' id='word_1_190' title='bbox 1652 969 1676 998; x_wconf 87' lang='lat' dir='ltr'>si</span> <span class='ocrx_word' id='word_1_191' title='bbox 1703 978 1764 997; x_wconf 89' lang='lat' dir='ltr'>non</span> <span class='ocrx_word' id='word_1_192' title='bbox 1789 967 1965 1008; x_wconf 83' lang='lat' dir='ltr'>permissus</span> <span class='ocrx_word' id='word_1_193' title='bbox 1988 976 2007 996; x_wconf 81' lang='lat' dir='ltr'>a</span> 
     </span>
     <span class='ocr_line' id='line_1_21' title="bbox 356 1018 2007 1063; baseline -0.002 -11"><span class='ocrx_word' id='word_1_194' title='bbox 356 1034 388 1054; x_wconf 90' lang='lat' dir='ltr'>se</span> <span class='ocrx_word' id='word_1_195' title='bbox 413 1021 532 1063; x_wconf 73' lang='lat' dir='ltr'>regalia</span> <span class='ocrx_word' id='word_1_196' title='bbox 557 1028 731 1052; x_wconf 81' lang='lat' dir='ltr'>resumeret</span> <span class='ocrx_word' id='word_1_197' title='bbox 756 1027 955 1062; x_wconf 82' lang='lat' dir='ltr'>ornamenta,</span> <span class='ocrx_word' id='word_1_198' title='bbox 986 1022 1154 1051; x_wconf 79' lang='lat' dir='ltr'>certiorem</span> <span class='ocrx_word' id='word_1_199' title='bbox 1187 1020 1320 1062; x_wconf 87' lang='lat' dir='ltr'>perinde</span> <span class='ocrx_word' id='word_1_200' title='bbox 1351 1020 1481 1050; x_wconf 86' lang='lat' dir='ltr'>haberet</span> <span class='ocrx_word' id='word_1_201' title='bbox 1505 1018 1705 1050; x_wconf 81' lang='lat' dir='ltr'>exercendae</span> <span class='ocrx_word' id='word_1_202' title='bbox 1728 1019 1814 1048; x_wconf 81' lang='lat' dir='ltr'>circa</span> <span class='ocrx_word' id='word_1_203' title='bbox 1838 1029 1910 1049; x_wconf 88' lang='lat' dir='ltr'>eum</span> <span class='ocrx_word' id='word_1_204' title='bbox 1935 1028 2007 1049; x_wconf 87' lang='lat' dir='ltr'>cau—</span> 
     </span>
     <span class='ocr_line' id='line_1_22' title="bbox 355 1069 2007 1114; baseline -0.003 -10"><span class='ocrx_word' id='word_1_205' title='bbox 355 1085 421 1105; x_wconf 89' lang='lat' dir='ltr'>sam</span> <span class='ocrx_word' id='word_1_206' title='bbox 447 1073 800 1112; x_wconf 78' lang='lat' dir='ltr'>cxcomimluicationis,</span> <span class='ocrx_word' id='word_1_207' title='bbox 825 1073 910 1114; x_wconf 87' lang='lat' dir='ltr'>quod</span> <span class='ocrx_word' id='word_1_208' title='bbox 936 1073 1062 1103; x_wconf 88' lang='lat' dir='ltr'>videtur</span> <span class='ocrx_word' id='word_1_209' title='bbox 1084 1084 1148 1103; x_wconf 91' lang='lat' dir='ltr'>non</span> <span class='ocrx_word' id='word_1_210' title='bbox 1171 1084 1241 1103; x_wconf 85' lang='lat' dir='ltr'>esse</span> <span class='ocrx_word' id='word_1_211' title='bbox 1265 1072 1405 1102; x_wconf 83' lang='lat' dir='ltr'>officium</span> <span class='ocrx_word' id='word_1_212' title='bbox 1431 1072 1558 1112; x_wconf 88' lang='lat' dir='ltr'>pietatis</span> <span class='ocrx_word' id='word_1_213' title='bbox 1582 1081 1641 1102; x_wconf 87' lang='lat' dir='ltr'>nec</span> <span class='ocrx_word' id='word_1_214' title='bbox 1665 1071 1791 1111; x_wconf 83' lang='lat' dir='ltr'>signum</span> <span class='ocrx_word' id='word_1_215' title='bbox 1816 1069 2007 1100; x_wconf 81' lang='lat' dir='ltr'>concordiae</span> 
     </span>
     <span class='ocr_line' id='line_1_23' title="bbox 357 1121 2007 1166; baseline -0.004 -9"><span class='ocrx_word' id='word_1_216' title='bbox 357 1132 387 1157; x_wconf 91' lang='lat' dir='ltr'>et</span> <span class='ocrx_word' id='word_1_217' title='bbox 411 1126 541 1156; x_wconf 87' lang='lat' dir='ltr'>unitatis</span> <span class='ocrx_word' id='word_1_218' title='bbox 556 1132 574 1155; x_wconf 93' lang='lat'>¹.</span> <span class='ocrx_word' id='word_1_219' title='bbox 620 1124 714 1156; x_wconf 90' lang='lat' dir='ltr'>Unde</span> <span class='ocrx_word' id='word_1_220' title='bbox 739 1132 867 1156; x_wconf 85' lang='lat' dir='ltr'>sanctus</span> <span class='ocrx_word' id='word_1_221' title='bbox 892 1135 977 1166; x_wconf 86' lang='lat' dir='ltr'>papa</span> <span class='ocrx_word' id='word_1_222' title='bbox 994 1124 1172 1165; x_wconf 77' lang='lat' dir='ltr'>Gregorius</span> <span class='ocrx_word' id='word_1_223' title='bbox 1196 1123 1309 1154; x_wconf 80' lang='lat' dir='ltr'>scribit</span> <span class='ocrx_word' id='word_1_224' title='bbox 1332 1124 1375 1153; x_wconf 88' lang='lat' dir='ltr'>ita</span> <span class='ocrx_word' id='word_1_225' title='bbox 1398 1123 1429 1153; x_wconf 90' lang='lat' dir='ltr'>in</span> <span class='ocrx_word' id='word_1_226' title='bbox 1456 1122 1593 1153; x_wconf 82' lang='lat' dir='ltr'>homiliis</span> <span class='ocrx_word' id='word_1_227' title='bbox 1610 1122 1701 1153; x_wconf 84' lang='lat' dir='ltr'>etita</span> <span class='ocrx_word' id='word_1_228' title='bbox 1726 1121 1849 1160; x_wconf 86' lang='lat' dir='ltr'>docet²,</span> <span class='ocrx_word' id='word_1_229' title='bbox 1873 1125 1907 1151; x_wconf 83' lang='lat' dir='ltr'>ut</span> <span class='ocrx_word' id='word_1_230' title='bbox 1930 1122 2007 1163; x_wconf 76' lang='lat' dir='ltr'>ipsa</span> 
     </span>
     <span class='ocr_line' id='line_1_24' title="bbox 357 1174 2006 1217; baseline -0.004 -9"><span class='ocrx_word' id='word_1_231' title='bbox 357 1179 418 1208; x_wconf 73' lang='lat' dir='ltr'>hac</span> <span class='ocrx_word' id='word_1_232' title='bbox 440 1178 575 1217; x_wconf 64' lang='lat' dir='ltr'>Ziyandi</span> <span class='ocrx_word' id='word_1_233' title='bbox 599 1182 626 1206; x_wconf 77' lang='lat' dir='ltr'>ct</span> <span class='ocrx_word' id='word_1_234' title='bbox 651 1176 799 1207; x_wconf 72' lang='lat' dir='ltr'>solvendi</span> <span class='ocrx_word' id='word_1_235' title='bbox 821 1181 974 1217; x_wconf 72' lang='lat' dir='ltr'>potestate</span> <span class='ocrx_word' id='word_1_236' title='bbox 997 1188 1029 1206; x_wconf 83' lang='lat' dir='ltr'>se</span> <span class='ocrx_word' id='word_1_237' title='bbox 1051 1178 1168 1217; x_wconf 75' lang='lat' dir='ltr'>privet,</span> <span class='ocrx_word' id='word_1_238' title='bbox 1193 1177 1249 1217; x_wconf 80' lang='lat' dir='ltr'>qui</span> <span class='ocrx_word' id='word_1_239' title='bbox 1273 1175 1359 1205; x_wconf 79' lang='lat' dir='ltr'>hanc</span> <span class='ocrx_word' id='word_1_240' title='bbox 1381 1186 1443 1216; x_wconf 77' lang='lat' dir='ltr'>pro</span> <span class='ocrx_word' id='word_1_241' title='bbox 1466 1176 1537 1205; x_wconf 76' lang='lat' dir='ltr'>suis</span> <span class='ocrx_word' id='word_1_242' title='bbox 1562 1174 1784 1205; x_wconf 71' lang='lat' dir='ltr'>voluntatibus</span> <span class='ocrx_word' id='word_1_243' title='bbox 1807 1178 1835 1204; x_wconf 79' lang='lat' dir='ltr'>et</span> <span class='ocrx_word' id='word_1_244' title='bbox 1859 1184 1924 1204; x_wconf 76' lang='lat' dir='ltr'>‘uon</span> <span class='ocrx_word' id='word_1_245' title='bbox 1945 1183 2006 1215; x_wconf 82' lang='lat' dir='ltr'>pro</span> 
     </span>
     <span class='ocr_line' id='line_1_25' title="bbox 356 1225 2007 1264; baseline -0.003 -5"><span class='ocrx_word' id='word_1_246' title='bbox 356 1230 569 1260; x_wconf 75' lang='lat' dir='ltr'>subiectorum</span> <span class='ocrx_word' id='word_1_247' title='bbox 593 1229 737 1259; x_wconf 75' lang='lat' dir='ltr'>moribus</span> <span class='ocrx_word' id='word_1_248' title='bbox 761 1233 893 1258; x_wconf 76' lang='lat' dir='ltr'>exercet.</span> <span class='ocrx_word' id='word_1_249' title='bbox 939 1227 1021 1257; x_wconf 69' lang='lat' dir='ltr'>‘uox</span> <span class='ocrx_word' id='word_1_250' title='bbox 1053 1234 1159 1258; x_wconf 86' lang='lat' dir='ltr'>autem</span> <span class='ocrx_word' id='word_1_251' title='bbox 1190 1237 1340 1258; x_wconf 87' lang='lat' dir='ltr'>reversus</span> <span class='ocrx_word' id='word_1_252' title='bbox 1363 1226 1402 1256; x_wconf 85' lang='lat' dir='ltr'>de</span> <span class='ocrx_word' id='word_1_253' title='bbox 1426 1225 1520 1256; x_wconf 91' lang='lat' dir='ltr'>Italia</span> <span class='ocrx_word' id='word_1_254' title='bbox 1544 1226 1665 1257; x_wconf 88' lang='lat' dir='ltr'>invenit</span> <span class='ocrx_word' id='word_1_255' title='bbox 1694 1235 1812 1256; x_wconf 84' lang='lat' dir='ltr'>novum</span> <span class='ocrx_word' id='word_1_256' title='bbox 1844 1235 1952 1264; x_wconf 76' lang='lat' dir='ltr'>regem</span> <span class='ocrx_word' id='word_1_257' title='bbox 1976 1230 2007 1255; x_wconf 90' lang='lat' dir='ltr'>et</span> 
     </span>
     <span class='ocr_line' id='line_1_26' title="bbox 358 1275 2007 1321; baseline -0.002 -11"><span class='ocrx_word' id='word_1_258' title='bbox 358 1281 464 1311; x_wconf 87' lang='lat' dir='ltr'>hostes</span> <span class='ocrx_word' id='word_1_259' title='bbox 488 1279 715 1321; x_wconf 88' lang='lat' dir='ltr'>multiplicatos</span> <span class='ocrx_word' id='word_1_260' title='bbox 740 1291 780 1309; x_wconf 82' lang='lat' dir='ltr'>ex</span> <span class='ocrx_word' id='word_1_261' title='bbox 804 1279 951 1309; x_wconf 85' lang='lat' dir='ltr'>absentia</span> <span class='ocrx_word' id='word_1_262' title='bbox 973 1290 1040 1318; x_wconf 88' lang='lat' dir='ltr'>sua,</span> <span class='ocrx_word' id='word_1_263' title='bbox 1072 1290 1113 1309; x_wconf 84' lang='lat' dir='ltr'>ex</span> <span class='ocrx_word' id='word_1_264' title='bbox 1143 1290 1278 1321; x_wconf 89' lang='lat' dir='ltr'>quorum</span> <span class='ocrx_word' id='word_1_265' title='bbox 1311 1289 1407 1308; x_wconf 84' lang='lat' dir='ltr'>manu</span> <span class='ocrx_word' id='word_1_266' title='bbox 1436 1277 1568 1308; x_wconf 87' lang='lat' dir='ltr'>abstulit</span> <span class='ocrx_word' id='word_1_267' title='bbox 1597 1288 1698 1307; x_wconf 90' lang='lat' dir='ltr'>cornu</span> <span class='ocrx_word' id='word_1_268' title='bbox 1722 1277 1925 1318; x_wconf 81' lang='lat' dir='ltr'>principatus</span> <span class='ocrx_word' id='word_1_269' title='bbox 1943 1275 2007 1315; x_wconf 72' lang='lat' dir='ltr'>sui,</span> 
     </span>
     <span class='ocr_line' id='line_1_27' title="bbox 356 1329 2005 1372; baseline -0.003 -10"><span class='ocrx_word' id='word_1_270' title='bbox 356 1333 464 1363; x_wconf 87' lang='lat' dir='ltr'>divina</span> <span class='ocrx_word' id='word_1_271' title='bbox 488 1331 665 1362; x_wconf 82' lang='lat' dir='ltr'>auxiliante</span> <span class='ocrx_word' id='word_1_272' title='bbox 688 1332 792 1371; x_wconf 81' lang='lat' dir='ltr'>gratia</span> <span class='ocrx_word' id='word_1_273' title='bbox 817 1331 1001 1372; x_wconf 82' lang='lat' dir='ltr'>pariterque</span> <span class='ocrx_word' id='word_1_274' title='bbox 1025 1331 1189 1361; x_wconf 82' lang='lat' dir='ltr'>annitente</span> <span class='ocrx_word' id='word_1_275' title='bbox 1215 1331 1411 1372; x_wconf 85' lang='lat' dir='ltr'>pronissimo</span> <span class='ocrx_word' id='word_1_276' title='bbox 1428 1330 1459 1359; x_wconf 87' lang='lat' dir='ltr'>in</span> <span class='ocrx_word' id='word_1_277' title='bbox 1477 1341 1510 1360; x_wconf 89' lang='lat' dir='ltr'>se</span> <span class='ocrx_word' id='word_1_278' title='bbox 1528 1330 1707 1370; x_wconf 86' lang='lat' dir='ltr'>principum</span> <span class='ocrx_word' id='word_1_279' title='bbox 1726 1329 1845 1366; x_wconf 83' lang='lat' dir='ltr'>favore,</span> <span class='ocrx_word' id='word_1_280' title='bbox 1869 1338 2005 1369; x_wconf 92' lang='lat' dir='ltr'>quorum</span> 
     </span>
     <span class='ocr_line' id='line_1_28' title="bbox 356 1379 2007 1424; baseline -0.002 -10"><span class='ocrx_word' id='word_1_281' title='bbox 356 1385 445 1415; x_wconf 87' lang='lat' dir='ltr'>Deus</span> <span class='ocrx_word' id='word_1_282' title='bbox 477 1384 626 1423; x_wconf 73' lang='lat' dir='ltr'>tetigerat</span> <span class='ocrx_word' id='word_1_283' title='bbox 657 1383 763 1414; x_wconf 86' lang='lat' dir='ltr'>corda.</span> <span class='ocrx_word' id='word_1_284' title='bbox 811 1383 876 1412; x_wconf 90' lang='lat' dir='ltr'>Iam</span> <span class='ocrx_word' id='word_1_285' title='bbox 910 1382 1039 1424; x_wconf 87' lang='lat' dir='ltr'>quidem</span> <span class='ocrx_word' id='word_1_286' title='bbox 1071 1382 1263 1413; x_wconf 77' lang='lat' dir='ltr'>exhibuerat</span> <span class='ocrx_word' id='word_1_287' title='bbox 1286 1382 1431 1412; x_wconf 84' lang='lat' dir='ltr'>Romano</span> <span class='ocrx_word' id='word_1_288' title='bbox 1461 1381 1605 1422; x_wconf 84' lang='lat' dir='ltr'>pontifici</span> <span class='ocrx_word' id='word_1_289' title='bbox 1636 1381 1726 1411; x_wconf 87' lang='lat' dir='ltr'>iuxta</span> <span class='ocrx_word' id='word_1_290' title='bbox 1752 1381 1923 1422; x_wconf 88' lang='lat' dir='ltr'>primatum</span> <span class='ocrx_word' id='word_1_291' title='bbox 1947 1379 2007 1410; x_wconf 89' lang='lat' dir='ltr'>Ro-</span> 
     </span>
     <span class='ocr_line' id='line_1_29' title="bbox 357 1432 2008 1475; baseline -0.002 -9"><span class='ocrx_word' id='word_1_292' title='bbox 357 1447 469 1467; x_wconf 87' lang='lat' dir='ltr'>manae</span> <span class='ocrx_word' id='word_1_293' title='bbox 500 1435 655 1466; x_wconf 82' lang='lat' dir='ltr'>ecclesiae</span> <span class='ocrx_word' id='word_1_294' title='bbox 687 1435 831 1465; x_wconf 86' lang='lat' dir='ltr'>debitum</span> <span class='ocrx_word' id='word_1_295' title='bbox 864 1434 1016 1464; x_wconf 83' lang='lat' dir='ltr'>honorem</span> <span class='ocrx_word' id='word_1_296' title='bbox 1049 1441 1079 1465; x_wconf 82' lang='lat' dir='ltr'>et</span> <span class='ocrx_word' id='word_1_297' title='bbox 1108 1434 1324 1465; x_wconf 81' lang='lat' dir='ltr'>obedientiam</span> <span class='ocrx_word' id='word_1_298' title='bbox 1351 1433 1540 1475; x_wconf 79' lang='lat' dir='ltr'>perferendo</span> <span class='ocrx_word' id='word_1_299' title='bbox 1566 1432 1726 1463; x_wconf 87' lang='lat' dir='ltr'>humiliter</span> <span class='ocrx_word' id='word_1_300' title='bbox 1748 1432 2008 1463; x_wconf 86' lang='lat' dir='ltr'>excommunica-</span> 
     </span>
     <span class='ocr_line' id='line_1_30' title="bbox 355 1482 2007 1528; baseline -0.004 -9"><span class='ocrx_word' id='word_1_301' title='bbox 355 1489 451 1519; x_wconf 85' lang='lat' dir='ltr'>tionis</span> <span class='ocrx_word' id='word_1_302' title='bbox 475 1488 677 1525; x_wconf 81' lang='lat' dir='ltr'>sententiam,</span> <span class='ocrx_word' id='word_1_303' title='bbox 701 1492 735 1517; x_wconf 89' lang='lat' dir='ltr'>ut</span> <span class='ocrx_word' id='word_1_304' title='bbox 759 1485 874 1516; x_wconf 88' lang='lat' dir='ltr'>deinde</span> <span class='ocrx_word' id='word_1_305' title='bbox 899 1486 1125 1516; x_wconf 82' lang='lat' dir='ltr'>satisfaciendo</span> <span class='ocrx_word' id='word_1_306' title='bbox 1150 1491 1385 1528; x_wconf 81' lang='lat' dir='ltr'>consequenter</span> <span class='ocrx_word' id='word_1_307' title='bbox 1408 1491 1516 1526; x_wconf 86' lang='lat' dir='ltr'>posset</span> <span class='ocrx_word' id='word_1_308' title='bbox 1540 1485 1714 1526; x_wconf 82' lang='lat' dir='ltr'>promereri</span> <span class='ocrx_word' id='word_1_309' title='bbox 1736 1482 2007 1515; x_wconf 85' lang='lat' dir='ltr'>reconciliationis</span> 
     </span>
     <span class='ocr_line' id='line_1_31' title="bbox 357 1534 2006 1579; baseline -0.002 -10"><span class='ocrx_word' id='word_1_310' title='bbox 357 1540 505 1579; x_wconf 75' lang='lat' dir='ltr'>gratiam.</span> <span class='ocrx_word' id='word_1_311' title='bbox 552 1539 615 1569; x_wconf 71' lang='lat' dir='ltr'>Sed</span> <span class='ocrx_word' id='word_1_312' title='bbox 641 1549 713 1569; x_wconf 85' lang='lat' dir='ltr'>cum</span> <span class='ocrx_word' id='word_1_313' title='bbox 739 1539 806 1579; x_wconf 82' lang='lat' dir='ltr'>ipse</span> <span class='ocrx_word' id='word_1_314' title='bbox 830 1537 890 1568; x_wconf 89' lang='lat' dir='ltr'>hoc</span> <span class='ocrx_word' id='word_1_315' title='bbox 915 1545 1026 1577; x_wconf 70' lang='lat' dir='ltr'>ageret</span> <span class='ocrx_word' id='word_1_316' title='bbox 1050 1544 1080 1568; x_wconf 91' lang='lat' dir='ltr'>et</span> <span class='ocrx_word' id='word_1_317' title='bbox 1103 1543 1189 1568; x_wconf 87' lang='lat' dir='ltr'>totus</span> <span class='ocrx_word' id='word_1_318' title='bbox 1215 1538 1245 1567; x_wconf 93' lang='lat' dir='ltr'>in</span> <span class='ocrx_word' id='word_1_319' title='bbox 1269 1549 1306 1568; x_wconf 87' lang='lat' dir='ltr'>eo</span> <span class='ocrx_word' id='word_1_320' title='bbox 1331 1542 1425 1575; x_wconf 86' lang='lat' dir='ltr'>esset,</span> <span class='ocrx_word' id='word_1_321' title='bbox 1455 1543 1488 1567; x_wconf 89' lang='lat' dir='ltr'>ut</span> <span class='ocrx_word' id='word_1_322' title='bbox 1515 1535 1659 1566; x_wconf 84' lang='lat' dir='ltr'>eiusdem</span> <span class='ocrx_word' id='word_1_323' title='bbox 1685 1536 1819 1567; x_wconf 83' lang='lat' dir='ltr'>Romani</span> <span class='ocrx_word' id='word_1_324' title='bbox 1844 1534 2006 1576; x_wconf 79' lang='lat' dir='ltr'>pontificis</span> 
     </span>
     <span class='ocr_line' id='line_1_32' title="bbox 357 1587 2006 1632; baseline -0.003 -10"><span class='ocrx_word' id='word_1_325' title='bbox 357 1591 525 1625; x_wconf 79' lang='lat' dir='ltr'>adiutorio,</span> <span class='ocrx_word' id='word_1_326' title='bbox 550 1591 602 1632; x_wconf 82' lang='lat' dir='ltr'>qui</span> <span class='ocrx_word' id='word_1_327' title='bbox 627 1590 667 1621; x_wconf 89' lang='lat' dir='ltr'>ad</span> <span class='ocrx_word' id='word_1_328' title='bbox 692 1589 751 1620; x_wconf 81' lang='lat' dir='ltr'>hoc</span> <span class='ocrx_word' id='word_1_329' title='bbox 777 1589 941 1620; x_wconf 83' lang='lat' dir='ltr'>ordinatus</span> <span class='ocrx_word' id='word_1_330' title='bbox 966 1596 1023 1627; x_wconf 86' lang='lat' dir='ltr'>est,</span> <span class='ocrx_word' id='word_1_331' title='bbox 1051 1596 1083 1619; x_wconf 88' lang='lat' dir='ltr'>ut</span> <span class='ocrx_word' id='word_1_332' title='bbox 1106 1590 1147 1619; x_wconf 88' lang='lat' dir='ltr'>sit</span> <span class='ocrx_word' id='word_1_333' title='bbox 1171 1590 1320 1631; x_wconf 87' lang='lat' dir='ltr'>princeps</span> <span class='ocrx_word' id='word_1_334' title='bbox 1346 1590 1444 1630; x_wconf 86' lang='lat' dir='ltr'>pacis,</span> <span class='ocrx_word' id='word_1_335' title='bbox 1469 1599 1602 1629; x_wconf 84' lang='lat' dir='ltr'>regnum</span> <span class='ocrx_word' id='word_1_336' title='bbox 1621 1588 1805 1629; x_wconf 83' lang='lat' dir='ltr'>pacificaret</span> <span class='ocrx_word' id='word_1_337' title='bbox 1823 1587 2006 1629; x_wconf 84' lang='lat' dir='ltr'>pariterque</span> 
     </span>
     <span class='ocr_line' id='line_1_33' title="bbox 356 1640 2008 1682; baseline -0.002 -9"><span class='ocrx_word' id='word_1_338' title='bbox 356 1642 524 1674; x_wconf 84' lang='lat' dir='ltr'>ecclesiam</span> <span class='ocrx_word' id='word_1_339' title='bbox 549 1642 668 1673; x_wconf 67' lang='lat' dir='ltr'>Christi</span> <span class='ocrx_word' id='word_1_340' title='bbox 692 1643 724 1672; x_wconf 89' lang='lat' dir='ltr'>in</span> <span class='ocrx_word' id='word_1_341' title='bbox 750 1643 904 1672; x_wconf 85' lang='lat' dir='ltr'>unitatem</span> <span class='ocrx_word' id='word_1_342' title='bbox 931 1640 1091 1681; x_wconf 81' lang='lat' dir='ltr'>redigeret</span> <span class='ocrx_word' id='word_1_343' title='bbox 1114 1648 1143 1672; x_wconf 88' lang='lat' dir='ltr'>et</span> <span class='ocrx_word' id='word_1_344' title='bbox 1167 1652 1204 1671; x_wconf 85' lang='lat' dir='ltr'>ca</span> <span class='ocrx_word' id='word_1_345' title='bbox 1229 1652 1310 1682; x_wconf 88' lang='lat' dir='ltr'>quae</span> <span class='ocrx_word' id='word_1_346' title='bbox 1334 1640 1479 1682; x_wconf 84' lang='lat' dir='ltr'>dispersa</span> <span class='ocrx_word' id='word_1_347' title='bbox 1503 1647 1575 1671; x_wconf 89' lang='lat' dir='ltr'>sunt</span> <span class='ocrx_word' id='word_1_348' title='bbox 1599 1641 1629 1670; x_wconf 91' lang='lat' dir='ltr'>in</span> <span class='ocrx_word' id='word_1_349' title='bbox 1655 1650 1752 1670; x_wconf 86' lang='lat' dir='ltr'>unum</span> <span class='ocrx_word' id='word_1_350' title='bbox 1784 1645 2008 1680; x_wconf 81' lang='lat' dir='ltr'>congregaret,</span> 
     </span>
     <span class='ocr_line' id='line_1_34' title="bbox 356 1690 2007 1736; baseline -0.002 -11"><span class='ocrx_word' id='word_1_351' title='bbox 356 1705 440 1734; x_wconf 82' lang='lat' dir='ltr'>cccc,</span> <span class='ocrx_word' id='word_1_352' title='bbox 465 1695 495 1724; x_wconf 90' lang='lat' dir='ltr'>in</span> <span class='ocrx_word' id='word_1_353' title='bbox 520 1705 613 1736; x_wconf 82' lang='lat' dir='ltr'>quem</span> <span class='ocrx_word' id='word_1_354' title='bbox 639 1699 738 1725; x_wconf 80' lang='lat' dir='ltr'>totam</span> <span class='ocrx_word' id='word_1_355' title='bbox 763 1705 851 1735; x_wconf 85' lang='lat' dir='ltr'>spem</span> <span class='ocrx_word' id='word_1_356' title='bbox 878 1701 1036 1734; x_wconf 74' lang='lat' dir='ltr'>posuerat,</span> <span class='ocrx_word' id='word_1_357' title='bbox 1060 1692 1278 1723; x_wconf 81' lang='lat' dir='ltr'>adversarium</span> <span class='ocrx_word' id='word_1_358' title='bbox 1304 1693 1473 1723; x_wconf 83' lang='lat' dir='ltr'>sentiebat.</span> <span class='ocrx_word' id='word_1_359' title='bbox 1499 1698 1608 1733; x_wconf 83' lang='lat' dir='ltr'>utpote</span> <span class='ocrx_word' id='word_1_360' title='bbox 1637 1692 1691 1733; x_wconf 88' lang='lat' dir='ltr'>qui</span> <span class='ocrx_word' id='word_1_361' title='bbox 1716 1702 1779 1722; x_wconf 90' lang='lat' dir='ltr'>non</span> <span class='ocrx_word' id='word_1_362' title='bbox 1796 1690 1857 1721; x_wconf 92' lang='lat' dir='ltr'>sibi</span> <span class='ocrx_word' id='word_1_363' title='bbox 1881 1690 1932 1721; x_wconf 73' lang='lat' dir='ltr'>vel</span> <span class='ocrx_word' id='word_1_364' title='bbox 1949 1701 2007 1721; x_wconf 88' lang='lat' dir='ltr'>suo</span> 
     </span>
     <span class='ocr_line' id='line_1_35' title="bbox 357 1741 2008 1787; baseline -0.002 -11"><span class='ocrx_word' id='word_1_365' title='bbox 357 1757 466 1787; x_wconf 67' lang='lat' dir='ltr'>regno,</span> <span class='ocrx_word' id='word_1_366' title='bbox 497 1745 552 1776; x_wconf 84' lang='lat' dir='ltr'>sed</span> <span class='ocrx_word' id='word_1_367' title='bbox 578 1746 723 1776; x_wconf 83' lang='lat' dir='ltr'>hostibus</span> <span class='ocrx_word' id='word_1_368' title='bbox 747 1751 859 1776; x_wconf 84' lang='lat' dir='ltr'>contra</span> <span class='ocrx_word' id='word_1_369' title='bbox 883 1756 915 1775; x_wconf 81' lang='lat' dir='ltr'>se</span> <span class='ocrx_word' id='word_1_370' title='bbox 940 1744 1129 1775; x_wconf 83' lang='lat' dir='ltr'>consulebat</span> <span class='ocrx_word' id='word_1_371' title='bbox 1153 1755 1312 1786; x_wconf 85' lang='lat' dir='ltr'>opemque</span> <span class='ocrx_word' id='word_1_372' title='bbox 1336 1743 1469 1781; x_wconf 85' lang='lat' dir='ltr'>ferebat,</span> <span class='ocrx_word' id='word_1_373' title='bbox 1501 1749 1535 1774; x_wconf 86' lang='lat' dir='ltr'>ut</span> <span class='ocrx_word' id='word_1_374' title='bbox 1557 1755 1628 1773; x_wconf 88' lang='lat' dir='ltr'>eum</span> <span class='ocrx_word' id='word_1_375' title='bbox 1654 1749 1708 1774; x_wconf 88' lang='lat' dir='ltr'>aut</span> <span class='ocrx_word' id='word_1_376' title='bbox 1731 1741 1930 1784; x_wconf 83' lang='lat' dir='ltr'>expellerent</span> <span class='ocrx_word' id='word_1_377' title='bbox 1952 1749 2008 1773; x_wconf 82' lang='lat' dir='ltr'>aut</span> 
     </span>
     <span class='ocr_line' id='line_1_36' title="bbox 358 1794 2008 1839; baseline -0.002 -11"><span class='ocrx_word' id='word_1_378' title='bbox 358 1798 486 1828; x_wconf 85' lang='lat' dir='ltr'>omuino</span> <span class='ocrx_word' id='word_1_379' title='bbox 512 1798 693 1839; x_wconf 76' lang='lat' dir='ltr'>perderent,</span> <span class='ocrx_word' id='word_1_380' title='bbox 723 1796 817 1838; x_wconf 86' lang='lat' dir='ltr'>quale</span> <span class='ocrx_word' id='word_1_381' title='bbox 842 1796 981 1827; x_wconf 80' lang='lat' dir='ltr'>osticium</span> <span class='ocrx_word' id='word_1_382' title='bbox 1006 1807 1070 1826; x_wconf 86' lang='lat' dir='ltr'>non</span> <span class='ocrx_word' id='word_1_383' title='bbox 1095 1803 1143 1827; x_wconf 90' lang='lat' dir='ltr'>est</span> <span class='ocrx_word' id='word_1_384' title='bbox 1165 1807 1285 1829; x_wconf 84' lang='lat' dir='ltr'>eorum,</span> <span class='ocrx_word' id='word_1_385' title='bbox 1316 1796 1354 1827; x_wconf 89' lang='lat' dir='ltr'>de</span> <span class='ocrx_word' id='word_1_386' title='bbox 1379 1795 1498 1837; x_wconf 81' lang='lat' dir='ltr'>quibus</span> <span class='ocrx_word' id='word_1_387' title='bbox 1522 1806 1541 1825; x_wconf 90' lang='lat' dir='ltr'>a</span> <span class='ocrx_word' id='word_1_388' title='bbox 1566 1795 1705 1826; x_wconf 86' lang='lat' dir='ltr'>Domino</span> <span class='ocrx_word' id='word_1_389' title='bbox 1730 1794 1810 1825; x_wconf 90' lang='lat' dir='ltr'>dicit</span> <span class='ocrx_word' id='word_1_390' title='bbox 1833 1794 2008 1837; x_wconf 85' lang='lat' dir='ltr'>propheta:</span> 
     </span>
     <span class='ocr_line' id='line_1_37' title="bbox 360 1846 2008 1891; baseline -0.002 -11"><span class='ocrx_word' id='word_1_391' title='bbox 360 1850 465 1886; x_wconf 81' lang='lat' dir='ltr'>Quam</span> <span class='ocrx_word' id='word_1_392' title='bbox 490 1851 639 1891; x_wconf 72' lang='lat' dir='ltr'>speciosi,</span> <span class='ocrx_word' id='word_1_393' title='bbox 663 1849 822 1891; x_wconf 63' lang='lat' dir='ltr'>inquierw,</span> <span class='ocrx_word' id='word_1_394' title='bbox 845 1850 942 1889; x_wconf 72' lang='lat' dir='ltr'>pedes</span> <span class='ocrx_word' id='word_1_395' title='bbox 966 1848 1266 1888; x_wconf 63' lang='lat' dir='ltr'>nuanssclizuntium</span> <span class='ocrx_word' id='word_1_396' title='bbox 1289 1860 1414 1889; x_wconf 73' lang='lat' dir='ltr'>pacem,</span> <span class='ocrx_word' id='word_1_397' title='bbox 1437 1847 1737 1888; x_wconf 64' lang='lat' dir='ltr'>euanyselizantium</span> <span class='ocrx_word' id='word_1_398' title='bbox 1760 1847 1854 1878; x_wconf 80' lang='lat' dir='ltr'>bona.</span> <span class='ocrx_word' id='word_1_399' title='bbox 1903 1846 2008 1888; x_wconf 81' lang='lat' dir='ltr'>Igitur</span> 
     </span>
    </p>
   </div>
   <div class='ocr_carea' id='block_1_7' title="bbox 316 1898 2009 1943">
    <p class='ocr_par' dir='ltr' id='par_1_7' title="bbox 270 1898 2009 1943">
     <span class='ocr_line' id='line_1_38' title="bbox 316 1898 2009 1943; baseline -0.002 -12.079"><span class='ocrx_word' id='word_1_400' title='bbox 316 1914 334 1931; x_wconf 81' lang='grc' dir='ltr'>τ.</span> <span class='ocrx_word' id='word_1_401' title='bbox 357 1902 505 1933; x_wconf 80' lang='lat' dir='ltr'>Christus</span> <span class='ocrx_word' id='word_1_402' title='bbox 530 1912 593 1943; x_wconf 89' lang='lat' dir='ltr'>pax</span> <span class='ocrx_word' id='word_1_403' title='bbox 619 1906 666 1931; x_wconf 84' lang='lat' dir='ltr'>est</span> <span class='ocrx_word' id='word_1_404' title='bbox 690 1908 721 1931; x_wconf 92' lang='lat' dir='ltr'>et</span> <span class='ocrx_word' id='word_1_405' title='bbox 744 1900 906 1931; x_wconf 83' lang='lat' dir='ltr'>hereditas</span> <span class='ocrx_word' id='word_1_406' title='bbox 929 1899 1085 1931; x_wconf 84' lang='lat' dir='ltr'>ecclcsiae</span> <span class='ocrx_word' id='word_1_407' title='bbox 1110 1911 1174 1940; x_wconf 85' lang='lat' dir='ltr'>pax</span> <span class='ocrx_word' id='word_1_408' title='bbox 1199 1905 1255 1938; x_wconf 89' lang='lat' dir='ltr'>est,</span> <span class='ocrx_word' id='word_1_409' title='bbox 1285 1900 1435 1941; x_wconf 87' lang='lat' dir='ltr'>quoniam</span> <span class='ocrx_word' id='word_1_410' title='bbox 1461 1898 1677 1938; x_wconf 83' lang='lat' dir='ltr'>Hierusalem,</span> <span class='ocrx_word' id='word_1_411' title='bbox 1702 1909 1785 1940; x_wconf 89' lang='lat' dir='ltr'>quae</span> <span class='ocrx_word' id='word_1_412' title='bbox 1810 1909 1935 1930; x_wconf 88' lang='lat' dir='ltr'>sursum</span> <span class='ocrx_word' id='word_1_413' title='bbox 1961 1903 2009 1929; x_wconf 88' lang='lat' dir='ltr'>est</span> 
     </span>
    </p>
   </div>
   <div class='ocr_carea' id='block_1_8' title="bbox 357 1949 2008 1993">
    <p class='ocr_par' dir='ltr' id='par_1_8' title="bbox 357 1949 2008 1993">
     <span class='ocr_line' id='line_1_39' title="bbox 357 1949 2008 1993; baseline -0.003 -8"><span class='ocrx_word' id='word_1_414' title='bbox 357 1960 388 1985; x_wconf 89' lang='lat' dir='ltr'>ct</span> <span class='ocrx_word' id='word_1_415' title='bbox 404 1959 452 1985; x_wconf 83' lang='lat' dir='ltr'>cst</span> <span class='ocrx_word' id='word_1_416' title='bbox 476 1958 576 1984; x_wconf 85' lang='lat' dir='ltr'>mater</span> <span class='ocrx_word' id='word_1_417' title='bbox 594 1953 735 1983; x_wconf 87' lang='lat' dir='ltr'>omnium</span> <span class='ocrx_word' id='word_1_418' title='bbox 761 1958 915 1990; x_wconf 89' lang='lat' dir='ltr'>nostrum,</span> <span class='ocrx_word' id='word_1_419' title='bbox 940 1952 1021 1982; x_wconf 79' lang='lat' dir='ltr'>visio</span> <span class='ocrx_word' id='word_1_420' title='bbox 1039 1952 1128 1992; x_wconf 86' lang='lat' dir='ltr'>pacis</span> <span class='ocrx_word' id='word_1_421' title='bbox 1150 1952 1399 1993; x_wconf 66' lang='lat' dir='ltr'>interpretanti-³</span> <span class='ocrx_word' id='word_1_422' title='bbox 1434 1951 1519 1982; x_wconf 89' lang='lat' dir='ltr'>unde</span> <span class='ocrx_word' id='word_1_423' title='bbox 1536 1957 1566 1981; x_wconf 91' lang='lat' dir='ltr'>et</span> <span class='ocrx_word' id='word_1_424' title='bbox 1583 1950 1660 1981; x_wconf 86' lang='lat' dir='ltr'>nihil</span> <span class='ocrx_word' id='word_1_425' title='bbox 1677 1949 1762 1981; x_wconf 90' lang='lat' dir='ltr'>aliud</span> <span class='ocrx_word' id='word_1_426' title='bbox 1781 1951 1884 1992; x_wconf 83' lang='lat' dir='ltr'>patria</span> <span class='ocrx_word' id='word_1_427' title='bbox 1899 1955 2008 1981; x_wconf 87' lang='lat' dir='ltr'>nostra</span> 
     </span>
    </p>
   </div>
   <div class='ocr_carea' id='block_1_9' title="bbox 357 1977 2006 2046">
    <p class='ocr_par' dir='ltr' id='par_1_9' title="bbox 357 1977 2006 2046">
     <span class='ocr_line' id='line_1_40' title="bbox 1403 1977 1410 1992; baseline 0 0"><span class='ocrx_word' id='word_1_428' title='bbox 1403 1977 1410 1992; x_wconf 77' lang='lat'><strong><em>7</em></strong></span> 
     </span>
     <span class='ocr_line' id='line_1_41' title="bbox 357 2001 2006 2046; baseline -0.002 -11"><span class='ocrx_word' id='word_1_429' title='bbox 357 2007 416 2036; x_wconf 87' lang='lat' dir='ltr'>nisi</span> <span class='ocrx_word' id='word_1_430' title='bbox 442 2016 505 2046; x_wconf 87' lang='lat' dir='ltr'>pax</span> <span class='ocrx_word' id='word_1_431' title='bbox 531 2011 674 2035; x_wconf 86' lang='lat' dir='ltr'>vocatur.</span> <span class='ocrx_word' id='word_1_432' title='bbox 721 2004 784 2043; x_wconf 76' lang='lat' dir='ltr'>Qui</span> <span class='ocrx_word' id='word_1_433' title='bbox 809 2009 915 2034; x_wconf 85' lang='lat' dir='ltr'>autem</span> <span class='ocrx_word' id='word_1_434' title='bbox 940 2010 1050 2034; x_wconf 85' lang='lat' dir='ltr'>contra</span> <span class='ocrx_word' id='word_1_435' title='bbox 1076 2014 1187 2045; x_wconf 79' lang='lat' dir='ltr'>paceni</span> <span class='ocrx_word' id='word_1_436' title='bbox 1213 2003 1298 2041; x_wconf 85' lang='lat' dir='ltr'>facit,</span> <span class='ocrx_word' id='word_1_437' title='bbox 1323 2003 1479 2034; x_wconf 84' lang='lat' dir='ltr'>adversus</span> <span class='ocrx_word' id='word_1_438' title='bbox 1498 2002 1661 2034; x_wconf 85' lang='lat' dir='ltr'>Christum</span> <span class='ocrx_word' id='word_1_439' title='bbox 1679 2007 1711 2033; x_wconf 89' lang='lat' dir='ltr'>et</span> <span class='ocrx_word' id='word_1_440' title='bbox 1727 2001 1895 2033; x_wconf 83' lang='lat' dir='ltr'>ecclesiam</span> <span class='ocrx_word' id='word_1_441' title='bbox 1919 2001 2006 2033; x_wconf 87' lang='lat' dir='ltr'>facit.</span> 
     </span>
    </p>
   </div>
   <div class='ocr_carea' id='block_1_10' title="bbox 360 2053 2006 2098">
    <p class='ocr_par' dir='ltr' id='par_1_10' title="bbox 360 2053 2006 2098">
     <span class='ocr_line' id='line_1_42' title="bbox 360 2053 2006 2098; baseline -0.002 -10"><span class='ocrx_word' id='word_1_442' title='bbox 360 2058 425 2093; x_wconf 73' lang='lat' dir='ltr'>Qui</span> <span class='ocrx_word' id='word_1_443' title='bbox 453 2058 549 2097; x_wconf 83' lang='lat' dir='ltr'>enim,</span> <span class='ocrx_word' id='word_1_444' title='bbox 580 2056 693 2098; x_wconf 83' lang='lat' dir='ltr'>iuquit,</span> <span class='ocrx_word' id='word_1_445' title='bbox 724 2067 844 2086; x_wconf 70' lang='lat' dir='ltr'>mecum</span> <span class='ocrx_word' id='word_1_446' title='bbox 876 2067 941 2086; x_wconf 80' lang='lat' dir='ltr'>non</span> <span class='ocrx_word' id='word_1_447' title='bbox 971 2061 1026 2096; x_wconf 76' lang='lat' dir='ltr'>est,</span> <span class='ocrx_word' id='word_1_448' title='bbox 1055 2056 1225 2086; x_wconf 73' lang='lat' dir='ltr'>adeersum</span> <span class='ocrx_word' id='word_1_449' title='bbox 1251 2067 1297 2086; x_wconf 81' lang='lat' dir='ltr'>me</span> <span class='ocrx_word' id='word_1_450' title='bbox 1321 2061 1375 2095; x_wconf 84' lang='lat' dir='ltr'>est,</span> <span class='ocrx_word' id='word_1_451' title='bbox 1405 2061 1432 2085; x_wconf 82' lang='lat' dir='ltr'>et</span> <span class='ocrx_word' id='word_1_452' title='bbox 1462 2057 1519 2096; x_wconf 76' lang='lat' dir='ltr'>qui</span> <span class='ocrx_word' id='word_1_453' title='bbox 1541 2066 1660 2085; x_wconf 80' lang='lat' dir='ltr'>mecum</span> <span class='ocrx_word' id='word_1_454' title='bbox 1688 2066 1751 2085; x_wconf 81' lang='lat' dir='ltr'>non</span> <span class='ocrx_word' id='word_1_455' title='bbox 1775 2053 1908 2096; x_wconf 74' lang='lat' dir='ltr'>colliyit,</span> <span class='ocrx_word' id='word_1_456' title='bbox 1939 2054 2006 2084; x_wconf 81' lang='lat' dir='ltr'>dis-</span> 
     </span>
    </p>
   </div>
   <div class='ocr_carea' id='block_1_11' title="bbox 357 2163 2004 2244">
    <p class='ocr_par' dir='ltr' id='par_1_11' title="bbox 357 2163 2004 2244">
     <span class='ocr_line' id='line_1_43' title="bbox 467 2163 2004 2198; baseline -0.001 -9"><span class='ocrx_word' id='word_1_457' title='bbox 467 2166 495 2196; x_wconf 78' lang='lat' dir='ltr'>n)</span> <span class='ocrx_word' id='word_1_458' title='bbox 516 2166 636 2196; x_wconf 71' lang='lat' dir='ltr'>sortasse</span> <span class='ocrx_word' id='word_1_459' title='bbox 661 2165 799 2198; x_wconf 64' lang='lat' dir='ltr'>legendum</span> <span class='ocrx_word' id='word_1_460' title='bbox 825 2169 876 2189; x_wconf 73' lang='lat' dir='ltr'>eat:</span> <span class='ocrx_word' id='word_1_461' title='bbox 900 2165 995 2189; x_wconf 84' lang='lat' dir='ltr'>Nonne</span> <span class='ocrx_word' id='word_1_462' title='bbox 1021 2165 1136 2190; x_wconf 81' lang='lat' dir='ltr'>terribile</span> <span class='ocrx_word' id='word_1_463' title='bbox 1164 2165 1234 2197; x_wconf 89' lang='lat' dir='ltr'>quod</span> <span class='ocrx_word' id='word_1_464' title='bbox 1257 2184 1263 2190; x_wconf 86' lang='lat'>.</span> <span class='ocrx_word' id='word_1_465' title='bbox 1286 2184 1292 2189; x_wconf 95' lang='lat'>.</span> <span class='ocrx_word' id='word_1_466' title='bbox 1315 2174 1334 2195; x_wconf 82' lang='lat'>.;</span> <span class='ocrx_word' id='word_1_467' title='bbox 1362 2163 1509 2189; x_wconf 65' lang='lat' dir='ltr'>Sohar-(lius</span> <span class='ocrx_word' id='word_1_468' title='bbox 1536 2164 1700 2189; x_wconf 74' lang='lat' dir='ltr'>emendavit:</span> <span class='ocrx_word' id='word_1_469' title='bbox 1727 2164 1852 2197; x_wconf 83' lang='lat' dir='ltr'>Nunquid</span> <span class='ocrx_word' id='word_1_470' title='bbox 1879 2163 2004 2194; x_wconf 78' lang='lat' dir='ltr'>terribile,</span> 
     </span>
     <span class='ocr_line' id='line_1_44' title="bbox 357 2212 510 2244; baseline 0.013 -10"><span class='ocrx_word' id='word_1_471' title='bbox 357 2212 426 2244; x_wconf 73' lang='lat' dir='ltr'>quod</span> <span class='ocrx_word' id='word_1_472' title='bbox 449 2231 453 2235; x_wconf 92' lang='lat'>.</span> <span class='ocrx_word' id='word_1_473' title='bbox 477 2231 482 2236; x_wconf 93' lang='lat'>.</span> <span class='ocrx_word' id='word_1_474' title='bbox 504 2231 510 2236; x_wconf 86' lang='lat'>.</span> 
     </span>
    </p>
   </div>
   <div class='ocr_carea' id='block_1_12' title="bbox 356 2309 2006 2859">
    <p class='ocr_par' dir='ltr' id='par_1_12' title="bbox 356 2309 2006 2859">
     <span class='ocr_line' id='line_1_45' title="bbox 357 2309 2006 2344; baseline -0.001 -10"><span class='ocrx_word' id='word_1_475' title='bbox 357 2312 390 2335; x_wconf 73' lang='lat' dir='ltr'>(lc</span> <span class='ocrx_word' id='word_1_476' title='bbox 419 2310 468 2335; x_wconf 74' lang='lat' dir='ltr'>illu</span> <span class='ocrx_word' id='word_1_477' title='bbox 500 2319 530 2333; x_wconf 68' lang='lat' dir='ltr'>re</span> <span class='ocrx_word' id='word_1_478' title='bbox 560 2309 726 2341; x_wconf 58' lang='lat' dir='ltr'>referebant,</span> <span class='ocrx_word' id='word_1_479' title='bbox 758 2318 790 2334; x_wconf 75' lang='lat' dir='ltr'>ea</span> <span class='ocrx_word' id='word_1_480' title='bbox 821 2310 977 2335; x_wconf 77' lang='lat' dir='ltr'>ll&#39;ulrarnus</span> <span class='ocrx_word' id='word_1_481' title='bbox 1006 2318 1163 2344; x_wconf 69' lang='lat' dir='ltr'>craequare</span> <span class='ocrx_word' id='word_1_482' title='bbox 1190 2310 1320 2336; x_wconf 72' lang='lat' dir='ltr'>studeret.</span> <span class='ocrx_word' id='word_1_483' title='bbox 1366 2310 1401 2335; x_wconf 73' lang='lat' dir='ltr'>Si</span> <span class='ocrx_word' id='word_1_484' title='bbox 1423 2309 1493 2334; x_wconf 80' lang='lat' dir='ltr'>cuim</span> <span class='ocrx_word' id='word_1_485' title='bbox 1518 2318 1572 2335; x_wconf 84' lang='lat' dir='ltr'>rem</span> <span class='ocrx_word' id='word_1_486' title='bbox 1598 2309 1761 2335; x_wconf 71' lang='lat' dir='ltr'>accuratius</span> <span class='ocrx_word' id='word_1_487' title='bbox 1789 2309 2006 2340; x_wconf 64' lang='lat' dir='ltr'>concideramus,</span> 
     </span>
     <span class='ocr_line' id='line_1_46' title="bbox 357 2359 2005 2396; baseline 0.001 -11"><span class='ocrx_word' id='word_1_488' title='bbox 357 2362 539 2386; x_wconf 68' lang='lat' dir='ltr'>concedamus</span> <span class='ocrx_word' id='word_1_489' title='bbox 563 2370 669 2386; x_wconf 59' lang='lat' dir='ltr'>neccsse</span> <span class='ocrx_word' id='word_1_490' title='bbox 693 2365 739 2392; x_wconf 65' lang='lat' dir='ltr'>est,</span> <span class='ocrx_word' id='word_1_491' title='bbox 766 2361 885 2395; x_wconf 74' lang='lat' dir='ltr'>proprie</span> <span class='ocrx_word' id='word_1_492' title='bbox 910 2362 992 2387; x_wconf 64' lang='lat' dir='ltr'>ver-lm</span> <span class='ocrx_word' id='word_1_493' title='bbox 1024 2362 1159 2387; x_wconf 78' lang='lat' dir='ltr'>ll&#39;ulrami</span> <span class='ocrx_word' id='word_1_494' title='bbox 1180 2371 1271 2387; x_wconf 68' lang='lat' dir='ltr'>secum</span> <span class='ocrx_word' id='word_1_495' title='bbox 1291 2370 1431 2396; x_wconf 76' lang='lat' dir='ltr'>puynare.</span> <span class='ocrx_word' id='word_1_496' title='bbox 1485 2361 1557 2387; x_wconf 69' lang='lat' dir='ltr'>Nam</span> <span class='ocrx_word' id='word_1_497' title='bbox 1583 2361 1688 2386; x_wconf 78' lang='lat' dir='ltr'>Ronizo</span> <span class='ocrx_word' id='word_1_498' title='bbox 1711 2364 1734 2386; x_wconf 82' lang='lat' dir='ltr'>el</span> <span class='ocrx_word' id='word_1_499' title='bbox 1759 2360 1868 2386; x_wconf 74' lang='lat' dir='ltr'>Dom&#39;zo</span> <span class='ocrx_word' id='word_1_500' title='bbox 1889 2359 2005 2386; x_wconf 77' lang='lat' dir='ltr'>tradunt</span> 
     </span>
     <span class='ocr_line' id='line_1_47' title="bbox 358 2412 2004 2446; baseline 0.001 -10"><span class='ocrx_word' id='word_1_501' title='bbox 358 2421 444 2446; x_wconf 42' lang='grc' dir='ltr'>γε’-ηοω</span> <span class='ocrx_word' id='word_1_502' title='bbox 469 2421 568 2445; x_wconf 62' lang='lat' dir='ltr'>corpus</span> <span class='ocrx_word' id='word_1_503' title='bbox 591 2413 758 2437; x_wconf 69' lang='lat' dir='ltr'>‹lnminimnn</span> <span class='ocrx_word' id='word_1_504' title='bbox 783 2413 940 2446; x_wconf 62' lang='lat' dir='ltr'>mnnpsisse,</span> <span class='ocrx_word' id='word_1_505' title='bbox 967 2414 1062 2440; x_wconf 61' lang='lat' dir='ltr'>lamb,</span> <span class='ocrx_word' id='word_1_506' title='bbox 1081 2418 1103 2437; x_wconf 76' lang='lat' dir='ltr'>e!</span> <span class='ocrx_word' id='word_1_507' title='bbox 1125 2413 1227 2445; x_wconf 62' lang='lat' dir='ltr'>Iler-th„</span> <span class='ocrx_word' id='word_1_508' title='bbox 1252 2422 1341 2446; x_wconf 74' lang='lat' dir='ltr'>reqem</span> <span class='ocrx_word' id='word_1_509' title='bbox 1361 2413 1474 2438; x_wconf 69' lang='lat' dir='ltr'>veritum</span> <span class='ocrx_word' id='word_1_510' title='bbox 1500 2422 1557 2437; x_wconf 74' lang='lat' dir='ltr'>esse</span> <span class='ocrx_word' id='word_1_511' title='bbox 1580 2413 1618 2443; x_wconf 78' lang='lat' dir='ltr'>id,</span> <span class='ocrx_word' id='word_1_512' title='bbox 1643 2413 1701 2438; x_wconf 79' lang='lat' dir='ltr'>siue</span> <span class='ocrx_word' id='word_1_513' title='bbox 1725 2412 1874 2438; x_wconf 70' lang='lat' dir='ltr'>‘residuam</span> <span class='ocrx_word' id='word_1_514' title='bbox 1894 2414 2004 2446; x_wconf 77' lang='lat' dir='ltr'>partem</span> 
     </span>
     <span class='ocr_line' id='line_1_48' title="bbox 357 2463 2004 2499; baseline 0.001 -12"><span class='ocrx_word' id='word_1_515' title='bbox 357 2464 490 2489; x_wconf 58' lang='lat' dir='ltr'>dominu-i</span> <span class='ocrx_word' id='word_1_516' title='bbox 513 2464 644 2496; x_wconf 69' lang='lat' dir='ltr'>corpuris&#39;</span> <span class='ocrx_word' id='word_1_517' title='bbox 668 2473 783 2495; x_wconf 63' lang='lat' dir='ltr'>sumorr,</span> <span class='ocrx_word' id='word_1_518' title='bbox 808 2468 890 2497; x_wconf 67' lang='lat' dir='ltr'>atque</span> <span class='ocrx_word' id='word_1_519' title='bbox 914 2465 976 2489; x_wconf 74' lang='lat' dir='ltr'>inde</span> <span class='ocrx_word' id='word_1_520' title='bbox 1000 2465 1142 2497; x_wconf 44' lang='lat' dir='ltr'>colle-fisse</span> <span class='ocrx_word' id='word_1_521' title='bbox 1163 2474 1277 2499; x_wconf 77' lang='lat' dir='ltr'>papum,</span> <span class='ocrx_word' id='word_1_522' title='bbox 1302 2474 1390 2498; x_wconf 61' lang='lat' dir='ltr'>roffam</span> <span class='ocrx_word' id='word_1_523' title='bbox 1415 2464 1469 2489; x_wconf 74' lang='lat' dir='ltr'>sibi</span> <span class='ocrx_word' id='word_1_524' title='bbox 1491 2465 1590 2498; x_wconf 75' lang='lat' dir='ltr'>culpae</span> <span class='ocrx_word' id='word_1_525' title='bbox 1613 2464 1749 2489; x_wconf 69' lang='lat' dir='ltr'>conscium</span> <span class='ocrx_word' id='word_1_526' title='bbox 1774 2472 1840 2491; x_wconf 60' lang='lat' dir='ltr'>ease.</span> <span class='ocrx_word' id='word_1_527' title='bbox 1895 2463 2004 2489; x_wconf 80' lang='lat' dir='ltr'>Walra-</span> 
     </span>
     <span class='ocr_line' id='line_1_49' title="bbox 359 2514 2006 2550; baseline 0.001 -11"><span class='ocrx_word' id='word_1_528' title='bbox 359 2525 415 2540; x_wconf 69' lang='lat' dir='ltr'>mus</span> <span class='ocrx_word' id='word_1_529' title='bbox 439 2525 490 2547; x_wconf 72' lang='lat' dir='ltr'>rra,</span> <span class='ocrx_word' id='word_1_530' title='bbox 516 2525 586 2548; x_wconf 69' lang='lat' dir='ltr'>quae</span> <span class='ocrx_word' id='word_1_531' title='bbox 610 2524 696 2539; x_wconf 72' lang='lat' dir='ltr'>secum</span> <span class='ocrx_word' id='word_1_532' title='bbox 721 2519 857 2548; x_wconf 70' lang='lat' dir='ltr'>puqnaut,</span> <span class='ocrx_word' id='word_1_533' title='bbox 888 2516 1036 2549; x_wconf 70' lang='lat' dir='ltr'>coniunyit,</span> <span class='ocrx_word' id='word_1_534' title='bbox 1067 2520 1090 2541; x_wconf 79' lang='lat' dir='ltr'>e!</span> <span class='ocrx_word' id='word_1_535' title='bbox 1115 2525 1205 2549; x_wconf 70' lang='lat' dir='ltr'>reyem</span> <span class='ocrx_word' id='word_1_536' title='bbox 1228 2517 1439 2542; x_wconf 79' lang='lat' dir='ltr'>communionem</span> <span class='ocrx_word' id='word_1_537' title='bbox 1465 2516 1592 2550; x_wconf 77' lang='lat' dir='ltr'>corporis</span> <span class='ocrx_word' id='word_1_538' title='bbox 1615 2519 1638 2541; x_wconf 69' lang='lat' dir='ltr'>oe</span> <span class='ocrx_word' id='word_1_539' title='bbox 1661 2515 1809 2549; x_wconf 71' lang='lat' dir='ltr'>sanquinis</span> <span class='ocrx_word' id='word_1_540' title='bbox 1833 2514 1951 2540; x_wconf 72' lang='lat' dir='ltr'>Domini</span> <span class='ocrx_word' id='word_1_541' title='bbox 1971 2515 2006 2540; x_wconf 82' lang='lat' dir='ltr'>de</span> 
     </span>
     <span class='ocr_line' id='line_1_50' title="bbox 358 2566 2005 2602; baseline 0.001 -11"><span class='ocrx_word' id='word_1_542' title='bbox 358 2576 438 2592; x_wconf 70' lang='lat' dir='ltr'>›nanu</span> <span class='ocrx_word' id='word_1_543' title='bbox 467 2567 605 2600; x_wconf 57' lang='lat' dir='ltr'>pothlJcis·</span> <span class='ocrx_word' id='word_1_544' title='bbox 637 2567 784 2600; x_wconf 55' lang='lat' dir='ltr'>memisse,</span> <span class='ocrx_word' id='word_1_545' title='bbox 817 2570 840 2592; x_wconf 77' lang='lat' dir='ltr'>et</span> <span class='ocrx_word' id='word_1_546' title='bbox 867 2576 973 2601; x_wconf 73' lang='lat' dir='ltr'>papam</span> <span class='ocrx_word' id='word_1_547' title='bbox 1004 2577 1036 2593; x_wconf 63' lang='lat' dir='ltr'>cr</span> <span class='ocrx_word' id='word_1_548' title='bbox 1066 2577 1098 2592; x_wconf 67' lang='lat'>(3¹1</span> <span class='ocrx_word' id='word_1_549' title='bbox 1129 2577 1158 2592; x_wconf 83' lang='lat' dir='ltr'>rc</span> <span class='ocrx_word' id='word_1_550' title='bbox 1183 2568 1367 2593; x_wconf 68' lang='lat' dir='ltr'>testimonium</span> <span class='ocrx_word' id='word_1_551' title='bbox 1399 2568 1500 2602; x_wconf 78' lang='lat' dir='ltr'>culpae</span> <span class='ocrx_word' id='word_1_552' title='bbox 1522 2567 1596 2601; x_wconf 67' lang='lat' dir='ltr'>reyia</span> <span class='ocrx_word' id='word_1_553' title='bbox 1618 2567 1783 2601; x_wconf 79' lang='lat' dir='ltr'>concepisse.</span> <span class='ocrx_word' id='word_1_554' title='bbox 1835 2566 2005 2592; x_wconf 75' lang='lat' dir='ltr'>walramum</span> 
     </span>
     <span class='ocr_line' id='line_1_51' title="bbox 356 2617 2004 2653; baseline 0.001 -10"><span class='ocrx_word' id='word_1_555' title='bbox 356 2622 455 2651; x_wconf 72' lang='lat' dir='ltr'>«tutem,</span> <span class='ocrx_word' id='word_1_556' title='bbox 484 2619 556 2652; x_wconf 73' lang='lat' dir='ltr'>quud</span> <span class='ocrx_word' id='word_1_557' title='bbox 579 2628 667 2643; x_wconf 55' lang='lat' dir='ltr'>serum</span> <span class='ocrx_word' id='word_1_558' title='bbox 690 2623 796 2651; x_wconf 67' lang='lat' dir='ltr'>puynur</span> <span class='ocrx_word' id='word_1_559' title='bbox 822 2618 848 2643; x_wconf 85' lang='lat' dir='ltr'>in</span> <span class='ocrx_word' id='word_1_560' title='bbox 874 2628 903 2643; x_wconf 84' lang='lat' dir='ltr'>rc</span> <span class='ocrx_word' id='word_1_561' title='bbox 925 2622 948 2643; x_wconf 65' lang='lat' dir='ltr'>et</span> <span class='ocrx_word' id='word_1_562' title='bbox 974 2619 1071 2651; x_wconf 70' lang='lat' dir='ltr'>verbis,</span> <span class='ocrx_word' id='word_1_563' title='bbox 1100 2620 1138 2645; x_wconf 67' lang='lat' dir='ltr'>aut</span> <span class='ocrx_word' id='word_1_564' title='bbox 1161 2620 1299 2653; x_wconf 71' lang='lat' dir='ltr'>inqenium</span> <span class='ocrx_word' id='word_1_565' title='bbox 1322 2628 1417 2653; x_wconf 77' lang='lat' dir='ltr'>papae</span> <span class='ocrx_word' id='word_1_566' title='bbox 1439 2628 1580 2651; x_wconf 76' lang='lat' dir='ltr'>revocare,</span> <span class='ocrx_word' id='word_1_567' title='bbox 1612 2628 1662 2644; x_wconf 81' lang='lat' dir='ltr'>uon</span> <span class='ocrx_word' id='word_1_568' title='bbox 1687 2622 1724 2644; x_wconf 76' lang='lat' dir='ltr'>est</span> <span class='ocrx_word' id='word_1_569' title='bbox 1753 2618 1827 2652; x_wconf 78' lang='lat' dir='ltr'>quod</span> <span class='ocrx_word' id='word_1_570' title='bbox 1848 2617 2004 2652; x_wconf 61' lang='lat' dir='ltr'>miremur]</span> 
     </span>
     <span class='ocr_line' id='line_1_52' title="bbox 362 2669 2003 2704; baseline 0 -9"><span class='ocrx_word' id='word_1_571' title='bbox 362 2671 387 2703; x_wconf 91' lang='lat'>1)</span> <span class='ocrx_word' id='word_1_572' title='bbox 413 2670 474 2695; x_wconf 56' lang='lat' dir='ltr'>llus</span> <span class='ocrx_word' id='word_1_573' title='bbox 495 2679 539 2695; x_wconf 68' lang='lat' dir='ltr'>res</span> <span class='ocrx_word' id='word_1_574' title='bbox 563 2673 660 2695; x_wconf 81' lang='lat' dir='ltr'>auctor</span> <span class='ocrx_word' id='word_1_575' title='bbox 685 2669 773 2702; x_wconf 68' lang='lat' dir='ltr'>muqia</span> <span class='ocrx_word' id='word_1_576' title='bbox 797 2670 835 2695; x_wconf 79' lang='lat' dir='ltr'>itu</span> <span class='ocrx_word' id='word_1_577' title='bbox 859 2671 957 2701; x_wconf 74' lang='lat' dir='ltr'>trudit,</span> <span class='ocrx_word' id='word_1_578' title='bbox 987 2671 1121 2703; x_wconf 72' lang='lat' dir='ltr'>quomodo</span> <span class='ocrx_word' id='word_1_579' title='bbox 1146 2680 1192 2696; x_wconf 64' lang='lat' dir='ltr'>cus</span> <span class='ocrx_word' id='word_1_580' title='bbox 1217 2671 1353 2696; x_wconf 70' lang='lat' dir='ltr'>Germani</span> <span class='ocrx_word' id='word_1_581' title='bbox 1376 2671 1591 2697; x_wconf 77' lang='lat' dir='ltr'>arbitrabantur</span> <span class='ocrx_word' id='word_1_582' title='bbox 1607 2670 1708 2703; x_wconf 70' lang='lat' dir='ltr'>saetas</span> <span class='ocrx_word' id='word_1_583' title='bbox 1731 2678 1796 2702; x_wconf 68' lang='lat' dir='ltr'>esse,</span> <span class='ocrx_word' id='word_1_584' title='bbox 1825 2678 1907 2704; x_wconf 80' lang='lat' dir='ltr'>quam</span> <span class='ocrx_word' id='word_1_585' title='bbox 1937 2678 2003 2704; x_wconf 82' lang='lat' dir='ltr'>quo-</span> 
     </span>
     <span class='ocr_line' id='line_1_53' title="bbox 359 2720 2003 2756; baseline 0.001 -11"><span class='ocrx_word' id='word_1_586' title='bbox 359 2722 437 2747; x_wconf 80' lang='lat' dir='ltr'>modo</span> <span class='ocrx_word' id='word_1_587' title='bbox 462 2730 490 2746; x_wconf 85' lang='lat' dir='ltr'>rc</span> <span class='ocrx_word' id='word_1_588' title='bbox 514 2730 578 2746; x_wconf 71' lang='lat' dir='ltr'>vern</span> <span class='ocrx_word' id='word_1_589' title='bbox 601 2726 695 2754; x_wconf 68' lang='lat' dir='ltr'>yrslac</span> <span class='ocrx_word' id='word_1_590' title='bbox 717 2725 788 2746; x_wconf 71' lang='lat' dir='ltr'>sunl.</span> <span class='ocrx_word' id='word_1_591' title='bbox 844 2720 887 2753; x_wconf 76' lang='lat' dir='ltr'>Cf.</span> <span class='ocrx_word' id='word_1_592' title='bbox 913 2722 983 2747; x_wconf 71' lang='lat' dir='ltr'>Ann-</span> <span class='ocrx_word' id='word_1_593' title='bbox 1010 2722 1162 2749; x_wconf 56' lang='lat' dir='ltr'>lter-rlwldi.</span> <span class='ocrx_word' id='word_1_594' title='bbox 1193 2724 1247 2749; x_wconf 61' lang='lat' dir='ltr'>SS.</span> <span class='ocrx_word' id='word_1_595' title='bbox 1273 2722 1300 2754; x_wconf 73' lang='grc' dir='ltr'>Γ,</span> <span class='ocrx_word' id='word_1_596' title='bbox 1323 2732 1352 2756; x_wconf 86' lang='lat' dir='ltr'>p.</span> <span class='ocrx_word' id='word_1_597' title='bbox 1373 2723 1451 2755; x_wconf 59' lang='lat'>‘2865</span> <span class='ocrx_word' id='word_1_598' title='bbox 1481 2723 1552 2748; x_wconf 78' lang='lat' dir='ltr'>Ann.</span> <span class='ocrx_word' id='word_1_599' title='bbox 1577 2722 1727 2750; x_wconf 76' lang='lat' dir='ltr'>Lamberri.</span> <span class='ocrx_word' id='word_1_600' title='bbox 1757 2721 1812 2748; x_wconf 89' lang='lat' dir='ltr'>SS.</span> <span class='ocrx_word' id='word_1_601' title='bbox 1837 2720 1864 2753; x_wconf 79' lang='lat' dir='ltr'>V,</span> <span class='ocrx_word' id='word_1_602' title='bbox 1885 2730 1916 2755; x_wconf 85' lang='lat' dir='ltr'>p.</span> <span class='ocrx_word' id='word_1_603' title='bbox 1933 2720 2003 2747; x_wconf 75' lang='lat'>254.</span> 
     </span>
     <span class='ocr_line' id='line_1_54' title="bbox 357 2771 2004 2807; baseline 0 -9"><span class='ocrx_word' id='word_1_604' title='bbox 357 2777 381 2798; x_wconf 85' lang='lat' dir='ltr'>e!</span> <span class='ocrx_word' id='word_1_605' title='bbox 406 2773 483 2804; x_wconf 62' lang='lat'>⁶2:35,-</span> <span class='ocrx_word' id='word_1_606' title='bbox 516 2773 640 2806; x_wconf 57' lang='grc' dir='ltr'>Περί-τίν.</span> <span class='ocrx_word' id='word_1_607' title='bbox 664 2771 716 2803; x_wconf 88' lang='lat' dir='ltr'>IV,</span> <span class='ocrx_word' id='word_1_608' title='bbox 745 2773 813 2799; x_wconf 68' lang='lat'>1221.</span> <span class='ocrx_word' id='word_1_609' title='bbox 936 2774 965 2805; x_wconf 76' lang='lat'>2)</span> <span class='ocrx_word' id='word_1_610' title='bbox 995 2773 1027 2797; x_wconf 88' lang='lat' dir='ltr'>Iu</span> <span class='ocrx_word' id='word_1_611' title='bbox 1058 2783 1156 2807; x_wconf 73' lang='lat' dir='ltr'>euany.</span> <span class='ocrx_word' id='word_1_612' title='bbox 1181 2774 1198 2800; x_wconf 83' lang='lat' dir='ltr'>l.</span> <span class='ocrx_word' id='word_1_613' title='bbox 1218 2774 1258 2806; x_wconf 88' lang='lat' dir='ltr'>II,</span> <span class='ocrx_word' id='word_1_614' title='bbox 1282 2774 1351 2799; x_wconf 77' lang='lat' dir='ltr'>hom.</span> <span class='ocrx_word' id='word_1_615' title='bbox 1372 2773 1484 2805; x_wconf 72' lang='lat' dir='ltr'>XXVI,</span> <span class='ocrx_word' id='word_1_616' title='bbox 1508 2776 1523 2804; x_wconf 66' lang='grc' dir='ltr'><strong>ξ</strong></span> <span class='ocrx_word' id='word_1_617' title='bbox 1548 2775 1574 2806; x_wconf 73' lang='lat'>5,</span> <span class='ocrx_word' id='word_1_618' title='bbox 1601 2773 1672 2807; x_wconf 81' lang='lat' dir='ltr'>Opp.</span> <span class='ocrx_word' id='word_1_619' title='bbox 1697 2773 1740 2799; x_wconf 82' lang='lat' dir='ltr'>ed.</span> <span class='ocrx_word' id='word_1_620' title='bbox 1766 2772 1880 2806; x_wconf 81' lang='lat' dir='ltr'>Bcned.‚</span> <span class='ocrx_word' id='word_1_621' title='bbox 1911 2772 2004 2798; x_wconf 67' lang='lat' dir='ltr'>Paria.</span> 
     </span>
     <span class='ocr_line' id='line_1_55' title="bbox 361 2823 1838 2859; baseline 0 -10"><span class='ocrx_word' id='word_1_622' title='bbox 361 2824 448 2856; x_wconf 72' lang='lat'>1705,</span> <span class='ocrx_word' id='word_1_623' title='bbox 475 2824 497 2856; x_wconf 81' lang='lat' dir='ltr'>I,</span> <span class='ocrx_word' id='word_1_624' title='bbox 521 2825 572 2850; x_wconf 81' lang='lat' dir='ltr'>col.</span> <span class='ocrx_word' id='word_1_625' title='bbox 596 2824 682 2850; x_wconf 73' lang='lat'>1555.</span> <span class='ocrx_word' id='word_1_626' title='bbox 762 2824 791 2857; x_wconf 60' lang='lat'>23)</span> <span class='ocrx_word' id='word_1_627' title='bbox 816 2824 882 2850; x_wconf 62' lang='lat' dir='ltr'>laid.</span> <span class='ocrx_word' id='word_1_628' title='bbox 903 2824 1020 2857; x_wconf 74' lang='lat' dir='ltr'>Elymnl.</span> <span class='ocrx_word' id='word_1_629' title='bbox 1045 2825 1062 2852; x_wconf 88' lang='grc' dir='ltr'>Ι,</span> <span class='ocrx_word' id='word_1_630' title='bbox 1087 2824 1165 2857; x_wconf 85' lang='lat' dir='ltr'>l&#39;III,</span> <span class='ocrx_word' id='word_1_631' title='bbox 1187 2826 1210 2857; x_wconf 90' lang='lat' dir='ltr'>l,</span> <span class='ocrx_word' id='word_1_632' title='bbox 1230 2826 1256 2857; x_wconf 82' lang='lat' dir='ltr'>G,</span> <span class='ocrx_word' id='word_1_633' title='bbox 1284 2824 1354 2859; x_wconf 84' lang='lat' dir='ltr'>Opp.</span> <span class='ocrx_word' id='word_1_634' title='bbox 1380 2825 1422 2851; x_wconf 81' lang='lat' dir='ltr'>ed.</span> <span class='ocrx_word' id='word_1_635' title='bbox 1440 2825 1580 2851; x_wconf 71' lang='lat' dir='ltr'>Aret-alus</span> <span class='ocrx_word' id='word_1_636' title='bbox 1603 2828 1622 2851; x_wconf 83' lang='lat' dir='ltr'>t.</span> <span class='ocrx_word' id='word_1_637' title='bbox 1640 2824 1699 2857; x_wconf 86' lang='lat'>111,</span> <span class='ocrx_word' id='word_1_638' title='bbox 1718 2833 1749 2858; x_wconf 84' lang='lat' dir='ltr'>p.</span> <span class='ocrx_word' id='word_1_639' title='bbox 1767 2823 1838 2850; x_wconf 81' lang='grc'><strong>347.</strong></span> 
     </span>
    </p>
   </div>
   <div class='ocr_carea' id='block_1_13' title="bbox 2028 720 2054 738">
    <p class='ocr_par' dir='ltr' id='par_1_13' title="bbox 2028 720 2054 738">
     <span class='ocr_line' id='line_1_56' title="bbox 2028 720 2054 738; baseline 0 0"><span class='ocrx_word' id='word_1_640' title='bbox 2028 720 2054 738; x_wconf 84' lang='lat'>10</span> 
     </span>
    </p>
   </div>
   <div class='ocr_carea' id='block_1_14' title="bbox 2028 977 2054 996">
    <p class='ocr_par' dir='ltr' id='par_1_14' title="bbox 2028 977 2054 996">
     <span class='ocr_line' id='line_1_57' title="bbox 2028 977 2054 996; baseline 0 0"><span class='ocrx_word' id='word_1_641' title='bbox 2028 977 2054 996; x_wconf 84' lang='lat'>15</span> 
     </span>
    </p>
   </div>
   <div class='ocr_carea' id='block_1_15' title="bbox 2026 1236 2053 1254">
    <p class='ocr_par' dir='ltr' id='par_1_15' title="bbox 2026 1236 2053 1254">
     <span class='ocr_line' id='line_1_58' title="bbox 2026 1236 2053 1254; baseline 0 0"><span class='ocrx_word' id='word_1_642' title='bbox 2026 1236 2053 1254; x_wconf 73' lang='lat'>2⁰</span> 
     </span>
    </p>
   </div>
   <div class='ocr_carea' id='block_1_16' title="bbox 2025 1495 2054 1514">
    <p class='ocr_par' dir='ltr' id='par_1_16' title="bbox 2025 1495 2054 1514">
     <span class='ocr_line' id='line_1_59' title="bbox 2025 1495 2054 1514; baseline 0 0"><span class='ocrx_word' id='word_1_643' title='bbox 2025 1495 2054 1514; x_wconf 78' lang='lat'>25</span> 
     </span>
    </p>
   </div>
   <div class='ocr_carea' id='block_1_17' title="bbox 2026 1755 2054 1774">
    <p class='ocr_par' dir='ltr' id='par_1_17' title="bbox 2026 1755 2054 1774">
     <span class='ocr_line' id='line_1_60' title="bbox 2026 1755 2054 1774; baseline 0 0"><span class='ocrx_word' id='word_1_644' title='bbox 2026 1755 2054 1774; x_wconf 73' lang='lat'>80</span> 
     </span>
    </p>
   </div>
   <div class='ocr_carea' id='block_1_18' title="bbox 2025 2013 2054 2033">
    <p class='ocr_par' dir='ltr' id='par_1_18' title="bbox 2025 2013 2054 2033">
     <span class='ocr_line' id='line_1_61' title="bbox 2025 2013 2054 2033; baseline 0 0"><span class='ocrx_word' id='word_1_645' title='bbox 2025 2013 2054 2033; x_wconf 72' lang='lat'>³5</span> 
     </span>
    </p>
   </div>
   <div class='ocr_carea' id='block_1_19' title="bbox 2025 2366 2052 2386">
    <p class='ocr_par' dir='ltr' id='par_1_19' title="bbox 2025 2366 2052 2386">
     <span class='ocr_line' id='line_1_62' title="bbox 2025 2366 2052 2386; baseline 0 0"><span class='ocrx_word' id='word_1_646' title='bbox 2025 2366 2052 2386; x_wconf 71' lang='lat'>(0</span> 
     </span>
    </p>
   </div>
   <div class='ocr_carea' id='block_1_20' title="bbox 2024 2624 2051 2644">
    <p class='ocr_par' dir='ltr' id='par_1_20' title="bbox 2024 2624 2051 2644">
     <span class='ocr_line' id='line_1_63' title="bbox 2024 2624 2051 2644; baseline 0 0"><span class='ocrx_word' id='word_1_647' title='bbox 2024 2624 2051 2644; x_wconf 68' lang='lat'>{5</span> 
     </span>
    </p>
   </div>
  </div>
 </body>
</html>
