2132 3067
529 151 566 179 X.
600 152 651 177 DE
674 151 1021 181 EXCOMMUNICATIS
1045 154 1228 182 VITANDIS
1251 156 1332 183 ETC.
1690 156 1746 185 115

110 240 209 280 ceptis
231 249 296 269 esse
321 237 514 278 diffinitum,
537 240 624 281 quod
646 241 805 280 scriptum
829 246 891 271 est:
914 241 1023 271 ‘Beati
1045 254 1160 281 omnes,
1184 246 1240 285 qui
1263 245 1430 284 confidunt
1454 247 1487 276 in
1512 248 1618 277 eunzil’
1669 248 1744 278 Acsi
1766 259 1832 280 Ps.2,
1847 259 1877 277 13⁷

109 290 238 329 diceret,
270 290 341 331 quis
365 289 415 320 vel
438 289 620 321 huiusmodi
644 290 743 331 lapsis
767 290 909 321 divinam
933 293 1187 324 misericordiam
1212 295 1422 327 intercludere
1451 297 1564 337 valeat,
1594 299 1692 340 quina
1715 306 1745 330 et
1779 305 1783 308 ’

109 342 170 383 ipsi
193 341 256 372 sint
279 341 376 381 beati,
399 341 425 371 si
450 341 482 371 in
506 341 648 372 Domino
673 341 879 372 confidantb‘?

211 391 309 434 Apud
333 392 505 422 modernos
530 398 637 424 tamen
660 392 748 423 locus
772 394 968 434 penitentiae
991 393 1077 425 illiso
1100 407 1163 427 non
1187 404 1331 438 negatur.
1361 399 1434 440 quia
1463 399 1542 430 adeo
1566 411 1744 442 usquequa·
1766 410 1797 435 (ε)

76 457 89 476 5
109 455 170 486 que
194 444 334 474 humana
357 444 500 484 pravitas
524 443 658 474 invaluit
681 449 711 474 et
735 444 848 485 iugum
871 446 1023 486 antiquae
1047 446 1234 488 disciplinae
1257 448 1386 490 abiecit,
1415 458 1449 480 ut
1478 457 1587 481 sancta
1610 451 1745 482 aeclesia

107 496 169 526 iam
194 494 330 525 multum
353 494 519 535 gauderet,
550 495 575 525 si
600 494 651 525 vel
674 495 719 525 ita
742 494 837 525 modo
862 497 1051 536 resipiscere
1075 497 1201 529 vellent.
1249 499 1345 531 Novit
1376 502 1458 531 enim
1484 502 1545 532 Dei
1570 503 1744 532 misericor-

108 547 193 578 diam
217 546 256 576 ad
281 545 514 586 indulgendum
538 546 813 587 promptissimam
842 557 901 576 nec
930 547 1064 578 multum
1090 548 1209 580 distare
1233 551 1319 591 apud
1344 551 1458 591 Deum,
1487 563 1549 594 qua
1577 554 1744 584 severitate

106 597 156 629 vel
185 597 316 628 lenitate
346 597 438 628 iuxta
467 597 689 628 diversitatem
718 602 898 638 temporum
931 605 1065 639 peccata
1095 602 1278 641 puniantur,
1309 603 1333 632 si
1366 604 1509 633 tantumd
1534 612 1682 644 peccator
1705 615 1745 634 ex

107 654 173 681 toto
197 648 294 680 corde
318 654 532 680 convertatur.

63 713 90 732 ιο
213 699 278 731 Sed
301 704 333 730 et
356 700 416 730 hoc
440 698 609 730 nonnullos
641 704 758 737 movet,
791 699 875 741 quod
907 701 1019 732 beatus
1042 701 1268 733 Innocentius¹
1295 714 1380 745 papa
1403 704 1545 735 scribens
1570 705 1744 736 Victi-icioe
1765 718 1793 741 ω)

58 774 63 780 .
108 751 359 793 Rotomagensif
390 752 544 793 episcopo
573 752 686 782 asserit
716 751 875 792 virginem
906 752 976 783 Deo
1006 758 1161 783 sacratam
1193 754 1233 785 ad
1262 754 1418 795 agendam
1450 756 1657 796 penitentiam
1682 767 1744 786 non

107 814 175 835 esse
198 802 440 843 admittendam,
464 804 490 833 si
514 803 661 844 nupserit
683 808 745 833 eog
768 803 905 843 vivente,
931 804 984 844 qui
1008 814 1077 834 eam
1104 806 1278 846 corrupith.
1328 806 1379 836 Ita
1400 808 1498 843 enim,
1522 807 1634 848 inquit,
1658 813 1684 837 et
1710 803 1743 837 in
1787 846 1790 847 ⁷

107 855 269 895 coniugiis
300 854 498 894 observatur,
528 859 563 884 ut
581 854 716 894 femina
740 854 862 884 vivente
886 856 955 885 viro
981 855 1041 885 alii
1064 861 1166 897 nupta
1192 857 1236 886 ad
1259 858 1420 898 ayenclam
1441 860 1655 899 penitentium
1680 870 1742 889 non

106 907 308 945 admittatur,
332 905 492 947 quamdiu
517 906 646 936 adulter
668 906 796 936 vixerit.
830 904 871 936 Et
895 904 954 936 hoe
977 906 1088 947 utique
1111 907 1217 947 rigore
1235 908 1340 949 potius
1357 907 1554 949 disciplinae,
1575 920 1669 950 quam
1694 910 1746 939 de-

61 969 88 988 15
105 957 285 998 speratione
308 957 420 987 veniae
444 956 623 988 institutum
649 955 802 987 debemus
826 956 1019 997 intellegere,
1049 957 1210 997 videlicet,
1240 964 1274 989 ut
1296 958 1439 990 homines
1462 959 1528 990 veli
1555 971 1573 990 a
1596 959 1649 990 tsili
1675 971 1745 1000 pec-

106 1014 177 1040 cato
200 1013 372 1047 cessarent,
396 1008 482 1050 quod
507 1013 538 1038 et
559 1008 665 1039 locum
690 1007 884 1049 penitentiae
908 1008 968 1039 sibi
990 1009 1204 1040 intercludere
1221 1020 1283 1040 non
1300 1011 1493 1051 ignorarent.
1539 1010 1623 1041 Satis
1640 1017 1745 1042 autem

106 1071 247 1101 congrue
277 1059 462 1090 huiusmodi
492 1059 631 1090 feminae
660 1058 701 1090 ad
731 1059 890 1099 agendam
922 1061 1130 1101 penitentiam
1163 1062 1255 1102 quasi
1284 1061 1434 1103 indignae
1471 1067 1674 1103 reputantur,
1709 1073 1745 1093 eo

106 1112 308 1153 potissimum
333 1116 490 1153 tempore,
514 1122 586 1142 cum
611 1110 717 1141 adbuc
740 1111 887 1149 vivuntk,
919 1122 991 1142 cum
1023 1112 1141 1153 quibus
1165 1123 1355 1154 peccavere:
1386 1114 1460 1155 quia
1484 1119 1514 1144 et
1538 1119 1612 1144 tunc
1637 1113 1675 1144 de
1700 1115 1745 1144 eis

105 1168 214 1194 sancta
243 1162 381 1194 aeclesia
412 1161 504 1204 plus¹
530 1161 772 1193 scandalizat-im
804 1161 893 1202 solet,
925 1173 998 1193 eum
1028 1169 1195 1204 peccatum
1225 1175 1334 1194 earum
1359 1176 1421 1195 non
1441 1164 1546 1195 solum
1572 1175 1628 1206 per
1649 1166 1744 1206 ipsas,

60 1225 88 1245 ιο
104 1214 158 1246 sed
183 1220 214 1245 et
236 1225 295 1256 per
317 1215 510 1255 presentiam
534 1214 796 1251 fornicatorum,
821 1213 951 1245 cottidie
975 1214 1167 1255 publicatur.

209 1265 282 1296 Non
306 1265 409 1296 solum
432 1271 538 1296 autem
562 1266 594 1296 in
618 1265 780 1307 predictis,
804 1265 859 1296 sed
884 1271 915 1296 et
938 1266 968 1295 in
992 1265 1063 1297 aliis
1087 1277 1245 1297 canonum
1263 1266 1389 1297 iudiciis
1413 1266 1574 1308 profectus
1597 1266 1744 1298 aeclesia·
1764 1279 1811 1305 (ιο)

105 1318 204 1349 sticae
227 1316 418 1359 disciplinae
442 1317 645 1358 potissimum
670 1317 867 1357 adtenditur-3
897 1323 931 1347 ut
955 1323 986 1347 et
1009 1318 1063 1358 qui
1087 1323 1304 1358 peccaverunt
1327 1319 1538 1359 corrigantur,
1560 1324 1591 1350 et
1617 1318 1680 1357 alii,
1704 1329 1743 1349 ne

105 1374 248 1412 peccent,
279 1368 511 1400 deterreantur.
563 1367 650 1398 Hinc
681 1374 738 1407 est,
770 1368 854 1409 quod
886 1368 1016 1410 quidam
1049 1379 1133 1399 nunc
1162 1368 1226 1399 VII
1256 1375 1362 1400 nunc⁰
1386 1369 1416 1400 X
1441 1371 1542 1410 annis,
1571 1369 1742 1412 aliquando

106 1421 202 1452 etiam
227 1431 329 1462 usque
351 1419 392 1451 ad
416 1420 512 1451 finem
535 1420 630 1458 vitae,
659 1430 716 1461 pro
740 1420 806 1450 suis
829 1419 1016 1451 criminibus
1039 1421 1080 1451 ab
1104 1420 1321 1451 aeclesiastica
1343 1422 1567 1452 communione
1596 1432 1743 1462 separan-

60 1485 87 1504 τε,
105 1479 172 1512 tu1·;
205 1472 260 1514 qui
290 1477 322 1503 et
350 1471 488 1502 libenter
516 1470 576 1502 sub
608 1470 667 1501 hac
697 1471 899 1502 districtione
922 1472 1040 1502 debent
1062 1471 1219 1511 laborare,
1250 1483 1312 1502 non
1336 1471 1448 1509 solum,
1474 1478 1507 1503 ut
1530 1478 1664 1513 peccata
1687 1483 1744 1503 sua

105 1523 237 1563 diluant,
260 1522 317 1554 sed
339 1524 445 1557 etiam,
475 1528 509 1553 ut
539 1528 670 1553 sanctae
693 1522 755 1554 Dei
779 1522 934 1554 aeclesiae
958 1523 1158 1554 satisfaciant
1187 1533 1321 1565 eamque
1344 1522 1406 1553 sibi
1429 1523 1634 1554 reconcilient
1659 1525 1744 1565 peni-

105 1575 212 1614 tendo,
236 1585 332 1617 quam
357 1573 656 1604 scandalizaverunt
679 1573 904 1619 delinquendo,

208 1625 295 1657 Nulli
326 1631 433 1657 tamen
464 1636 575 1656 eorum
603 1625 655 1656 ille
686 1637 839 1656 numerus
868 1636 1024 1656 annorum
1056 1626 1224 1667 precludit,
1254 1626 1352 1667 quina
1374 1633 1404 1657 et
1433 1633 1506 1657 ante
1529 1625 1742 1666 expletionem
1765 1636 1810 1660 (υ)

105 1689 215 1709 eorum
240 1677 331 1708 Deus
353 1677 398 1708 eis
421 1676 588 1718 indulgere
612 1676 718 1708 valeat
740 1682 771 1708 et
794 1677 904 1715 soleat,
933 1678 959 1707 si
989 1677 1085 1719 digne
1109 1678 1311 1718 penituerint,
1343 1678 1432 1708 iuxta
1455 1677 1531 1708 illud
1556 1677 1640 1708 beati
1666 1676 1744 1707 Leo-

61 1743 88 1763 so
104 1730 176 1760 nis²
199 1740 318 1771 papae:
345 1727 443 1769 Quia,
466 1729 580 1770 inquit,
603 1730 852 1760 misericor-cline
875 1729 940 1759 Dei
968 1741 1024 1760 nec
1052 1740 1222 1759 mensura-S·
1247 1740 1420 1769 possumus
1446 1740 1568 1770 ponere
1592 1740 1648 1758 nec
1671 1734 1742 1758 tem-

101 1788 187 1823 pora
209 1780 369 1822 dzffinire,
401 1780 495 1822 apud
524 1791 615 1821 quem
646 1780 756 1817 nullas
784 1792 894 1811 moras
922 1782 1053 1821 patitur
1083 1781 1217 1811 veniaev
1247 1782 1420 1813 conversio.
1474 1779 1567 1810 Unde
1589 1786 1620 1810 et
1643 1780 1744 1809 sancti

104 1838 213 1875 patres
236 1832 320 1862 hunc
344 1841 512 1862 numerum
543 1842 710 1869 annorum,
741 1831 767 1861 si
796 1837 903 1862 tamen
927 1831 1165 1862 aeclesiasticae
1187 1831 1374 1872 disciplinae
1402 1842 1463 1862 non
1488 1831 1600 1870 obfuit,
1630 1829 1741 1860 multo-

105 1884 186 1915 tiens
209 1882 474 1925 anticipandum‘l
502 1883 534 1913 in
562 1883 822 1914 reconciliatione
847 1888 1041 1913 censuerunt
1069 1883 1100 1912 in
1131 1882 1179 1912 his
1208 1882 1374 1922 duntaxat,
1404 1883 1458 1924 qui
1482 1882 1578 1923 digne
1601 1882 1743 1922 penitue-

106 1942 189 1966 runt.
233 1934 325 1974 Nam,
356 1940 391 1965 ut
419 1934 533 1966 beatus
556 1935 758 1976 Augustinus
790 1935 820 1964 in
850 1945 907 1964 suo
938 1933 1159 1964 enchiridion³
1184 1938 1328 1972 testatur,
1354 1934 1389 1964 in
1414 1934 1538 1964 actione
1562 1932 1743 1962 huiusmodi

61 1988 88 2020 ab
106 1987 300 2029 penitentiae
333 1997 398 2016 non
427 1990 491 2016 tam
524 1997 676 2016 mensura
706 1986 858 2026 temporis
890 1996 986 2026 quam
1021 1985 1138 2015 doloris
1169 1984 1372 2015 adtendenda
1403 1990 1460 2015 est.
1520 1984 1597 2014 Item
1632 1984 1742 2013 beatus

105 2037 331 2069 Innocentius⁴
354 2048 453 2079 papa:
483 2037 532 2068 De
559 2038 714 2078 pondere,
745 2037 856 2078 inquit,
883 2041 1090 2077 peccatorum
1113 2036 1292 2067 estimando
1316 2035 1490 2066 sacerdotis
1514 2040 1559 2066 est
1583 2034 1741 2072 iudicare,

105 2094 141 2120 ut
163 2089 343 2120 adtendam
367 2089 411 2119 ad
435 2089 667 2130 confessionem
687 2089 863 2130 penitentis
886 2088 928 2118 ieti
956 2087 1000 2118 ad
1020 2088 1120 2128 fletus
1143 2092 1171 2117 et
1195 2087 1256 2117 ad*
1282 2086 1438 2117 lacrimas
1461 2086 1671 2127 co⁷·rig]e11tis,·
1703 2097 1742 2115 ac

105 2146 171 2172 tum
193 2141 300 2172 iubere
322 2141 453 2180 dimitti,
477 2152 548 2171 cum
572 2140 689 2170 viderit
712 2150 893 2180 conymam
916 2139 1184 2179 satisfactionem.
1230 2138 1315 2168 Hinc
1332 2143 1362 2168 et
1379 2137 1534 2167 Nicenum
1552 2136 1742 2167 concilium⁵

105 2191 220 2234 lapsos,
240 2202 324 2234 quos
346 2192 484 2222 triennio
508 2192 590 2231 inter
614 2190 852 2222 cathecuminos
874 2195 906 2221 et
929 2195 1039 2231 postea
1062 2189 1215 2220 decennio
1238 2189 1320 2220 inter
1343 2189 1520 2230 penitentes
1543 2187 1642 2227 affligi
1669 2198 1742 2217 con-

61 2255 89 2274 ιο
105 2244 216 2284 stituit,
239 2243 280 2274 ab
303 2243 465 2285 episcopis
489 2242 660 2272 humanius
683 2242 813 2272 tractari
837 2242 1002 2279 concessit,
1026 2242 1051 2271 si
1076 2251 1147 2271 cum
1171 2241 1258 2271 m'etu
1281 2246 1312 2271 et
1334 2239 1483 2279 lacrimis,
1510 2250 1572 2269 non
1596 2238 1742 2269 simulate

106 2294 161 2326 sed
191 2296 350 2326 veraciter
379 2294 589 2335 penituerint:
618 2292 746 2334 tepidos
774 2299 881 2324 autem
909 2298 939 2323 et
967 2291 1186 2333 neglegentius
1217 2291 1394 2333 penitentes
1417 2290 1589 2321 diffinitum
1614 2296 1741 2330 tempus

107 2345 273 2377 omnibus⁵
301 2345 407 2376 modis
434 2345 568 2387 implere
598 2344 775 2375 constituit.
826 2343 886 2375 Cui
917 2344 1093 2375 sententiae
1116 2343 1228 2374 beatus
1252 2343 1482 2374 leronimus2-⁰
1506 2341 1743 2372 evidentissime

217 2432 244 2462 a)
266 2432 372 2465 quando
393 2433 419 2456 8.
512 2432 540 2463 b)
564 2431 701 2456 confidunt
722 2432 746 2455 8.
842 2431 866 2461 c)
886 2431 913 2454 in
934 2430 1050 2454 aeclesia
1070 2430 1132 2454 add.
1154 2430 1179 2453 8.
1268 2430 1294 2459 d)
1316 2433 1406 2452 tamen
1426 2429 1450 2452 8.
1545 2428 1568 2459 e)
1591 2428 1697 2451 Victrici
1717 2428 1741 2450 8.

106 2477 128 2509 f)
148 2485 189 2509 ep.
209 2478 270 2503 Rot.
291 2478 315 2503 8.
419 2478 446 2510 g)
468 2486 492 2502 v.
514 2486 545 2502 eo
566 2478 591 2502 8.
694 2477 721 2508 h)
745 2477 891 2508 corruperit
910 2476 934 2500 8.
1038 2476 1056 2506 i)
1079 2475 1148 2499 deese
1169 2475 1193 2499 8.
1296 2474 1323 2504 k)
1345 2475 1434 2498 vivant
1455 2474 1479 2498 8.
1587 2474 1604 2504 l)
1627 2474 1697 2497 deest
1719 2473 1742 2496 7.

61 2529 88 2548 ⁴⁵
109 2523 145 2554 m)
167 2524 289 2548 scandar.
309 2524 336 2548 8.
422 2524 450 2555 n)
473 2524 624 2548 man'torum
645 2523 671 2556 8.
759 2524 784 2554 0)
808 2530 870 2546 ann.
891 2530 916 2546 n.
937 2521 969 2545 X.
990 2521 1015 2546 8.
1104 2521 1131 2552 p)
1153 2528 1216 2544 vera
1235 2520 1298 2544 add.
1318 2519 1381 2544 Leo.
1474 2519 1500 2551 q)
1522 2520 1549 2542 in
1569 2527 1621 2542 rec.
1643 2522 1696 2542 ant.
1718 2518 1742 2542 8.

108 2569 130 2601 r)
149 2572 196 2594 att.
217 2569 242 2594 8.
317 2569 341 2601 s)
363 2577 398 2594 m.
419 2577 443 2593 o.
465 2569 490 2593 8.
566 2570 589 2600 t)
609 2569 786 2594 Ieroninimus
806 2568 831 2592 8.

214 2644 243 2676 1)
265 2643 322 2677 Ep.
346 2644 385 2670 ad
413 2639 534 2670 Victric.¹
551 2653 574 2670 c.
602 2643 647 2675 12,
672 2642 771 2668 Mansi
791 2645 811 2668 t.
836 2642 893 2674 III,
918 2641 969 2667 col.
997 2640 1094 2672 1035,·
1115 2637 1201 2672 Jasfe'
1222 2648 1265 2665 nr.
1283 2638 1353 2665 286.
1441 2638 1470 2669 2)
1494 2638 1548 2671 Ep.
1575 2637 1640 2668 108,
1666 2618 1693 2662 c..
1713 2636 1739 2667 4,

108 2693 152 2720 ed·
171 2693 279 2722 Bauer.
303 2697 322 2722 t.
338 2695 363 2727 I,
388 2695 438 2722 col.
458 2695 556 2727 1175;
578 2693 662 2726 Jasfe'
685 2702 728 2719 nr.
745 2693 816 2719 485.
882 2692 912 2726 3)
934 2694 948 2723 ξ
967 2691 1013 2723 17,
1041 2690 1112 2725 Opp.
1129 2690 1171 2716 ed.
1189 2690 1294 2716 Bened.
1317 2693 1336 2716 t.
1360 2689 1405 2721 VI,
1429 2689 1480 2715 col.
1498 2688 1567 2714 220.
1633 2688 1662 2720 4)
1685 2687 1740 2719 Ep.

108 2744 147 2770 ad
169 2745 284 2771 Dece-nt.
309 2755 332 2772 c.
350 2745 377 2778 7,
401 2745 501 2772 Manei
521 2748 541 2773 t.
557 2745 616 2777 HI,
640 2745 691 2770 cul.
712 2744 809 2777 1030‚·
831 2742 916 2776 Jasfe
938 2751 980 2769 nr.
998 2742 1069 2768 311.
1147 2741 1177 2775 5)
1201 2740 1231 2769 C.
1251 2740 1296 2772 12,
1319 2748 1390 2766 vere.
1415 2739 1500 2765 Dion.
1576 2738 1605 2771 6)
1630 2738 1739 2763 Decret.

62 2801 90 2822 §o
108 2794 213 2822 Bur-ch.
235 2799 255 2824 t.
277 2796 363 2829 XIX,
387 2805 410 2822 c.
435 2797 471 2822 31
498 2797 546 2831 (ex
568 2795 650 2822 dictis
673 2794 813 2829 Hieron.).

1463 2844 1510 2867 15⁸
