2132 3067
232 831 296 849 ttvhr,
306 832 312 848 Ι
320 831 337 849 1.
346 830 379 849 33.

234 1959 380 1979 Ῡκ.1·ι,3ῖ.’ὶ14.

321 2195 595 2231 .1.-.s)121„xV1111.
633 2197 892 2238 AdhortatiO,
924 2205 964 2230 ut
992 2198 1145 2240 probis
1168 2201 1301 2231 sacris
1325 2199 1608 2241 dogmatibus,
1632 2201 1718 2233 Deo
1741 2212 1814 2232 nos
1837 2202 2030 2234 corrobo-

399 168 458 199 (338
881 164 954 191 PLA
959 164 1037 190 CIDI
1062 161 1240 189 MONACHI
1263 159 1545 188 NONANTULANI

399 261 490 289 ctiam
515 256 647 298 apostoli
672 256 767 286 totius
791 254 900 284 mundi
926 252 998 283 odia
1022 257 1131 281 contra
1153 262 1186 281 se
1210 251 1372 280 concitare
1391 260 1446 290 pro
1465 248 1583 280 Christi
1599 250 1734 280 veritate
1756 260 1821 280 non
1837 251 2030 291 refugientes

398 322 453 340 sna
477 316 575 338 morte
599 318 655 337 nos
679 306 858 337 docuerunt
880 315 938 346 pro
963 303 1089 334 Christo
1119 313 1181 333 non
1211 302 1322 332 timere
1346 305 1376 331 et
1399 306 1533 331 mortem
1556 299 1695 332 libenter
1715 300 1875 342 amplecti.
1919 301 2032 333 Beatia

398 362 488 391 etiam
515 358 667 400 Stephani
697 357 940 399 protomartyris
969 361 999 386 et
1030 354 1172 384 omnium
1202 364 1273 383 eum
1303 352 1505 394 sequentium
1534 356 1710 393 martyrum
1736 351 1855 383 Christi
1883 353 2032 395 exempla

397 410 556 453 quuvnda
580 415 662 449 sunt,
691 409 742 450 qui
773 408 946 438 innumeris
975 412 1005 436 et
1033 404 1202 446 exquisitis
1225 404 1392 434 tormentis
1415 415 1434 434 a
1456 404 1591 434 veritate
1615 402 1741 434 deflecti
1763 414 1826 434 non
1850 412 2032 446 potuerunt.

398 466 477 492 Sunt
500 468 529 491 et
553 461 604 490 alii
630 459 857 490 sacratissimib
882 458 1090 497 confessores,
1123 455 1238 497 quibus
1266 466 1330 486 non
1360 455 1479 486 dictum
1510 461 1568 493 est,
1598 460 1633 486 ut
1656 454 1742 486 idola
1763 455 1946 495 adorarent,
1975 456 2030 488 sed
2051 469 2064 489 ⁶

397 520 428 544 nt
459 513 607 553 :logmata
636 522 724 541 sacra
757 515 929 547 mutarent,
960 509 1052 539 sicuti
1085 507 1196 538 beatus
1227 507 1334 537 extitit
1363 506 1559 536 Athanasius
1589 505 1829 539 Alexandrinae
1857 506 2032 540 aecclesiae

398 564 532 605 praesul,
559 563 698 593 Hilarius
723 562 816 592 etiam
842 561 1074 591 Pictaviensis¹
1100 564 1129 589 et
1154 558 1307 589 Paulinus
1324 558 1545 596 Treverensis,
1570 557 1732 588 Eusebius
1755 559 1888 600 insuper
1903 558 2032 591 Vercel—

397 616 500 649 lvnsis,
526 615 578 656 qni
603 620 712 644 contra
736 615 864 643 Arrium
889 613 1077 643 dimicantes
1101 621 1157 651 pro
1182 610 1316 640 veritate
1341 609 1459 640 Christi
1482 610 1549 651 pati
1573 620 1636 640 non
1660 609 1899 642 dubitaverunt.
1945 611 2032 650 Quin

396 669 489 697 ctiam
515 673 543 696 et
569 665 651 696 beati
677 665 804 695 Martini
829 675 931 705 papae
955 662 1135 702 exemplum
1162 661 1254 692 valde
1279 660 1468 692 imitandum
1494 668 1551 700 est,
1580 661 1634 702 qui
1663 666 1694 692 et
1721 661 1791 702 ipse
1818 672 1876 704 pro
1899 661 1963 694 fide
1986 663 2032 693 in-

397 718 587 749 carnationis
617 717 746 747 Domini
783 715 935 746 exilium⁰
965 721 994 745 et
1023 713 1150 744 vincula
1185 714 1251 755 pati
1282 724 1344 743 non
1376 713 1524 753 1-efugit2.
1577 713 1660 743 sunt
1693 718 1798 743 autem
1832 719 1864 745 et
1896 712 2030 745 aliorum
2052 726 2079 746 ιο

397 768 543 810 exempla
568 774 655 799 tanta
678 772 869 807 sanctorum,
899 773 931 796 ut
960 772 1084 807 tempus
1113 771 1186 796 ante
1214 764 1350 803 deficiat,
1380 774 1475 806 quam
1505 763 1708 795 dinumerare
1731 765 1892 806 possimus
1914 765 2033 797 veteris

398 827 428 851 ct
451 821 522 850 novi
548 819 728 850 testamenti
754 824 871 859 patres,
895 819 961 859 qni,
987 825 1019 847 ut
1043 817 1206 858 apostolus
1229 817 1282 855 ait,
1303 827 1365 858 per
1381 815 1480 855 fidem
1499 817 1647 846 vicerunt
1669 827 1787 858 reyna,
1810 818 1938 858 operati
1958 824 2033 848 sum

400 873 566 911 ius-titiam,
591 871 702 910 adepti
725 875 799 900 sunt
824 870 1099 909 repromissiones.
1135 868 1250 898 Adhuc
1275 873 1382 898 autem
1401 877 1498 897 unum
1517 872 1646 898 sanctae
1669 867 1846 898 aecclesiae
1868 866 2032 908 athletam,

398 923 568 954 Iohannem
593 921 739 952 videlicet
764 920 1037 951 Clirisost01nu1n¹¹
1060 920 1099 950 ad
1125 920 1264 951 medium
1297 918 1504 950 deducamus.
1551 918 1633 957 Quis
1658 919 1690 950 in
1713 924 1836 950 tantum
1859 919 2032 961 perfectus,

397 976 426 1005 in
452 981 571 1004 tantum
590 974 711 1014 Spiritu
736 979 844 1003 sancto
868 971 979 1013 plenus
1002 972 1117 1009 extitit,
1143 977 1177 1002 ut
1199 982 1256 1012 pro
1280 969 1445 1001 cuiusdam
1464 969 1580 1001 viduae
1604 970 1801 1011 defensione,
1823 971 1874 1002 cui
1896 975 2033 1013 augusta
2053 983 2078 1003 ιε
2123 975 2125 980 ’

397 1027 521 1056 vincam
551 1035 639 1055 suam
670 1023 792 1064 tulerat,
824 1035 885 1053 non
915 1023 1075 1054 dubitaret
1101 1034 1170 1053 eam
1194 1033 1330 1063 arguere
1353 1026 1385 1052 et
1406 1021 1545 1053 Iezabeli
1568 1021 1704 1053 similem
1728 1021 1844 1054 dicere.
1867 1021 1940 1054 ·Ad
1963 1022 2034 1053 ulti—

398 1089 480 1107 inum
507 1076 578 1107 odio
595 1075 817 1110 invalescente,
841 1075 916 1116 quia
939 1075 1125 1105 iiiiustitiam
1144 1074 1271 1116 publice
1287 1073 1454 1114 arguebat,
1478 1079 1509 1104 et
1532 1084 1589 1115 pro
1607 1073 1745 1115 quadarn
1762 1074 1913 1116 imagine,
1937 1084 2033 1116 quam

396 1135 531 1167 augusta
552 1129 639 1157 iuxta
655 1126 841 1157 aecclesiam
860 1138 976 1167 ponere
992 1138 1070 1156 ausa
1086 1134 1142 1166 est,
1167 1138 1236 1156 eam
1255 1127 1367 1156 iterum
1386 1124 1513 1166 publice
1529 1125 1719 1167 increpavit,
1743 1124 1879 1156 concilio
1895 1125 2033 1168 pseudo—

396 1168 630 1221 episcoporum,
660 1189 739 1220 quos
770 1179 839 1219 ipse
868 1178 989 1208 dudum
1020 1179 1101 1208 iuste
1131 1178 1370 1219 dampnaverat,
1401 1177 1603 1218 dampnatuS,
1633 1178 1826 1219 imperatore
1854 1177 1950 1208 etiam
1974 1178 2033 1208 Ar-

397 1230 518 1267 chadio,
551 1235 664 1270 agente
693 1241 802 1270 uxore,
838 1235 1059 1271 persequente,
1089 1229 1185 1260 exilio
1217 1229 1368 1267 directus,
1403 1239 1461 1270 pro
1490 1229 1613 1259 iustitia
1639 1229 1720 1259 mori
1748 1239 1813 1260 non
1840 1229 2032 1261 recusavit⁴.
2053 1242 2079 1262 2⁰
2124 1250 2128 1255 ·

397 1283 480 1321 Quid
506 1283 564 1312 iste
590 1283 646 1320 vir,
675 1281 750 1322 quid
782 1282 849 1311 istis
877 1280 990 1312 diebus
1018 1288 1136 1321 ageret,
1166 1280 1294 1322 quando
1324 1279 1479 1312 aecclesia
1506 1286 1572 1311 tota
1595 1279 1746 1320 calcatur,
1779 1281 1834 1322 qui
1855 1291 1915 1323 pro
1938 1281 2034 1312 unius

396 1333 512 1363 viduae
536 1333 721 1363 defensione
746 1333 946 1373 imperatoris
969 1333 1110 1362 animum
1135 1339 1247 1362 contra
1270 1343 1303 1362 se
1326 1343 1427 1374 usque
1450 1331 1490 1362 ad
1507 1338 1643 1363 mortem
1660 1333 1803 1363 excitare
1826 1343 1889 1363 non
1906 1331 2034 1364 timuit?

397 1385 510 1415 Merito
542 1394 670 1415 sanctus
702 1385 904 1415 Innocentius
934 1395 1016 1425 papa
1051 1392 1081 1414 ct
1115 1395 1225 1414 omncs
1261 1383 1474 1414 occidentales
1508 1384 1653 1425 episcopi
1684 1383 1851 1415 audientes
1880 1385 2030 1415 iniustam

399 1448 504 1467 necem
536 1437 612 1467 tanti
644 1436 704 1466 viri
740 1436 816 1466 moti
850 1443 923 1466 sunt.
957 1442 988 1466 ct
1018 1446 1130 1465 omncs
1162 1435 1252 1466 huius
1285 1436 1331 1466 rci
1360 1435 1501 1467 fautores
1533 1434 1736 1466 anathemate
1767 1435 2033 1478 dampnaverunt.

399 1487 550 1518 Moderno
574 1489 667 1517 etiam
693 1492 834 1528 tempore
858 1487 1057 1518 venerandae
1075 1487 1265 1518 memoriaee
1283 1487 1460 1528 Gregorius
1474 1487 1546 1518 VII.
1571 1497 1656 1528 papa
1677 1498 1736 1528 pro
1760 1486 1880 1518 honore
1903 1493 2033 1518 sanetae
2051 1499 2080 1520 25

398 1539 570 1569 aecclesiae
599 1539 753 1569 dimicans
782 1539 895 1569 multas
919 1545 949 1570 et
973 1539 1076 1568 varias
1100 1545 1308 1580 tempestates
1338 1540 1500 1579 sustinuit,
1528 1539 1584 1570 sed
1613 1537 1699 1570 flecti
1724 1550 1787 1570 non
1816 1539 1929 1581 potuit,
1957 1540 2034 1582 quia

398 1591 546 1620 fundatus
575 1597 642 1620 crat
669 1602 765 1631 supra
797 1591 919 1621 firmam
950 1598 1083 1631 petram.
1129 1590 1280 1621 Urbanus
1309 1592 1404 1622 etiam
1435 1591 1503 1622 eius
1530 1601 1701 1622 successor
1722 1591 1764 1622 II.
1789 1589 1873 1622 illius
1895 1601 2034 1632 Sequens

399 1642 590 1682 exemplum,
619 1653 675 1682 pro
702 1642 831 1672 Domini
861 1653 977 1683 sponsa
1008 1641 1106 1673 multa
1135 1643 1279 1684 pericula
1307 1643 1465 1674 sustinere
1493 1653 1556 1673 non
1579 1643 1692 1674 renuit.
1739 1641 1914 1674 Sciendum
1937 1642 2033 1683 enim,

399 1694 473 1734 qnia
496 1694 562 1723 eius
587 1693 784 1734 temporibus:
808 1694 837 1724 in
861 1698 981 1724 tantum
1007 1694 1257 1724 scismatieorum
1282 1695 1464 1736 persecutio
1489 1694 1598 1729 crevit,
1622 1699 1657 1724 ut
1678 1695 1710 1725 in
1727 1693 1866 1736 quodam
1889 1701 2034 1736 tempore

398 1746 427 1775 in
458 1751 520 1775 tota
546 1744 622 1775 urbe
646 1745 789 1775 Romana
817 1746 992 1775 consistere
1023 1756 1084 1775 uon
1114 1745 1277 1776 auderet⁵.
1324 1746 1386 1785 Qui
1418 1752 1525 1777 tamen
1555 1756 1619 1776 non
1648 1747 1756 1784 cessit,
1786 1745 1843 1777 sed
1873 1746 2034 1788 patienter
2053 1757 2081 1778 so

399 1797 511 1831 serens,
536 1795 662 1826 Christo
687 1807 742 1837 pro
766 1808 799 1827 se
823 1797 996 1838 optinente,
1027 1798 1130 1826 omnis
1153 1796 1365 1828 hereticorum
1389 1799 1440 1829 vis
1463 1797 1637 1838 destructa,
1665 1804 1696 1828 et
1718 1798 1788 1838 ipse
1811 1802 1940 1829 sanctae
1963 1807 2033 1828 aec-

398 1847 509 1877 clesiae
534 1847 674 1877 redditus
697 1847 781 1888 apud
809 1848 935 1878 beatum
963 1849 1090 1879 l'etrum
1115 1849 1146 1878 in
1171 1859 1229 1879 sua
1252 1848 1327 1880 sede
1352 1849 1445 1880 beato
1471 1849 1534 1879 fine
1557 1849 1690 1890 quievit.
1734 1848 1800 1880 Nos
1823 1849 1932 1891 itaque
1954 1848 2034 1881 haec

401 1904 578 1929 sanctornm
604 1898 750 1940 exempla
763 1899 783 1939 s,
812 1900 1002 1930 sanctissimi
1027 1906 1144 1941 patres,
1171 1906 1351 1942 sequentes,
1376 1901 1596 1932 custodiamus
1619 1901 1711 1932 iuxta
1733 1900 1955 1942 propheticam
1979 1900 2035 1932 ad—

402 1950 604 1979 monitionem
624 1952 795 1989 veritatem,
819 1958 849 1981 et
866 1951 1032 1982 videamus
1057 1953 1260 1993 aequitatem,
1284 1954 1439 1993 quoniam
1461 1957 1537 1984 sunt
1560 1951 1720 1994 reliquiae
1735 1953 1861 1984 homini
1877 1952 2031 1996 pacifico.

403 2001 520 2030 luins-{i
543 2007 658 2040 zizinni,
689 2003 834 2043 quamvis
863 2003 902 2033 ad
933 2011 1057 2044 tempus
1086 2003 1198 2034 florere
1220 2003 1400 2043 videantur,
1429 2005 1460 2034 in
1488 2009 1653 2036 aeternum
1684 2005 1874 2047 disperient.
1919 2003 2034 2037 Gratia
2050 2015 2079 2037 ³⁵
2125 2002 2129 2011 '

400 2059 501 2081 ami-in
531 2052 599 2083 1)(-1,
627 2064 720 2093 qnam
746 2064 813 2088 nos,
838 2053 909 2085 Deo
933 2054 1082 2094 donante,
1113 2055 1324 2096 defendimus,
1354 2063 1385 2086 et
1415 2056 1465 2086 hic
1488 2061 1519 2087 et
1541 2057 1573 2086 in
1597 2063 1763 2088 aeternum
1790 2067 1848 2087 nos
1871 2056 2032 2089 custodire

400 2103 591 2136 dignabitur.
636 2106 748 2134 Amen.

820 2256 950 2289 rante,
974 2261 1098 2292 usque
1122 2250 1169 2281 ad
1194 2257 1360 2282 mortem
1385 2258 1604 2284 certemus.

504 2307 711 2339 Ata-ndentes
741 2310 857 2351 itaque,
887 2312 1081 2342 sanctissimi
1111 2316 1226 2352 patrm,
1256 2311 1368 2343 horum
1398 2319 1582 2344 sanctorum
1612 2313 1771 2355 exempla,
1799 2318 2030 2356 cognoscentes
2049 2323 2078 2344 ιο

400 2358 491 2387 otiam
518 2359 575 2388 ista
598 2361 810 2391 sacratissima
835 2362 986 2402 dogmata
1009 2367 1138 2394 sanctae
1161 2363 1337 2395 aecclesiae
1360 2364 1400 2395 ab
1424 2365 1494 2406 ipso
1518 2364 1648 2396 domino
1664 2364 1792 2396 Christo
1814 2365 1881 2397 fore
1904 2364 2029 2406 collata,

402 2420 457 2449 pro
481 2410 525 2438 vis
550 2412 756 2450 opsnrvandis
780 2424 878 2454 usquc
902 2413 941 2443 ad
967 2420 1111 2451 mortem,
1135 2414 1206 2445 Deo
1223 2426 1280 2445 nos
1297 2416 1525 2447 corroborante
1548 2423 1579 2448 et
1601 2416 1819 2457 confirmante,
1842 2416 2030 2449 studeamus

401 2467 532 2493 ctu-tarr.
557 2463 632 2491 vorti
650 2462 687 2492 dc
705 2464 920 2495 misericordia
938 2465 1068 2503 Christi,
1092 2466 1145 2507 qui
1169 2467 1272 2507 primo
1297 2469 1428 2508 pastori,
1452 2467 1545 2499 beato
1563 2468 1656 2500 Petro
1672 2467 1817 2510 apostolo
1838 2469 1871 2499 in
1888 2468 2032 2500 iudiciot

509 2572 537 2592 ab
557 2577 570 2591 ο
590 2577 668 2600 unprr
688 2570 733 2594 Iin.
754 2571 815 2595 add.
839 2571 862 2595 Β
875 2573 914 2596 2¹¹.
997 2573 1026 2598 b}
1047 2576 1073 2597 et
1093 2573 1156 2598 add.
1178 2573 1253 2600 82¹.
1340 2574 1366 2601 c)
1387 2583 1483 2607 passus
1503 2575 1576 2605 add..
1595 2576 1642 2601 aed
1660 2575 1712 2601 del.
1733 2575 1808 2601 ΒΞ..
1896 2576 1924 2607 d)
1947 2575 2029 2609 Chry-

402 2617 462 2635 anst.
487 2613 508 2636 li
519 2611 557 2637 (ἐὺ.
633 2624 656 2639 οι
680 2624 756 2639 ιηοῐῃ,
778 2626 844 2641 corr.
866 2626 941 2642 mom.
962 2618 1036 2643 Bau.
1112 2619 1134 2644 st
1154 2621 1275 2652 exemplo
1295 2629 1362 2646 corr.
1383 2622 1505 2654 exempla
1524 2621 1599 2647 132⁸.
1674 2623 1703 2654 g)
1722 2621 1823 2648 indicio
1842 2621 1918 2647 ΒΞ..
2045 2626 2075 2647 ΔΕ

509 2711 534 2736 l»
564 2711 637 2736 Idem
667 2715 813 2747 rxrinpimn
843 2715 871 2739 iri
904 2716 1061 2741 (triliodoza
1091 2717 1250 2750 desen-sione
1276 2727 1363 2752 cupra
1388 2728 1420 2753 p.
1443 2719 1513 2746 540.
1612 2720 1641 2754 2)
1669 2720 1754 2747 Liber
1782 2719 1956 2754 Pontifiealie
1983 2720 2026 2747 ed·

405 2761 545 2786 Ihm-linne-
564 2763 584 2789 Ι.
607 2772 635 2795 1¹·
653 2764 722 2790 31:3³.
788 2766 817 2798 3)
842 2767 950 2798 Nescio,
974 2768 1044 2793 unde
1060 2768 1192 2795 Placidus
1206 2770 1274 2795 haec
1288 2770 1443 2803 sumpseris.
1510 2771 1540 2804 4)
1563 2771 1609 2797 Ea:
1626 2771 1753 2798 Cassiod.
1769 2771 1844 2800 Eiet.
1859 2771 1972 2806 tripart.
1988 2771 2027 2804 X,

402 2822 424 2838 r.
448 2813 490 2843 151,
512 2823 541 2847 J».
560 2814 635 2842 3¹30:
660 2815 727 2839 idem
752 2818 899 2849 air-ruphini
923 2818 950 2842 iri
977 2818 1136 2845 orthodoxa
1160 2820 1320 2853 defensione
1341 2830 1427 2855 supra
1446 2830 1478 2855 p.
1496 2822 1566 2850 540.
1653 2822 1684 2857 5)
1706 2822 1739 2849 A.
1765 2823 1854 2850 1092.
1880 2821 1970 2850 1093.
